[
  {
    "productId": "2238",
    "technicalArticleNumber": "27931",
    "commercialArticleNumber": "27931",
    "name": "Atlantische gerookte zalm",
    "description": "*Aquacultuur uit\nNoorwegen\n*Subtiele rooksmaak\n*5 à 8 sneden\n*ASC",
    "brand": "EVERYDAY",
    "seoBrand": "Everyday",
    "thumbNail": "https://static.colruytgroup.com/images/200x200/std.lang.all/93/30/asset-2509330.jpg",
    "fullImage": "https://static.colruytgroup.com/images/500x500/std.lang.all/93/30/asset-2509330.jpg",
    "squareImage": "https://static.colruytgroup.com/images/500x500sq/std.lang.all/93/30/asset-2509330.jpg",
    "content": "200g",
    "walkRouteSequenceNumber": 7490,
    "price": {
      "basicPrice": 4.99,
      "recommendedQuantity": "1.0",
      "measurementUnitPrice": 24.95,
      "measurementUnit": "K",
      "isRedPrice": false,
      "pricePerUOM": 24.95,
      "activationDate": "23-03-2024",
      "recordSource": "Offline",
      "isPromoActive": "N",
      "priceChangeCode": "E"
    },
    "isAvailable": true,
    "isPriceAvailable": true,
    "inPromo": false,
    "gtin": [
      "15400141895596",
      "05400742580146",
      "05400141043518",
      "05400141352894",
      "05400141895599",
      "05400141101232",
      "05400141215885",
      "15400141215882",
      "15400141854197",
      "15400141941262",
      "15400141939511",
      "15400742289312",
      "05400141609400",
      "15400141609407"
    ],
    "topCategoryName": "Bereidingen/Charcuterie/Vis/Veggie",
    "topCategoryId": "105",
    "businessDomain": "RETAIL_BE",
    "IsPrivateLabel": true,
    "IsBiffe": false,
    "WeightconversionFactor": "0",
    "IsWeightArticle": false,
    "nutriscoreLabel": "D",
    "IsBio": false,
    "CountryOfOrigin": "LITOUWEN",
    "IsExclusivelySoldInLuxembourg": false,
    "OrderUnit": "P",
    "ShortName": "EVD GEROOKT.ZALM200G",
    "IsNew": false,
    "EcoscoreLabel": "D",
    "RecentQuanityOfStockUnits": "20,1",
    "LongName": "EVERYDAY Atlantische gerookte zalm 200g",
    "AlcoholVolume": "0",
    "FicCode": "I",
    "EcoscoreValue": "32"
  },
  {
    "productId": "2056",
    "technicalArticleNumber": "26104",
    "commercialArticleNumber": "26104",
    "name": "bladerdeeg",
    "description": "*Kant- en klaar deeg\n*Geschikt voor zoete\nen hartige\nbereidingen",
    "brand": "BONI",
    "seoBrand": "Boni Selection",
    "thumbNail": "https://static.colruytgroup.com/images/200x200/std.lang.all/03/75/asset-2400375.jpg",
    "fullImage": "https://static.colruytgroup.com/images/500x500/std.lang.all/03/75/asset-2400375.jpg",
    "squareImage": "https://static.colruytgroup.com/images/500x500sq/std.lang.all/03/75/asset-2400375.jpg",
    "content": "230g",
    "walkRouteSequenceNumber": 6053,
    "price": {
      "basicPrice": 0.75,
      "recommendedQuantity": "1.0",
      "measurementUnitPrice": 3.27,
      "measurementUnit": "K",
      "isRedPrice": false,
      "pricePerUOM": 3.27,
      "activationDate": "11-03-2024",
      "recordSource": "Offline",
      "isPromoActive": "N",
      "priceChangeCode": "H"
    },
    "isAvailable": true,
    "isPriceAvailable": true,
    "inPromo": false,
    "gtin": [
      "05400141164503",
      "05400141244465",
      "05400141461046",
      "15400141244462",
      "15400141921691"
    ],
    "topCategoryName": "Bereidingen/Charcuterie/Vis/Veggie",
    "topCategoryId": "105",
    "businessDomain": "RETAIL_BE",
    "IsPrivateLabel": true,
    "IsBiffe": false,
    "WeightconversionFactor": "0",
    "IsWeightArticle": false,
    "nutriscoreLabel": "D",
    "IsBio": false,
    "CountryOfOrigin": "FRANKRIJK",
    "IsExclusivelySoldInLuxembourg": false,
    "OrderUnit": "P",
    "ShortName": "BONI BLADERDEEG 230G",
    "IsNew": false,
    "EcoscoreLabel": "B",
    "RecentQuanityOfStockUnits": "10,1",
    "LongName": "BONI bladerdeeg 230g",
    "AlcoholVolume": "0",
    "FicCode": "I",
    "EcoscoreValue": "61"
  },
  {
    "productId": "643690",
    "technicalArticleNumber": "4338623",
    "commercialArticleNumber": "27120",
    "name": "gerookte spekblokjes",
    "description": "* Herkomst: België\n* Gerookt\n* Culinair (Quiche, ontbijt, salade,\n.)",
    "brand": "EVERYDAY",
    "seoBrand": "Everyday",
    "thumbNail": "https://static.colruytgroup.com/images/200x200/std.lang.all/73/47/asset-2317347.jpg",
    "fullImage": "https://static.colruytgroup.com/images/500x500/std.lang.all/73/47/asset-2317347.jpg",
    "squareImage": "https://static.colruytgroup.com/images/500x500sq/std.lang.all/73/47/asset-2317347.jpg",
    "content": "250g",
    "walkRouteSequenceNumber": 7818,
    "price": {
      "basicPrice": 1.98,
      "recommendedQuantity": "1.0",
      "measurementUnitPrice": 7.92,
      "measurementUnit": "K",
      "isRedPrice": false,
      "pricePerUOM": 7.92,
      "activationDate": "16-01-2024",
      "recordSource": "Offline",
      "isPromoActive": "N",
      "priceChangeCode": "E"
    },
    "isAvailable": true,
    "isPriceAvailable": true,
    "inPromo": false,
    "gtin": [
      "15400141951179",
      "05400141951172",
      "25400141533921",
      "05400141533927"
    ],
    "topCategoryName": "Bereidingen/Charcuterie/Vis/Veggie",
    "topCategoryId": "105",
    "businessDomain": "RETAIL_BE",
    "IsPrivateLabel": true,
    "IsBiffe": false,
    "WeightconversionFactor": "0",
    "IsWeightArticle": false,
    "nutriscoreLabel": "D",
    "IsBio": false,
    "CountryOfOrigin": "BELGIË",
    "IsExclusivelySoldInLuxembourg": false,
    "OrderUnit": "P",
    "ShortName": "EVD GER SPEKBLOKJES 250",
    "IsNew": false,
    "EcoscoreLabel": "C",
    "RecentQuanityOfStockUnits": "1",
    "LongName": "EVERYDAY gerookte spekblokjes 250g",
    "AlcoholVolume": "0",
    "FicCode": "I",
    "EcoscoreValue": "40"
  },
  {
    "productId": "582761",
    "technicalArticleNumber": "4236702",
    "commercialArticleNumber": "27197",
    "name": "Gekookte schouderham",
    "brand": "EVERYDAY",
    "seoBrand": "Everyday",
    "thumbNail": "https://static.colruytgroup.com/images/200x200/std.lang.all/61/63/asset-3356163.jpg",
    "fullImage": "https://static.colruytgroup.com/images/500x500/std.lang.all/61/63/asset-3356163.jpg",
    "squareImage": "https://static.colruytgroup.com/images/500x500sq/std.lang.all/61/63/asset-3356163.jpg",
    "content": "300g",
    "walkRouteSequenceNumber": 7875,
    "price": {
      "basicPrice": 2.47,
      "recommendedQuantity": "1.0",
      "measurementUnitPrice": 8.24,
      "measurementUnit": "K",
      "isRedPrice": false,
      "pricePerUOM": 8.24,
      "activationDate": "20-03-2024",
      "recordSource": "Offline",
      "isPromoActive": "N",
      "priceChangeCode": "H"
    },
    "isAvailable": true,
    "isPriceAvailable": true,
    "inPromo": false,
    "gtin": [
      "05400141364583",
      "15400141364580",
      "15400141559504",
      "05400141559507"
    ],
    "topCategoryName": "Bereidingen/Charcuterie/Vis/Veggie",
    "topCategoryId": "105",
    "businessDomain": "RETAIL_BE",
    "IsPrivateLabel": true,
    "IsBiffe": false,
    "WeightconversionFactor": "0",
    "IsWeightArticle": false,
    "nutriscoreLabel": "D",
    "IsBio": false,
    "CountryOfOrigin": "BELGIË",
    "IsExclusivelySoldInLuxembourg": false,
    "OrderUnit": "P",
    "ShortName": "EVD ONTV.SCHOUDER 300GR",
    "IsNew": false,
    "EcoscoreLabel": "E",
    "RecentQuanityOfStockUnits": "10,1",
    "LongName": "EVERYDAY Gekookte schouderham 300g",
    "AlcoholVolume": "0",
    "FicCode": "I",
    "EcoscoreValue": "12"
  },
  {
    "productId": "464451",
    "technicalArticleNumber": "4032438",
    "commercialArticleNumber": "27767",
    "name": "kipfilet sneden",
    "description": "* België\n* 90% kipfilet\n* Boterham, koude schotel, in salade",
    "brand": "BONI",
    "seoBrand": "Boni Selection",
    "thumbNail": "https://static.colruytgroup.com/images/200x200/std.lang.all/86/50/asset-3348650.jpg",
    "fullImage": "https://static.colruytgroup.com/images/500x500/std.lang.all/86/50/asset-3348650.jpg",
    "squareImage": "https://static.colruytgroup.com/images/500x500sq/std.lang.all/86/50/asset-3348650.jpg",
    "content": "200g",
    "walkRouteSequenceNumber": 7892,
    "price": {
      "basicPrice": 2.06,
      "recommendedQuantity": "1.0",
      "measurementUnitPrice": 10.3,
      "measurementUnit": "K",
      "isRedPrice": false,
      "pricePerUOM": 10.3,
      "activationDate": "23-03-2024",
      "recordSource": "Folder",
      "isPromoActive": "N",
      "priceChangeCode": "E"
    },
    "isAvailable": true,
    "isPriceAvailable": true,
    "inPromo": false,
    "gtin": [
      "05400141605716",
      "05400141246131",
      "05400141376081"
    ],
    "topCategoryName": "Bereidingen/Charcuterie/Vis/Veggie",
    "topCategoryId": "105",
    "businessDomain": "RETAIL_BE",
    "IsPrivateLabel": true,
    "IsBiffe": false,
    "WeightconversionFactor": "0",
    "IsWeightArticle": false,
    "nutriscoreLabel": "B",
    "IsBio": false,
    "CountryOfOrigin": "BELGIË",
    "IsExclusivelySoldInLuxembourg": false,
    "OrderUnit": "P",
    "ShortName": "BONI KIPFILET 200G GV",
    "IsNew": false,
    "EcoscoreLabel": "D",
    "RecentQuanityOfStockUnits": "1",
    "LongName": "BONI kipfilet sneden 200g",
    "AlcoholVolume": "0",
    "FicCode": "I",
    "EcoscoreValue": "30"
  },
  {
    "productId": "83263",
    "technicalArticleNumber": "2946055",
    "commercialArticleNumber": "38786",
    "name": "Ambachtel. ham met zwoerd",
    "description": "*België\n*97 % varkensvlees,\ngekookt\n*Boterham, koude en\nwarme schotels",
    "brand": "EVERYDAY",
    "seoBrand": "Everyday",
    "thumbNail": "https://static.colruytgroup.com/images/200x200/std.lang.all/61/04/asset-3356104.jpg",
    "fullImage": "https://static.colruytgroup.com/images/500x500/std.lang.all/61/04/asset-3356104.jpg",
    "squareImage": "https://static.colruytgroup.com/images/500x500sq/std.lang.all/61/04/asset-3356104.jpg",
    "content": "200g",
    "walkRouteSequenceNumber": 7887,
    "price": {
      "basicPrice": 2.38,
      "recommendedQuantity": "1.0",
      "measurementUnitPrice": 11.9,
      "measurementUnit": "K",
      "isRedPrice": false,
      "pricePerUOM": 11.9,
      "activationDate": "05-03-2024",
      "recordSource": "Online",
      "isPromoActive": "N",
      "priceChangeCode": "E"
    },
    "isAvailable": true,
    "isPriceAvailable": true,
    "inPromo": false,
    "gtin": [
      "15400141994404",
      "05400141994407",
      "05400141571202",
      "15400141974468",
      "05400141289589",
      "15400141289586",
      "05400141042870"
    ],
    "topCategoryName": "Bereidingen/Charcuterie/Vis/Veggie",
    "topCategoryId": "105",
    "businessDomain": "RETAIL_BE",
    "IsPrivateLabel": true,
    "IsBiffe": false,
    "WeightconversionFactor": "0",
    "IsWeightArticle": false,
    "nutriscoreLabel": "D",
    "IsBio": false,
    "CountryOfOrigin": "BELGIË",
    "IsExclusivelySoldInLuxembourg": false,
    "OrderUnit": "P",
    "ShortName": "EVD HAM ZWOERD 200GR",
    "IsNew": false,
    "EcoscoreLabel": "E",
    "RecentQuanityOfStockUnits": "1,16",
    "LongName": "EVERYDAY Ambachtel. ham met zwoerd 200g",
    "AlcoholVolume": "0",
    "FicCode": "I",
    "EcoscoreValue": "12"
  },
  {
    "productId": "43942",
    "technicalArticleNumber": "2497840",
    "commercialArticleNumber": "8111",
    "name": "kipfilet sneetjes",
    "description": "*België\n*87 % kippenvlees\n*Boterham, koude\nschotel, in salade",
    "brand": "EVERYDAY",
    "seoBrand": "Everyday",
    "thumbNail": "https://static.colruytgroup.com/images/200x200/std.lang.all/95/44/asset-349544.jpg",
    "fullImage": "https://static.colruytgroup.com/images/500x500/std.lang.all/95/44/asset-349544.jpg",
    "squareImage": "https://static.colruytgroup.com/images/500x500sq/std.lang.all/95/44/asset-349544.jpg",
    "content": "200g",
    "walkRouteSequenceNumber": 7905,
    "price": {
      "basicPrice": 1.45,
      "recommendedQuantity": "1.0",
      "measurementUnitPrice": 7.25,
      "measurementUnit": "K",
      "isRedPrice": false,
      "pricePerUOM": 7.25,
      "activationDate": "23-03-2024",
      "recordSource": "Offline",
      "isPromoActive": "N",
      "priceChangeCode": "H"
    },
    "isAvailable": true,
    "isPriceAvailable": true,
    "inPromo": false,
    "gtin": [
      "05400141800913",
      "15400141323990",
      "15400141470625",
      "15400141270621",
      "05400141470628",
      "05400141323986",
      "05400141270624",
      "05400141189810"
    ],
    "topCategoryName": "Bereidingen/Charcuterie/Vis/Veggie",
    "topCategoryId": "105",
    "businessDomain": "RETAIL_BE",
    "IsPrivateLabel": true,
    "IsBiffe": false,
    "WeightconversionFactor": "0",
    "IsWeightArticle": false,
    "nutriscoreLabel": "D",
    "IsBio": false,
    "CountryOfOrigin": "BELGIË",
    "IsExclusivelySoldInLuxembourg": false,
    "OrderUnit": "P",
    "ShortName": "EVD KIPFILET SNED 200G",
    "IsNew": false,
    "EcoscoreLabel": "D",
    "RecentQuanityOfStockUnits": "1",
    "LongName": "EVERYDAY kipfilet sneetjes 200g",
    "AlcoholVolume": "0",
    "FicCode": "I",
    "EcoscoreValue": "21"
  },
  {
    "productId": "464458",
    "technicalArticleNumber": "4032445",
    "commercialArticleNumber": "27769",
    "name": "Kalkoenfilet GV",
    "brand": "BONI",
    "seoBrand": "Boni Selection",
    "thumbNail": "https://static.colruytgroup.com/images/200x200/std.lang.all/86/51/asset-3348651.jpg",
    "fullImage": "https://static.colruytgroup.com/images/500x500/std.lang.all/86/51/asset-3348651.jpg",
    "squareImage": "https://static.colruytgroup.com/images/500x500sq/std.lang.all/86/51/asset-3348651.jpg",
    "content": "150g",
    "walkRouteSequenceNumber": 7848,
    "price": {
      "basicPrice": 2.14,
      "recommendedQuantity": "1.0",
      "quantityPrice": 1.71,
      "quantityPriceQuantity": "2.0",
      "measurementUnitPrice": 14.27,
      "measurementUnitQuantityPrice": 11.4,
      "measurementUnit": "K",
      "isRedPrice": false,
      "pricePerUOM": 14.27,
      "activationDate": "23-03-2024",
      "recordSource": "Offline",
      "isPromoActive": "N",
      "priceChangeCode": "E",
      "quantityPricePerUOM": 11.4,
      "quantityActivationDate": "23-03-2024",
      "quantityPriceChangeCode": "E"
    },
    "isAvailable": true,
    "isPriceAvailable": true,
    "inPromo": false,
    "gtin": [
      "15400141242901",
      "05400141370737",
      "05400141242904",
      "05400141979305"
    ],
    "topCategoryName": "Bereidingen/Charcuterie/Vis/Veggie",
    "topCategoryId": "105",
    "businessDomain": "RETAIL_BE",
    "IsPrivateLabel": true,
    "IsBiffe": false,
    "WeightconversionFactor": "0",
    "IsWeightArticle": false,
    "nutriscoreLabel": "C",
    "IsBio": false,
    "CountryOfOrigin": "BELGIË",
    "IsExclusivelySoldInLuxembourg": false,
    "OrderUnit": "P",
    "ShortName": "BONI KALKOENFIL 150GGV",
    "IsNew": false,
    "EcoscoreLabel": "D",
    "RecentQuanityOfStockUnits": "1",
    "LongName": "BONI Kalkoenfilet GV 150g",
    "AlcoholVolume": "0",
    "FicCode": "N",
    "EcoscoreValue": "25"
  },
  {
    "productId": "165708",
    "technicalArticleNumber": "3393405",
    "commercialArticleNumber": "38228",
    "name": "hespenworst sneetjes",
    "description": "*België\n*Gekookt\n*Boterham, koude\nschotels",
    "brand": "BONI",
    "seoBrand": "Boni Selection",
    "thumbNail": "https://static.colruytgroup.com/images/200x200/std.lang.all/40/60/asset-3364060.jpg",
    "fullImage": "https://static.colruytgroup.com/images/500x500/std.lang.all/40/60/asset-3364060.jpg",
    "squareImage": "https://static.colruytgroup.com/images/500x500sq/std.lang.all/40/60/asset-3364060.jpg",
    "content": "200g",
    "walkRouteSequenceNumber": 7738,
    "price": {
      "basicPrice": 1.29,
      "recommendedQuantity": "1.0",
      "measurementUnitPrice": 6.45,
      "measurementUnit": "K",
      "isRedPrice": false,
      "pricePerUOM": 6.45,
      "activationDate": "20-03-2024",
      "recordSource": "Folder",
      "isPromoActive": "N",
      "priceChangeCode": "L"
    },
    "isAvailable": true,
    "isPriceAvailable": true,
    "inPromo": false,
    "gtin": [
      "05400141319774",
      "05400141364262",
      "05400141326444",
      "05400141877762",
      "15400141857198"
    ],
    "topCategoryName": "Bereidingen/Charcuterie/Vis/Veggie",
    "topCategoryId": "105",
    "businessDomain": "RETAIL_BE",
    "IsPrivateLabel": true,
    "IsBiffe": false,
    "WeightconversionFactor": "0",
    "IsWeightArticle": false,
    "nutriscoreLabel": "D",
    "IsBio": false,
    "CountryOfOrigin": "BELGIË",
    "IsExclusivelySoldInLuxembourg": false,
    "OrderUnit": "P",
    "ShortName": "BONI HESPENWORST 200G",
    "IsNew": false,
    "EcoscoreLabel": "C",
    "RecentQuanityOfStockUnits": "1",
    "LongName": "BONI hespenworst sneetjes 200g",
    "AlcoholVolume": "0",
    "FicCode": "I",
    "EcoscoreValue": "46"
  },
  {
    "productId": "875350",
    "technicalArticleNumber": "4730347",
    "commercialArticleNumber": "32202",
    "name": "Beenham zonder gluten",
    "brand": "BONI",
    "seoBrand": "Boni Selection",
    "thumbNail": "https://static.colruytgroup.com/images/200x200/std.lang.all/03/77/asset-3320377.jpg",
    "fullImage": "https://static.colruytgroup.com/images/500x500/std.lang.all/03/77/asset-3320377.jpg",
    "squareImage": "https://static.colruytgroup.com/images/500x500sq/std.lang.all/03/77/asset-3320377.jpg",
    "content": "150g",
    "walkRouteSequenceNumber": 7865,
    "price": {
      "basicPrice": 2.39,
      "recommendedQuantity": "1.0",
      "measurementUnitPrice": 15.94,
      "measurementUnit": "K",
      "isRedPrice": false,
      "pricePerUOM": 15.94,
      "activationDate": "08-02-2024",
      "recordSource": "Offline",
      "isPromoActive": "N",
      "priceChangeCode": "H"
    },
    "isAvailable": true,
    "isPriceAvailable": true,
    "inPromo": false,
    "gtin": [
      "05400141852127"
    ],
    "topCategoryName": "Bereidingen/Charcuterie/Vis/Veggie",
    "topCategoryId": "105",
    "businessDomain": "RETAIL_BE",
    "IsPrivateLabel": true,
    "IsBiffe": false,
    "WeightconversionFactor": "0",
    "IsWeightArticle": false,
    "nutriscoreLabel": "C",
    "IsBio": false,
    "CountryOfOrigin": "BELGIË",
    "IsExclusivelySoldInLuxembourg": false,
    "OrderUnit": "P",
    "ShortName": "BONI M BEENHAM GV 150G",
    "IsNew": false,
    "RecentQuanityOfStockUnits": "1",
    "LongName": "BONI Beenham zonder gluten 150g",
    "AlcoholVolume": "0",
    "FicCode": "I"
  },
  {
    "productId": "81556",
    "technicalArticleNumber": "2940408",
    "commercialArticleNumber": "38787",
    "name": "gegrilde ham",
    "description": "*België\n*95 % varkensvlees,\ngegrild",
    "brand": "BONI",
    "seoBrand": "Boni Selection",
    "thumbNail": "https://static.colruytgroup.com/images/200x200/std.lang.all/03/66/asset-3320366.jpg",
    "fullImage": "https://static.colruytgroup.com/images/500x500/std.lang.all/03/66/asset-3320366.jpg",
    "squareImage": "https://static.colruytgroup.com/images/500x500sq/std.lang.all/03/66/asset-3320366.jpg",
    "content": "200g",
    "walkRouteSequenceNumber": 7879,
    "price": {
      "basicPrice": 2.99,
      "recommendedQuantity": "1.0",
      "measurementUnitPrice": 14.95,
      "measurementUnit": "K",
      "isRedPrice": false,
      "pricePerUOM": 14.95,
      "activationDate": "20-03-2024",
      "recordSource": "Folder",
      "isPromoActive": "N",
      "priceChangeCode": "L"
    },
    "isAvailable": true,
    "isPriceAvailable": true,
    "inPromo": false,
    "gtin": [
      "05400141375954",
      "05400141196764",
      "05400141042788",
      "15400141375951",
      "05400141113679",
      "05400141506679"
    ],
    "topCategoryName": "Bereidingen/Charcuterie/Vis/Veggie",
    "topCategoryId": "105",
    "businessDomain": "RETAIL_BE",
    "IsPrivateLabel": true,
    "IsBiffe": false,
    "WeightconversionFactor": "0",
    "IsWeightArticle": false,
    "nutriscoreLabel": "C",
    "IsBio": false,
    "CountryOfOrigin": "BELGIË",
    "IsExclusivelySoldInLuxembourg": false,
    "OrderUnit": "P",
    "ShortName": "BONI GRILHAM 200GR",
    "IsNew": false,
    "EcoscoreLabel": "D",
    "RecentQuanityOfStockUnits": "1",
    "LongName": "BONI gegrilde ham 200g",
    "AlcoholVolume": "0",
    "FicCode": "I",
    "EcoscoreValue": "37"
  },
  {
    "productId": "871248",
    "technicalArticleNumber": "4725025",
    "commercialArticleNumber": "7685",
    "name": "Ontvette ham GV",
    "description": "*\n*",
    "brand": "BONI",
    "seoBrand": "Boni Selection",
    "thumbNail": "https://static.colruytgroup.com/images/200x200/std.lang.all/11/06/asset-3311106.jpg",
    "fullImage": "https://static.colruytgroup.com/images/500x500/std.lang.all/11/06/asset-3311106.jpg",
    "squareImage": "https://static.colruytgroup.com/images/500x500sq/std.lang.all/11/06/asset-3311106.jpg",
    "content": "150g",
    "walkRouteSequenceNumber": 7876,
    "price": {
      "basicPrice": 2.14,
      "recommendedQuantity": "1.0",
      "measurementUnitPrice": 14.27,
      "measurementUnit": "K",
      "isRedPrice": false,
      "pricePerUOM": 14.27,
      "activationDate": "23-01-2024",
      "recordSource": "Offline",
      "isPromoActive": "N",
      "priceChangeCode": "E"
    },
    "isAvailable": true,
    "isPriceAvailable": true,
    "inPromo": false,
    "gtin": [
      "05400141902266",
      "15400141902263"
    ],
    "topCategoryName": "Bereidingen/Charcuterie/Vis/Veggie",
    "topCategoryId": "105",
    "businessDomain": "RETAIL_BE",
    "IsPrivateLabel": true,
    "IsBiffe": false,
    "WeightconversionFactor": "0",
    "IsWeightArticle": false,
    "nutriscoreLabel": "D",
    "IsBio": false,
    "CountryOfOrigin": "BELGIË",
    "IsExclusivelySoldInLuxembourg": false,
    "OrderUnit": "P",
    "ShortName": "BONI ONTVET.HAM GV 150G",
    "IsNew": false,
    "EcoscoreLabel": "E",
    "RecentQuanityOfStockUnits": "1",
    "LongName": "BONI Ontvette ham GV 150g",
    "AlcoholVolume": "0",
    "FicCode": "I",
    "EcoscoreValue": "12"
  },
  {
    "productId": "237484",
    "technicalArticleNumber": "3536584",
    "commercialArticleNumber": "27024",
    "name": "spekblokjes gerookt GV",
    "description": "*België\n*Gerookt\n*In salades, omelet,bij pasta\n*Glutenvrij",
    "brand": "BONI",
    "seoBrand": "Boni Selection",
    "thumbNail": "https://static.colruytgroup.com/images/200x200/std.lang.all/31/05/asset-3133105.jpg",
    "fullImage": "https://static.colruytgroup.com/images/500x500/std.lang.all/31/05/asset-3133105.jpg",
    "squareImage": "https://static.colruytgroup.com/images/500x500sq/std.lang.all/31/05/asset-3133105.jpg",
    "content": "2x100g",
    "walkRouteSequenceNumber": 7819,
    "price": {
      "basicPrice": 2.23,
      "recommendedQuantity": "1.0",
      "measurementUnitPrice": 11.15,
      "measurementUnit": "K",
      "isRedPrice": false,
      "pricePerUOM": 11.15,
      "activationDate": "19-03-2024",
      "recordSource": "Offline",
      "isPromoActive": "N",
      "priceChangeCode": "E"
    },
    "isAvailable": true,
    "isPriceAvailable": true,
    "inPromo": false,
    "gtin": [
      "05400141322538",
      "05400141320022",
      "05400141380866",
      "15400141320036",
      "15400141855972"
    ],
    "topCategoryName": "Bereidingen/Charcuterie/Vis/Veggie",
    "topCategoryId": "105",
    "businessDomain": "RETAIL_BE",
    "IsPrivateLabel": true,
    "IsBiffe": false,
    "WeightconversionFactor": "0",
    "IsWeightArticle": false,
    "nutriscoreLabel": "E",
    "IsBio": false,
    "CountryOfOrigin": "BELGIË",
    "IsExclusivelySoldInLuxembourg": false,
    "OrderUnit": "P",
    "ShortName": "BONI GV GER SPEKB2X100G",
    "IsNew": false,
    "EcoscoreLabel": "C",
    "RecentQuanityOfStockUnits": "1",
    "LongName": "BONI spekblokjes gerookt GV 2x100g",
    "AlcoholVolume": "0",
    "FicCode": "I",
    "EcoscoreValue": "41"
  },
  {
    "productId": "65305",
    "technicalArticleNumber": "2824422",
    "commercialArticleNumber": "26499",
    "name": "salami z.look sneetjes",
    "description": "*België\n*Salami zonder look\n*64 % vlees\n*Boterham, koude\nschotels",
    "brand": "EVERYDAY",
    "seoBrand": "Everyday",
    "thumbNail": "https://static.colruytgroup.com/images/200x200/std.lang.all/42/37/asset-624237.jpg",
    "fullImage": "https://static.colruytgroup.com/images/500x500/std.lang.all/42/37/asset-624237.jpg",
    "squareImage": "https://static.colruytgroup.com/images/500x500sq/std.lang.all/42/37/asset-624237.jpg",
    "content": "225g",
    "walkRouteSequenceNumber": 7817,
    "price": {
      "basicPrice": 1.72,
      "recommendedQuantity": "1.0",
      "measurementUnitPrice": 7.65,
      "measurementUnit": "K",
      "isRedPrice": false,
      "pricePerUOM": 7.65,
      "activationDate": "06-10-2023",
      "recordSource": "Offline",
      "isPromoActive": "N",
      "priceChangeCode": "H"
    },
    "isAvailable": true,
    "isPriceAvailable": true,
    "inPromo": false,
    "gtin": [
      "05400141324020",
      "05400141191141",
      "05400141150094",
      "15400141326328",
      "05400141469561",
      "05400141454048"
    ],
    "topCategoryName": "Bereidingen/Charcuterie/Vis/Veggie",
    "topCategoryId": "105",
    "businessDomain": "RETAIL_BE",
    "IsPrivateLabel": true,
    "IsBiffe": false,
    "WeightconversionFactor": "0",
    "IsWeightArticle": false,
    "nutriscoreLabel": "E",
    "IsBio": false,
    "CountryOfOrigin": "BELGIË",
    "IsExclusivelySoldInLuxembourg": false,
    "OrderUnit": "P",
    "ShortName": "EVD SAL ZON LOOK 225GR",
    "IsNew": false,
    "EcoscoreLabel": "E",
    "RecentQuanityOfStockUnits": "1",
    "LongName": "EVERYDAY salami z.look sneetjes 225g",
    "AlcoholVolume": "0",
    "FicCode": "I",
    "EcoscoreValue": "15"
  },
  {
    "productId": "574242",
    "technicalArticleNumber": "4221133",
    "commercialArticleNumber": "27155",
    "name": "GEKOOKTE HAMBLOKJES",
    "brand": "EVERYDAY",
    "seoBrand": "Everyday",
    "thumbNail": "https://static.colruytgroup.com/images/200x200/std.lang.all/74/56/asset-2037456.jpg",
    "fullImage": "https://static.colruytgroup.com/images/500x500/std.lang.all/74/56/asset-2037456.jpg",
    "squareImage": "https://static.colruytgroup.com/images/500x500sq/std.lang.all/74/56/asset-2037456.jpg",
    "content": "250g",
    "walkRouteSequenceNumber": 7907,
    "price": {
      "basicPrice": 2.31,
      "recommendedQuantity": "1.0",
      "measurementUnitPrice": 9.24,
      "measurementUnit": "K",
      "isRedPrice": false,
      "pricePerUOM": 9.24,
      "activationDate": "02-02-2024",
      "recordSource": "Offline",
      "isPromoActive": "N",
      "priceChangeCode": "E"
    },
    "isAvailable": true,
    "isPriceAvailable": true,
    "inPromo": false,
    "gtin": [
      "15400141354284",
      "05400141354287",
      "05400141902259"
    ],
    "topCategoryName": "Bereidingen/Charcuterie/Vis/Veggie",
    "topCategoryId": "105",
    "businessDomain": "RETAIL_BE",
    "IsPrivateLabel": true,
    "IsBiffe": false,
    "WeightconversionFactor": "0",
    "IsWeightArticle": false,
    "nutriscoreLabel": "D",
    "IsBio": false,
    "CountryOfOrigin": "BELGIË",
    "IsExclusivelySoldInLuxembourg": false,
    "OrderUnit": "P",
    "ShortName": "EVD HAMBLOKJES 250G",
    "IsNew": false,
    "EcoscoreLabel": "D",
    "RecentQuanityOfStockUnits": "1",
    "LongName": "EVERYDAY GEKOOKTE HAMBLOKJES 250g",
    "AlcoholVolume": "0",
    "FicCode": "I",
    "EcoscoreValue": "34"
  },
  {
    "productId": "211291",
    "technicalArticleNumber": "3519678",
    "commercialArticleNumber": "27271",
    "name": "hespenworst sneetjes",
    "brand": "EVERYDAY",
    "seoBrand": "Everyday",
    "thumbNail": "https://static.colruytgroup.com/images/200x200/std.lang.all/29/93/asset-2142993.jpg",
    "fullImage": "https://static.colruytgroup.com/images/500x500/std.lang.all/29/93/asset-2142993.jpg",
    "squareImage": "https://static.colruytgroup.com/images/500x500sq/std.lang.all/29/93/asset-2142993.jpg",
    "content": "200g",
    "walkRouteSequenceNumber": 7739,
    "price": {
      "basicPrice": 1.29,
      "recommendedQuantity": "1.0",
      "measurementUnitPrice": 6.45,
      "measurementUnit": "K",
      "isRedPrice": false,
      "pricePerUOM": 6.45,
      "activationDate": "23-03-2024",
      "recordSource": "Offline",
      "isPromoActive": "N",
      "priceChangeCode": "H"
    },
    "isAvailable": true,
    "isPriceAvailable": true,
    "inPromo": false,
    "gtin": [
      "05400141322880",
      "05400141385151",
      "05400141320534",
      "05400141602104"
    ],
    "topCategoryName": "Bereidingen/Charcuterie/Vis/Veggie",
    "topCategoryId": "105",
    "businessDomain": "RETAIL_BE",
    "IsPrivateLabel": true,
    "IsBiffe": false,
    "WeightconversionFactor": "0",
    "IsWeightArticle": false,
    "nutriscoreLabel": "D",
    "IsBio": false,
    "CountryOfOrigin": "BELGIË",
    "IsExclusivelySoldInLuxembourg": false,
    "OrderUnit": "P",
    "ShortName": "EVD HESPENWORST SN 200G",
    "IsNew": false,
    "EcoscoreLabel": "D",
    "RecentQuanityOfStockUnits": "1,1",
    "LongName": "EVERYDAY hespenworst sneetjes 200g",
    "AlcoholVolume": "0",
    "FicCode": "I",
    "EcoscoreValue": "31"
  },
  {
    "productId": "389996",
    "technicalArticleNumber": "3940955",
    "commercialArticleNumber": "27621",
    "name": "Prosciutto Crudo",
    "description": "Voorgesneden product op basis van\ngezouten varkensbouten die minstens\n9 maanden rijpen. Op het einde van de\nrijpingsperiode worden de hammen\nuitgebeend, ontvet en geperst.",
    "brand": "BONI",
    "seoBrand": "Boni Selection",
    "thumbNail": "https://static.colruytgroup.com/images/200x200/std.lang.all/99/73/asset-1619973.jpg",
    "fullImage": "https://static.colruytgroup.com/images/500x500/std.lang.all/99/73/asset-1619973.jpg",
    "squareImage": "https://static.colruytgroup.com/images/500x500sq/std.lang.all/99/73/asset-1619973.jpg",
    "content": "175g",
    "walkRouteSequenceNumber": 7840,
    "price": {
      "basicPrice": 3.48,
      "recommendedQuantity": "1.0",
      "measurementUnitPrice": 19.89,
      "measurementUnit": "K",
      "isRedPrice": false,
      "pricePerUOM": 19.89,
      "activationDate": "19-12-2023",
      "recordSource": "Offline",
      "isPromoActive": "N",
      "priceChangeCode": "E"
    },
    "isAvailable": true,
    "isPriceAvailable": true,
    "inPromo": false,
    "gtin": [
      "05400141374414",
      "05400141012705",
      "15400141012702",
      "15400141374411",
      "05400141364699"
    ],
    "topCategoryName": "Bereidingen/Charcuterie/Vis/Veggie",
    "topCategoryId": "105",
    "businessDomain": "RETAIL_BE",
    "IsPrivateLabel": true,
    "IsBiffe": false,
    "WeightconversionFactor": "0",
    "IsWeightArticle": false,
    "nutriscoreLabel": "E",
    "IsBio": false,
    "CountryOfOrigin": "BELGIË",
    "IsExclusivelySoldInLuxembourg": false,
    "OrderUnit": "P",
    "ShortName": "BONI PROSC CRUDO 175GR",
    "IsNew": false,
    "EcoscoreLabel": "E",
    "RecentQuanityOfStockUnits": "1,10",
    "LongName": "BONI Prosciutto Crudo 175g",
    "AlcoholVolume": "0",
    "FicCode": "I",
    "EcoscoreValue": "0"
  },
  {
    "productId": "34199",
    "technicalArticleNumber": "1793047",
    "commercialArticleNumber": "34049",
    "name": "pizzadeeg gist",
    "description": "*Kant- en klaar deeg",
    "brand": "BONI",
    "seoBrand": "Boni Selection",
    "thumbNail": "https://static.colruytgroup.com/images/200x200/std.lang.all/34/31/asset-3193431.jpg",
    "fullImage": "https://static.colruytgroup.com/images/500x500/std.lang.all/34/31/asset-3193431.jpg",
    "squareImage": "https://static.colruytgroup.com/images/500x500sq/std.lang.all/34/31/asset-3193431.jpg",
    "content": "260g",
    "walkRouteSequenceNumber": 6043,
    "price": {
      "basicPrice": 0.98,
      "recommendedQuantity": "1.0",
      "measurementUnitPrice": 3.77,
      "measurementUnit": "K",
      "isRedPrice": false,
      "pricePerUOM": 3.77,
      "activationDate": "20-03-2024",
      "recordSource": "Folder",
      "isPromoActive": "N",
      "priceChangeCode": "L"
    },
    "isAvailable": true,
    "isPriceAvailable": true,
    "inPromo": false,
    "gtin": [
      "15400141040491",
      "15400141919445",
      "15400141360940",
      "15400141244905",
      "05400141244908",
      "05400141184211",
      "05400141532609",
      "05400141584776"
    ],
    "topCategoryName": "Bereidingen/Charcuterie/Vis/Veggie",
    "topCategoryId": "105",
    "businessDomain": "RETAIL_BE",
    "IsPrivateLabel": true,
    "IsBiffe": false,
    "WeightconversionFactor": "0",
    "IsWeightArticle": false,
    "nutriscoreLabel": "D",
    "IsBio": false,
    "CountryOfOrigin": "FRANKRIJK",
    "IsExclusivelySoldInLuxembourg": false,
    "OrderUnit": "P",
    "ShortName": "BONI PIZZADE BAKGIST260",
    "IsNew": false,
    "EcoscoreLabel": "A",
    "RecentQuanityOfStockUnits": "1,12,6,1",
    "LongName": "BONI pizzadeeg gist 260g",
    "AlcoholVolume": "0",
    "FicCode": "I",
    "EcoscoreValue": "93"
  },
  {
    "productId": "470600",
    "technicalArticleNumber": "4067768",
    "commercialArticleNumber": "27301",
    "name": "surimisalade",
    "brand": "EVERYDAY",
    "seoBrand": "Everyday",
    "thumbNail": "https://static.colruytgroup.com/images/200x200/std.lang.all/97/20/asset-2449720.jpg",
    "fullImage": "https://static.colruytgroup.com/images/500x500/std.lang.all/97/20/asset-2449720.jpg",
    "squareImage": "https://static.colruytgroup.com/images/500x500sq/std.lang.all/97/20/asset-2449720.jpg",
    "content": "250g",
    "walkRouteSequenceNumber": 7955,
    "price": {
      "basicPrice": 1.29,
      "recommendedQuantity": "1.0",
      "measurementUnitPrice": 5.16,
      "measurementUnit": "K",
      "isRedPrice": false,
      "pricePerUOM": 5.16,
      "activationDate": "17-02-2024",
      "recordSource": "Offline",
      "isPromoActive": "N",
      "priceChangeCode": "E"
    },
    "isAvailable": true,
    "isPriceAvailable": true,
    "inPromo": false,
    "gtin": [
      "05400141270396",
      "05400141452129",
      "05400141491876",
      "05400141782318"
    ],
    "topCategoryName": "Bereidingen/Charcuterie/Vis/Veggie",
    "topCategoryId": "105",
    "businessDomain": "RETAIL_BE",
    "IsPrivateLabel": true,
    "IsBiffe": false,
    "WeightconversionFactor": "0",
    "IsWeightArticle": false,
    "nutriscoreLabel": "C",
    "IsBio": false,
    "CountryOfOrigin": "BELGIË",
    "IsExclusivelySoldInLuxembourg": false,
    "OrderUnit": "P",
    "ShortName": "EVD SURIMISALADE 250G",
    "IsNew": false,
    "EcoscoreLabel": "C",
    "RecentQuanityOfStockUnits": "1",
    "LongName": "EVERYDAY surimisalade 250g",
    "AlcoholVolume": "0",
    "FicCode": "I",
    "EcoscoreValue": "49"
  },
  {
    "productId": "238113",
    "technicalArticleNumber": "3536636",
    "commercialArticleNumber": "27054",
    "name": "spekblokjes gezouten GV",
    "description": "*Glutenvrij",
    "brand": "BONI",
    "seoBrand": "Boni Selection",
    "thumbNail": "https://static.colruytgroup.com/images/200x200/std.lang.all/23/69/asset-3342369.jpg",
    "fullImage": "https://static.colruytgroup.com/images/500x500/std.lang.all/23/69/asset-3342369.jpg",
    "squareImage": "https://static.colruytgroup.com/images/500x500sq/std.lang.all/23/69/asset-3342369.jpg",
    "content": "2x100g",
    "walkRouteSequenceNumber": 7820,
    "price": {
      "basicPrice": 2.23,
      "recommendedQuantity": "1.0",
      "measurementUnitPrice": 11.15,
      "measurementUnit": "K",
      "isRedPrice": false,
      "pricePerUOM": 11.15,
      "activationDate": "12-03-2024",
      "recordSource": "Offline",
      "isPromoActive": "N",
      "priceChangeCode": "E"
    },
    "isAvailable": true,
    "isPriceAvailable": true,
    "inPromo": false,
    "gtin": [
      "05400141338669",
      "05400141322552",
      "05400141385168",
      "05400141319996"
    ],
    "topCategoryName": "Bereidingen/Charcuterie/Vis/Veggie",
    "topCategoryId": "105",
    "businessDomain": "RETAIL_BE",
    "IsPrivateLabel": true,
    "IsBiffe": false,
    "WeightconversionFactor": "0",
    "IsWeightArticle": false,
    "nutriscoreLabel": "E",
    "IsBio": false,
    "CountryOfOrigin": "BELGIË",
    "IsExclusivelySoldInLuxembourg": false,
    "OrderUnit": "P",
    "ShortName": "BONI GV GEZ SPEKB2X100G",
    "IsNew": false,
    "EcoscoreLabel": "D",
    "RecentQuanityOfStockUnits": "1",
    "LongName": "BONI spekblokjes gezouten GV 2x100g",
    "AlcoholVolume": "0",
    "FicCode": "I",
    "EcoscoreValue": "24"
  },
  {
    "productId": "206408",
    "technicalArticleNumber": "3518226",
    "commercialArticleNumber": "27154",
    "name": "salami zonder look GV",
    "description": "*België\n*Salami zonder look\n*65,7 % vlees, gedroogd, gerookt\n*Boterham, aperitief\n*Glutenvrij",
    "brand": "BONI",
    "seoBrand": "Boni Selection",
    "thumbNail": "https://static.colruytgroup.com/images/200x200/std.lang.all/37/89/asset-3123789.jpg",
    "fullImage": "https://static.colruytgroup.com/images/500x500/std.lang.all/37/89/asset-3123789.jpg",
    "squareImage": "https://static.colruytgroup.com/images/500x500sq/std.lang.all/37/89/asset-3123789.jpg",
    "content": "200g",
    "walkRouteSequenceNumber": 7808,
    "price": {
      "basicPrice": 2.09,
      "recommendedQuantity": "1.0",
      "measurementUnitPrice": 10.45,
      "measurementUnit": "K",
      "isRedPrice": false,
      "pricePerUOM": 10.45,
      "activationDate": "22-03-2024",
      "recordSource": "Folder",
      "isPromoActive": "N",
      "priceChangeCode": "E"
    },
    "isAvailable": true,
    "isPriceAvailable": true,
    "inPromo": false,
    "gtin": [
      "15400141856108",
      "05400141454055",
      "15400141319924",
      "05400141377347",
      "05400141319910"
    ],
    "topCategoryName": "Bereidingen/Charcuterie/Vis/Veggie",
    "topCategoryId": "105",
    "businessDomain": "RETAIL_BE",
    "IsPrivateLabel": true,
    "IsBiffe": false,
    "WeightconversionFactor": "0",
    "IsWeightArticle": false,
    "nutriscoreLabel": "E",
    "IsBio": false,
    "CountryOfOrigin": "BELGIË",
    "IsExclusivelySoldInLuxembourg": false,
    "OrderUnit": "P",
    "ShortName": "BONI GV SAL Z/LOOK 200G",
    "IsNew": false,
    "EcoscoreLabel": "D",
    "RecentQuanityOfStockUnits": "1",
    "LongName": "BONI salami zonder look GV 200g",
    "AlcoholVolume": "0",
    "FicCode": "I",
    "EcoscoreValue": "25"
  },
  {
    "productId": "51863",
    "technicalArticleNumber": "2196909",
    "commercialArticleNumber": "27750",
    "name": "surimisticks",
    "description": "*Wild, Litouwen\n*MSC",
    "brand": "EVERYDAY",
    "seoBrand": "Everyday",
    "thumbNail": "https://static.colruytgroup.com/images/200x200/std.lang.all/38/32/asset-1703832.jpg",
    "fullImage": "https://static.colruytgroup.com/images/500x500/std.lang.all/38/32/asset-1703832.jpg",
    "squareImage": "https://static.colruytgroup.com/images/500x500sq/std.lang.all/38/32/asset-1703832.jpg",
    "content": "4x100g",
    "walkRouteSequenceNumber": 7564,
    "price": {
      "basicPrice": 1.84,
      "recommendedQuantity": "1.0",
      "measurementUnitPrice": 4.6,
      "measurementUnit": "K",
      "isRedPrice": false,
      "pricePerUOM": 4.6,
      "activationDate": "13-02-2024",
      "recordSource": "Offline",
      "isPromoActive": "N",
      "priceChangeCode": "L"
    },
    "isAvailable": true,
    "isPriceAvailable": true,
    "inPromo": false,
    "gtin": [
      "15400141652847",
      "05400141070712",
      "05400141113655",
      "05400141097641",
      "15400141113652",
      "05400141760064",
      "15400141760061",
      "05400141652840"
    ],
    "topCategoryName": "Bereidingen/Charcuterie/Vis/Veggie",
    "topCategoryId": "105",
    "businessDomain": "RETAIL_BE",
    "IsPrivateLabel": true,
    "IsBiffe": false,
    "WeightconversionFactor": "0",
    "IsWeightArticle": false,
    "nutriscoreLabel": "D",
    "IsBio": false,
    "CountryOfOrigin": "LITOUWEN",
    "IsExclusivelySoldInLuxembourg": false,
    "OrderUnit": "P",
    "ShortName": "EVD SURIMI STICKS4X100G",
    "InSeason": true,
    "IsNew": false,
    "EcoscoreLabel": "E",
    "RecentQuanityOfStockUnits": "1,10",
    "LongName": "EVERYDAY surimisticks 4x100g",
    "AlcoholVolume": "0",
    "StartSeasonDate": "04/01/2019",
    "FicCode": "I",
    "EcoscoreValue": "19"
  },
  {
    "productId": "159311",
    "technicalArticleNumber": "3280065",
    "commercialArticleNumber": "23363",
    "name": "chorizo zacht sneden",
    "description": "*Spanje\n*93 % vlees",
    "brand": "BONI",
    "seoBrand": "Boni Selection",
    "thumbNail": "https://static.colruytgroup.com/images/200x200/std.lang.all/93/94/asset-2509394.jpg",
    "fullImage": "https://static.colruytgroup.com/images/500x500/std.lang.all/93/94/asset-2509394.jpg",
    "squareImage": "https://static.colruytgroup.com/images/500x500sq/std.lang.all/93/94/asset-2509394.jpg",
    "content": "150g",
    "walkRouteSequenceNumber": 7802,
    "price": {
      "basicPrice": 1.5,
      "recommendedQuantity": "1.0",
      "measurementUnitPrice": 10,
      "measurementUnit": "K",
      "isRedPrice": false,
      "pricePerUOM": 10,
      "activationDate": "23-03-2024",
      "recordSource": "Folder",
      "isPromoActive": "N",
      "priceChangeCode": "E"
    },
    "isAvailable": true,
    "isPriceAvailable": true,
    "inPromo": false,
    "gtin": [
      "05400141561012",
      "05400141386929",
      "05400141360622",
      "05400141320084"
    ],
    "topCategoryName": "Bereidingen/Charcuterie/Vis/Veggie",
    "topCategoryId": "105",
    "businessDomain": "RETAIL_BE",
    "IsPrivateLabel": true,
    "IsBiffe": false,
    "WeightconversionFactor": "0",
    "IsWeightArticle": false,
    "nutriscoreLabel": "E",
    "IsBio": false,
    "CountryOfOrigin": "SPANJE",
    "IsExclusivelySoldInLuxembourg": false,
    "OrderUnit": "P",
    "ShortName": "BONI CHOR SN ZACHT150G",
    "IsNew": false,
    "EcoscoreLabel": "E",
    "RecentQuanityOfStockUnits": "1",
    "LongName": "BONI chorizo zacht sneden 150g",
    "AlcoholVolume": "0",
    "FicCode": "I",
    "EcoscoreValue": "14"
  },
  {
    "productId": "29693",
    "technicalArticleNumber": "1903898",
    "commercialArticleNumber": "35602",
    "name": "pizza bolognese",
    "description": "*Met 4 %\nvarkensvlees\n*In de oven",
    "brand": "EVERYDAY",
    "seoBrand": "Everyday",
    "thumbNail": "https://static.colruytgroup.com/images/200x200/std.lang.all/04/35/asset-2060435.jpg",
    "fullImage": "https://static.colruytgroup.com/images/500x500/std.lang.all/04/35/asset-2060435.jpg",
    "squareImage": "https://static.colruytgroup.com/images/500x500sq/std.lang.all/04/35/asset-2060435.jpg",
    "content": "350g",
    "walkRouteSequenceNumber": 6686,
    "price": {
      "basicPrice": 1.59,
      "recommendedQuantity": "1.0",
      "measurementUnitPrice": 4.55,
      "measurementUnit": "K",
      "isRedPrice": false,
      "pricePerUOM": 4.55,
      "activationDate": "14-11-2023",
      "recordSource": "Offline",
      "isPromoActive": "N",
      "priceChangeCode": "E"
    },
    "isAvailable": true,
    "isPriceAvailable": true,
    "inPromo": false,
    "gtin": [
      "15400141456025",
      "15400141336730",
      "05400141379761",
      "05400141336733",
      "05400141042757",
      "15400141986065"
    ],
    "topCategoryName": "Bereidingen/Charcuterie/Vis/Veggie",
    "topCategoryId": "105",
    "businessDomain": "RETAIL_BE",
    "IsPrivateLabel": true,
    "IsBiffe": false,
    "WeightconversionFactor": "0",
    "IsWeightArticle": false,
    "nutriscoreLabel": "C",
    "IsBio": false,
    "CountryOfOrigin": "BELGIË",
    "IsExclusivelySoldInLuxembourg": false,
    "OrderUnit": "P",
    "ShortName": "EVD PIZZA BOLOGN 350G",
    "IsNew": false,
    "EcoscoreLabel": "C",
    "RecentQuanityOfStockUnits": "1,16",
    "LongName": "EVERYDAY pizza bolognese 350g",
    "FicCode": "I",
    "EcoscoreValue": "49"
  },
  {
    "productId": "356500",
    "technicalArticleNumber": "3856870",
    "commercialArticleNumber": "27571",
    "name": "kip curry salade",
    "description": "Salade op basis van kip met curry saus",
    "brand": "EVERYDAY",
    "seoBrand": "Everyday",
    "thumbNail": "https://static.colruytgroup.com/images/200x200/std.lang.all/82/66/asset-2428266.jpg",
    "fullImage": "https://static.colruytgroup.com/images/500x500/std.lang.all/82/66/asset-2428266.jpg",
    "squareImage": "https://static.colruytgroup.com/images/500x500sq/std.lang.all/82/66/asset-2428266.jpg",
    "content": "250g",
    "walkRouteSequenceNumber": 7957,
    "price": {
      "basicPrice": 1.31,
      "recommendedQuantity": "1.0",
      "measurementUnitPrice": 5.24,
      "measurementUnit": "K",
      "isRedPrice": false,
      "pricePerUOM": 5.24,
      "activationDate": "02-03-2024",
      "recordSource": "Offline",
      "isPromoActive": "N",
      "priceChangeCode": "L"
    },
    "isAvailable": true,
    "isPriceAvailable": true,
    "inPromo": false,
    "gtin": [
      "05400141293715",
      "05400141496413",
      "15400141496410",
      "05400141322309",
      "05400141807974"
    ],
    "topCategoryName": "Bereidingen/Charcuterie/Vis/Veggie",
    "topCategoryId": "105",
    "businessDomain": "RETAIL_BE",
    "IsPrivateLabel": true,
    "IsBiffe": false,
    "WeightconversionFactor": "0",
    "IsWeightArticle": false,
    "nutriscoreLabel": "D",
    "IsBio": false,
    "CountryOfOrigin": "BELGIË",
    "IsExclusivelySoldInLuxembourg": false,
    "OrderUnit": "P",
    "ShortName": "EVD KIP CURRY SAL 250G",
    "IsNew": false,
    "EcoscoreLabel": "D",
    "RecentQuanityOfStockUnits": "1",
    "LongName": "EVERYDAY kip curry salade 250g",
    "AlcoholVolume": "0",
    "FicCode": "I",
    "EcoscoreValue": "28"
  },
  {
    "productId": "114641",
    "technicalArticleNumber": "3046600",
    "commercialArticleNumber": "22612",
    "name": "Atl.zalmfilet graatloos",
    "description": "*Aquacultuur uit\nNoorwegen",
    "brand": "BONI",
    "seoBrand": "Boni Selection",
    "thumbNail": "https://static.colruytgroup.com/images/200x200/std.lang.all/77/55/asset-3267755.jpg",
    "fullImage": "https://static.colruytgroup.com/images/500x500/std.lang.all/77/55/asset-3267755.jpg",
    "squareImage": "https://static.colruytgroup.com/images/500x500sq/std.lang.all/77/55/asset-3267755.jpg",
    "content": "2x±180g",
    "walkRouteSequenceNumber": 7433,
    "price": {
      "basicPrice": 29,
      "recommendedQuantity": "1.0",
      "unit": "K",
      "measurementUnitPrice": 29,
      "measurementUnit": "K",
      "isRedPrice": false,
      "pricePerUOM": 29,
      "activationDate": "01-03-2024",
      "recordSource": "Offline",
      "isPromoActive": "N",
      "priceChangeCode": "L"
    },
    "isAvailable": true,
    "isPriceAvailable": true,
    "inPromo": false,
    "gtin": [
      "95400141340597",
      "05400141383386",
      "05400141340594",
      "95400141875181"
    ],
    "topCategoryName": "Bereidingen/Charcuterie/Vis/Veggie",
    "topCategoryId": "105",
    "businessDomain": "RETAIL_BE",
    "IsPrivateLabel": true,
    "IsBiffe": false,
    "WeightconversionFactor": "360",
    "IsWeightArticle": true,
    "nutriscoreLabel": "A",
    "IsBio": false,
    "CountryOfOrigin": "NOORWEGEN",
    "IsExclusivelySoldInLuxembourg": false,
    "OrderUnit": "P",
    "ShortName": "BONI ATLA.ZALMF.2X180GW",
    "IsNew": false,
    "EcoscoreLabel": "D",
    "RecentQuanityOfStockUnits": "1",
    "LongName": "BONI Atl.zalmfilet graatloos 2x±180g",
    "AlcoholVolume": "0",
    "FicCode": "I",
    "EcoscoreValue": "29"
  },
  {
    "productId": "460938",
    "technicalArticleNumber": "3951470",
    "commercialArticleNumber": "27066",
    "name": "Baconreepjes",
    "brand": "BONI",
    "seoBrand": "Boni Selection",
    "thumbNail": "https://static.colruytgroup.com/images/200x200/std.lang.all/30/27/asset-3133027.jpg",
    "fullImage": "https://static.colruytgroup.com/images/500x500/std.lang.all/30/27/asset-3133027.jpg",
    "squareImage": "https://static.colruytgroup.com/images/500x500sq/std.lang.all/30/27/asset-3133027.jpg",
    "content": "2x100g",
    "walkRouteSequenceNumber": 7863,
    "price": {
      "basicPrice": 2.79,
      "recommendedQuantity": "1.0",
      "measurementUnitPrice": 13.95,
      "measurementUnit": "K",
      "isRedPrice": false,
      "pricePerUOM": 13.95,
      "activationDate": "17-02-2024",
      "recordSource": "Offline",
      "isPromoActive": "N",
      "priceChangeCode": "E"
    },
    "isAvailable": true,
    "isPriceAvailable": true,
    "inPromo": false,
    "gtin": [
      "05400141029314",
      "05400141363906",
      "15400141029311"
    ],
    "topCategoryName": "Bereidingen/Charcuterie/Vis/Veggie",
    "topCategoryId": "105",
    "businessDomain": "RETAIL_BE",
    "IsPrivateLabel": true,
    "IsBiffe": false,
    "WeightconversionFactor": "0",
    "IsWeightArticle": false,
    "nutriscoreLabel": "D",
    "IsBio": false,
    "CountryOfOrigin": "BELGIË",
    "IsExclusivelySoldInLuxembourg": false,
    "OrderUnit": "P",
    "ShortName": "BONI BACONREEP 2X100GR",
    "IsNew": false,
    "EcoscoreLabel": "D",
    "RecentQuanityOfStockUnits": "1",
    "LongName": "BONI Baconreepjes 2x100g",
    "AlcoholVolume": "0",
    "FicCode": "I",
    "EcoscoreValue": "38"
  },
  {
    "productId": "875380",
    "technicalArticleNumber": "4730381",
    "commercialArticleNumber": "32207",
    "name": "Beenham",
    "brand": "BONI",
    "seoBrand": "Boni Selection",
    "thumbNail": "https://static.colruytgroup.com/images/200x200/std.lang.all/03/78/asset-3320378.jpg",
    "fullImage": "https://static.colruytgroup.com/images/500x500/std.lang.all/03/78/asset-3320378.jpg",
    "squareImage": "https://static.colruytgroup.com/images/500x500sq/std.lang.all/03/78/asset-3320378.jpg",
    "content": "250g",
    "walkRouteSequenceNumber": 7880,
    "price": {
      "basicPrice": 3.98,
      "recommendedQuantity": "1.0",
      "measurementUnitPrice": 15.92,
      "measurementUnit": "K",
      "isRedPrice": false,
      "pricePerUOM": 15.92,
      "activationDate": "14-03-2024",
      "recordSource": "Offline",
      "isPromoActive": "N",
      "priceChangeCode": "E"
    },
    "isAvailable": true,
    "isPriceAvailable": true,
    "inPromo": false,
    "gtin": [
      "05400141852134"
    ],
    "topCategoryName": "Bereidingen/Charcuterie/Vis/Veggie",
    "topCategoryId": "105",
    "businessDomain": "RETAIL_BE",
    "IsPrivateLabel": true,
    "IsBiffe": false,
    "WeightconversionFactor": "0",
    "IsWeightArticle": false,
    "nutriscoreLabel": "C",
    "IsBio": false,
    "CountryOfOrigin": "BELGIË",
    "IsExclusivelySoldInLuxembourg": false,
    "OrderUnit": "P",
    "ShortName": "BONI M BEENHAM 250G",
    "IsNew": false,
    "RecentQuanityOfStockUnits": "1",
    "LongName": "BONI Beenham 250g",
    "AlcoholVolume": "0",
    "FicCode": "I"
  },
  {
    "productId": "595374",
    "technicalArticleNumber": "4256801",
    "commercialArticleNumber": "27324",
    "name": "mini gevogelte balletjes",
    "brand": "BONI",
    "seoBrand": "Boni Selection",
    "thumbNail": "https://static.colruytgroup.com/images/200x200/std.lang.all/22/76/asset-2132276.jpg",
    "fullImage": "https://static.colruytgroup.com/images/500x500/std.lang.all/22/76/asset-2132276.jpg",
    "squareImage": "https://static.colruytgroup.com/images/500x500sq/std.lang.all/22/76/asset-2132276.jpg",
    "content": "300g",
    "walkRouteSequenceNumber": 7728,
    "price": {
      "basicPrice": 2.78,
      "recommendedQuantity": "1.0",
      "measurementUnitPrice": 9.27,
      "measurementUnit": "K",
      "isRedPrice": false,
      "pricePerUOM": 9.27,
      "activationDate": "13-12-2023",
      "isPromoActive": "N",
      "priceChangeCode": "L"
    },
    "isAvailable": true,
    "isPriceAvailable": true,
    "inPromo": false,
    "gtin": [
      "05400141387940"
    ],
    "topCategoryName": "Bereidingen/Charcuterie/Vis/Veggie",
    "topCategoryId": "105",
    "businessDomain": "RETAIL_BE",
    "IsPrivateLabel": true,
    "IsBiffe": false,
    "WeightconversionFactor": "0",
    "IsWeightArticle": false,
    "nutriscoreLabel": "E",
    "IsBio": false,
    "CountryOfOrigin": "BELGIË",
    "IsExclusivelySoldInLuxembourg": false,
    "OrderUnit": "P",
    "ShortName": "BONI GEVOBALLETJES 300G",
    "IsNew": false,
    "EcoscoreLabel": "C",
    "RecentQuanityOfStockUnits": "1",
    "LongName": "BONI mini gevogelte balletjes 300g",
    "AlcoholVolume": "0",
    "FicCode": "I",
    "EcoscoreValue": "40"
  },
  {
    "productId": "141734",
    "technicalArticleNumber": "3166596",
    "commercialArticleNumber": "20641",
    "name": "spekreepjes gerookt",
    "description": "*Frankrijk\n*Gerookt",
    "brand": "HERTA",
    "seoBrand": "Herta",
    "thumbNail": "https://static.colruytgroup.com/images/200x200/std.lang.all/17/60/asset-3141760.jpg",
    "fullImage": "https://static.colruytgroup.com/images/500x500/std.lang.all/17/60/asset-3141760.jpg",
    "squareImage": "https://static.colruytgroup.com/images/500x500sq/std.lang.all/17/60/asset-3141760.jpg",
    "content": "2x100g",
    "walkRouteSequenceNumber": 7755,
    "price": {
      "basicPrice": 2.79,
      "recommendedQuantity": "1.0",
      "measurementUnitPrice": 13.95,
      "measurementUnit": "K",
      "isRedPrice": false,
      "pricePerUOM": 13.95,
      "activationDate": "14-02-2024",
      "recordSource": "Offline",
      "isPromoActive": "N",
      "priceChangeCode": "E"
    },
    "isAvailable": true,
    "isPriceAvailable": true,
    "inPromo": true,
    "promotion": [
      {
        "techPromoId": "100936COLR",
        "promotionId": "100936",
        "promotionType": "3",
        "isPersonalized": "N",
        "publicationStartDate": "13-03-2024",
        "publicationEndDate": "26-03-2024"
      }
    ],
    "gtin": [
      "03154230814085",
      "07613034719010",
      "07613034719027",
      "07613036955287"
    ],
    "topCategoryName": "Bereidingen/Charcuterie/Vis/Veggie",
    "topCategoryId": "105",
    "businessDomain": "RETAIL_BE",
    "IsPrivateLabel": false,
    "IsBiffe": false,
    "WeightconversionFactor": "0",
    "IsWeightArticle": false,
    "nutriscoreLabel": "D",
    "IsBio": false,
    "CountryOfOrigin": "BELGIË",
    "IsExclusivelySoldInLuxembourg": false,
    "OrderUnit": "P",
    "ShortName": "HER.GER SPEKREEP 2X100G",
    "IsNew": false,
    "RecentQuanityOfStockUnits": "1",
    "LongName": "HERTA spekreepjes gerookt 2x100g",
    "AlcoholVolume": "0",
    "FicCode": "E"
  },
  {
    "productId": "11788",
    "technicalArticleNumber": "1389280",
    "commercialArticleNumber": "27997",
    "name": "Tortellini ricotta & spinazie",
    "description": "*Verse pasta,\n40 % vulling:\nspinazie, ricotta\n*In de kookpot",
    "brand": "BONI",
    "seoBrand": "Boni Selection",
    "thumbNail": "https://static.colruytgroup.com/images/200x200/std.lang.all/39/48/asset-3003948.jpg",
    "fullImage": "https://static.colruytgroup.com/images/500x500/std.lang.all/39/48/asset-3003948.jpg",
    "squareImage": "https://static.colruytgroup.com/images/500x500sq/std.lang.all/39/48/asset-3003948.jpg",
    "content": "500g",
    "walkRouteSequenceNumber": 6663,
    "price": {
      "basicPrice": 2.43,
      "recommendedQuantity": "1.0",
      "measurementUnitPrice": 4.86,
      "measurementUnit": "K",
      "isRedPrice": false,
      "pricePerUOM": 4.86,
      "activationDate": "20-03-2024",
      "recordSource": "Offline",
      "isPromoActive": "N",
      "priceChangeCode": "L"
    },
    "isAvailable": true,
    "isPriceAvailable": true,
    "inPromo": false,
    "gtin": [
      "05400141594973",
      "05400141535686",
      "15400141535683",
      "15400141625193",
      "15400141240884",
      "15400141378662",
      "05400141378665",
      "05400141084320",
      "05400141240887",
      "05400141074697",
      "15400141187431",
      "05400141625196"
    ],
    "topCategoryName": "Bereidingen/Charcuterie/Vis/Veggie",
    "topCategoryId": "105",
    "businessDomain": "RETAIL_BE",
    "IsPrivateLabel": true,
    "IsBiffe": false,
    "WeightconversionFactor": "0",
    "IsWeightArticle": false,
    "nutriscoreLabel": "D",
    "IsBio": false,
    "CountryOfOrigin": "BELGIË",
    "IsExclusivelySoldInLuxembourg": false,
    "OrderUnit": "P",
    "ShortName": "BONI TOR.RIC. SPIN.500G",
    "InSeason": true,
    "IsNew": false,
    "EcoscoreLabel": "C",
    "RecentQuanityOfStockUnits": "1,12",
    "LongName": "BONI Tortellini ricotta & spinazie 500g",
    "AlcoholVolume": "0",
    "StartSeasonDate": "26/11/2018",
    "FicCode": "I",
    "EcoscoreValue": "48"
  },
  {
    "productId": "2057",
    "technicalArticleNumber": "26105",
    "commercialArticleNumber": "26105",
    "name": "kruimeldeeg",
    "description": "*Kant- en klaar\n*Geschikt voor zoete\nbereidingen",
    "brand": "BONI",
    "seoBrand": "Boni Selection",
    "thumbNail": "https://static.colruytgroup.com/images/200x200/std.lang.all/11/16/asset-1921116.jpg",
    "fullImage": "https://static.colruytgroup.com/images/500x500/std.lang.all/11/16/asset-1921116.jpg",
    "squareImage": "https://static.colruytgroup.com/images/500x500sq/std.lang.all/11/16/asset-1921116.jpg",
    "content": "230g",
    "walkRouteSequenceNumber": 6054,
    "price": {
      "basicPrice": 0.8,
      "recommendedQuantity": "1.0",
      "measurementUnitPrice": 3.48,
      "measurementUnit": "K",
      "isRedPrice": false,
      "pricePerUOM": 3.48,
      "activationDate": "20-03-2024",
      "recordSource": "Folder",
      "isPromoActive": "N",
      "priceChangeCode": "L"
    },
    "isAvailable": true,
    "isPriceAvailable": true,
    "inPromo": false,
    "gtin": [
      "05400141164510",
      "05400141244540",
      "15400141244547",
      "15400141461050",
      "15400141921707",
      "15400141584766",
      "05400141584769"
    ],
    "topCategoryName": "Bereidingen/Charcuterie/Vis/Veggie",
    "topCategoryId": "105",
    "businessDomain": "RETAIL_BE",
    "IsPrivateLabel": true,
    "IsBiffe": false,
    "WeightconversionFactor": "0",
    "IsWeightArticle": false,
    "nutriscoreLabel": "D",
    "IsBio": false,
    "CountryOfOrigin": "FRANKRIJK",
    "IsExclusivelySoldInLuxembourg": false,
    "OrderUnit": "P",
    "ShortName": "BONI KRUIMELDEEG 230G",
    "IsNew": false,
    "EcoscoreLabel": "B",
    "RecentQuanityOfStockUnits": "1,10",
    "LongName": "BONI kruimeldeeg 230g",
    "AlcoholVolume": "0",
    "FicCode": "I",
    "EcoscoreValue": "67"
  },
  {
    "productId": "1882",
    "technicalArticleNumber": "26444",
    "commercialArticleNumber": "26444",
    "name": "pannenkoeken 11st",
    "brand": "BONI",
    "seoBrand": "Boni Selection",
    "thumbNail": "https://static.colruytgroup.com/images/200x200/std.lang.all/02/27/asset-2480227.jpg",
    "fullImage": "https://static.colruytgroup.com/images/500x500/std.lang.all/02/27/asset-2480227.jpg",
    "squareImage": "https://static.colruytgroup.com/images/500x500sq/std.lang.all/02/27/asset-2480227.jpg",
    "content": "600g",
    "walkRouteSequenceNumber": 6105,
    "price": {
      "basicPrice": 2.35,
      "recommendedQuantity": "1.0",
      "measurementUnitPrice": 3.92,
      "measurementUnit": "K",
      "isRedPrice": false,
      "pricePerUOM": 3.92,
      "activationDate": "17-02-2024",
      "recordSource": "Offline",
      "isPromoActive": "N",
      "priceChangeCode": "E"
    },
    "isAvailable": true,
    "isPriceAvailable": true,
    "inPromo": false,
    "gtin": [
      "05400141958539",
      "15400141958536",
      "15400141244509",
      "05400141036329",
      "05400141081695",
      "05400141244489",
      "05400141464443",
      "15400141920045"
    ],
    "topCategoryName": "Bereidingen/Charcuterie/Vis/Veggie",
    "topCategoryId": "105",
    "businessDomain": "RETAIL_BE",
    "IsPrivateLabel": true,
    "IsBiffe": false,
    "WeightconversionFactor": "0",
    "IsWeightArticle": false,
    "nutriscoreLabel": "C",
    "IsBio": false,
    "CountryOfOrigin": "BELGIË",
    "IsExclusivelySoldInLuxembourg": false,
    "OrderUnit": "P",
    "ShortName": "BONI PANNENK 600G",
    "IsNew": false,
    "EcoscoreLabel": "A",
    "RecentQuanityOfStockUnits": "1,8",
    "LongName": "BONI pannenkoeken 11st 600g",
    "AlcoholVolume": "0",
    "FicCode": "I",
    "EcoscoreValue": "90"
  },
  {
    "productId": "159125",
    "technicalArticleNumber": "3266123",
    "commercialArticleNumber": "36561",
    "name": "kipcurrysalade",
    "description": "*49 % kip\n*Met currysaus",
    "brand": "BONI",
    "seoBrand": "Boni Selection",
    "thumbNail": "https://static.colruytgroup.com/images/200x200/std.lang.all/74/17/asset-2617417.jpg",
    "fullImage": "https://static.colruytgroup.com/images/500x500/std.lang.all/74/17/asset-2617417.jpg",
    "squareImage": "https://static.colruytgroup.com/images/500x500sq/std.lang.all/74/17/asset-2617417.jpg",
    "content": "200g",
    "walkRouteSequenceNumber": 7953,
    "price": {
      "basicPrice": 2.15,
      "recommendedQuantity": "1.0",
      "measurementUnitPrice": 10.75,
      "measurementUnit": "K",
      "isRedPrice": false,
      "pricePerUOM": 10.75,
      "activationDate": "14-03-2024",
      "recordSource": "Offline",
      "isPromoActive": "N",
      "priceChangeCode": "E"
    },
    "isAvailable": true,
    "isPriceAvailable": true,
    "inPromo": false,
    "gtin": [
      "05400141615838",
      "05400141351408",
      "05400141188752",
      "15400141906001",
      "05400141798067"
    ],
    "topCategoryName": "Bereidingen/Charcuterie/Vis/Veggie",
    "topCategoryId": "105",
    "businessDomain": "RETAIL_BE",
    "IsPrivateLabel": true,
    "IsBiffe": false,
    "WeightconversionFactor": "0",
    "IsWeightArticle": false,
    "nutriscoreLabel": "D",
    "IsBio": false,
    "CountryOfOrigin": "BELGIË",
    "IsExclusivelySoldInLuxembourg": false,
    "OrderUnit": "P",
    "ShortName": "BONI KIP CURRY 200GR",
    "IsNew": false,
    "EcoscoreLabel": "E",
    "RecentQuanityOfStockUnits": "1",
    "LongName": "BONI kipcurrysalade 200g",
    "AlcoholVolume": "0",
    "FicCode": "I",
    "EcoscoreValue": "19"
  },
  {
    "productId": "26080",
    "technicalArticleNumber": "1977593",
    "commercialArticleNumber": "27015",
    "name": "salami ministicks",
    "description": "*Frankrijk\n*Droge worst\n*94 % varkensvlees,\nnatuurgerijpt",
    "brand": "BONI",
    "seoBrand": "Boni Selection",
    "thumbNail": "https://static.colruytgroup.com/images/200x200/std.lang.all/93/32/asset-2509332.jpg",
    "fullImage": "https://static.colruytgroup.com/images/500x500/std.lang.all/93/32/asset-2509332.jpg",
    "squareImage": "https://static.colruytgroup.com/images/500x500sq/std.lang.all/93/32/asset-2509332.jpg",
    "content": "12st",
    "walkRouteSequenceNumber": 6794,
    "price": {
      "basicPrice": 2.49,
      "recommendedQuantity": "1.0",
      "measurementUnitPrice": 20.75,
      "measurementUnit": "K",
      "isRedPrice": false,
      "pricePerUOM": 20.75,
      "activationDate": "17-01-2024",
      "recordSource": "Offline",
      "isPromoActive": "N",
      "priceChangeCode": "H"
    },
    "isAvailable": true,
    "isPriceAvailable": true,
    "inPromo": false,
    "gtin": [
      "15400141911937",
      "15400141375678",
      "05400141375671",
      "05400141197341",
      "05400141270150"
    ],
    "topCategoryName": "Bereidingen/Charcuterie/Vis/Veggie",
    "topCategoryId": "105",
    "businessDomain": "RETAIL_BE",
    "IsPrivateLabel": true,
    "IsBiffe": false,
    "WeightconversionFactor": "0",
    "IsWeightArticle": false,
    "nutriscoreLabel": "E",
    "IsBio": false,
    "CountryOfOrigin": "FRANKRIJK",
    "IsExclusivelySoldInLuxembourg": false,
    "OrderUnit": "P",
    "ShortName": "BONI MINI STICK120GR",
    "IsNew": false,
    "EcoscoreLabel": "E",
    "RecentQuanityOfStockUnits": "1",
    "LongName": "BONI salami ministicks 12st",
    "AlcoholVolume": "0",
    "FicCode": "I",
    "EcoscoreValue": "16"
  },
  {
    "productId": "423892",
    "technicalArticleNumber": "3948261",
    "commercialArticleNumber": "1759",
    "name": "Superieur ham natuur 3 sn.",
    "description": "*Frankrijk\n*Gekookte ham\n*Boterham, koude\nschotel",
    "brand": "HERTA",
    "seoBrand": "Herta",
    "thumbNail": "https://static.colruytgroup.com/images/200x200/std.lang.all/54/24/asset-3225424.jpg",
    "fullImage": "https://static.colruytgroup.com/images/500x500/std.lang.all/54/24/asset-3225424.jpg",
    "squareImage": "https://static.colruytgroup.com/images/500x500sq/std.lang.all/54/24/asset-3225424.jpg",
    "content": "100g",
    "walkRouteSequenceNumber": 7866,
    "price": {
      "basicPrice": 2.59,
      "recommendedQuantity": "1.0",
      "measurementUnitPrice": 25.9,
      "measurementUnit": "K",
      "isRedPrice": false,
      "pricePerUOM": 25.9,
      "activationDate": "14-03-2024",
      "recordSource": "Offline",
      "isPromoActive": "N",
      "priceChangeCode": "E"
    },
    "isAvailable": true,
    "isPriceAvailable": true,
    "inPromo": true,
    "promotion": [
      {
        "techPromoId": "100936COLR",
        "promotionId": "100936",
        "promotionType": "3",
        "isPersonalized": "N",
        "publicationStartDate": "13-03-2024",
        "publicationEndDate": "26-03-2024"
      }
    ],
    "gtin": [
      "07613036942850",
      "05410573033018",
      "25410573033012",
      "03154230808992"
    ],
    "topCategoryName": "Bereidingen/Charcuterie/Vis/Veggie",
    "topCategoryId": "105",
    "businessDomain": "RETAIL_BE",
    "IsPrivateLabel": false,
    "IsBiffe": false,
    "WeightconversionFactor": "0",
    "IsWeightArticle": false,
    "nutriscoreLabel": "C",
    "IsBio": false,
    "CountryOfOrigin": "FRANKRIJK",
    "IsExclusivelySoldInLuxembourg": false,
    "OrderUnit": "P",
    "ShortName": "HERT SUPER.NAT.3SN 100G",
    "IsNew": false,
    "RecentQuanityOfStockUnits": "1",
    "LongName": "HERTA Superieur ham natuur 3 sn. 100g",
    "AlcoholVolume": "0",
    "FicCode": "E"
  },
  {
    "productId": "179494",
    "technicalArticleNumber": "3354197",
    "commercialArticleNumber": "22426",
    "name": "gehaktballen",
    "description": "*België\n*Boterham, koude\nschotel",
    "brand": "EVERYDAY",
    "seoBrand": "Everyday",
    "thumbNail": "https://static.colruytgroup.com/images/200x200/std.lang.all/66/80/asset-766680.jpg",
    "fullImage": "https://static.colruytgroup.com/images/500x500/std.lang.all/66/80/asset-766680.jpg",
    "squareImage": "https://static.colruytgroup.com/images/500x500sq/std.lang.all/66/80/asset-766680.jpg",
    "content": "8x60g",
    "walkRouteSequenceNumber": 7729,
    "price": {
      "basicPrice": 2.87,
      "recommendedQuantity": "1.0",
      "measurementUnitPrice": 5.98,
      "measurementUnit": "K",
      "isRedPrice": false,
      "pricePerUOM": 5.98,
      "activationDate": "13-12-2023",
      "recordSource": "Offline",
      "isPromoActive": "N",
      "priceChangeCode": "H"
    },
    "isAvailable": true,
    "isPriceAvailable": true,
    "inPromo": false,
    "gtin": [
      "05400141321104",
      "05400141935240",
      "05400141423488",
      "05400141603941"
    ],
    "topCategoryName": "Bereidingen/Charcuterie/Vis/Veggie",
    "topCategoryId": "105",
    "businessDomain": "RETAIL_BE",
    "IsPrivateLabel": true,
    "IsBiffe": false,
    "WeightconversionFactor": "0",
    "IsWeightArticle": false,
    "nutriscoreLabel": "D",
    "IsBio": false,
    "CountryOfOrigin": "BELGIË",
    "IsExclusivelySoldInLuxembourg": false,
    "OrderUnit": "P",
    "ShortName": "EVD GEHAKTBAL 8X60G",
    "IsNew": false,
    "EcoscoreLabel": "E",
    "RecentQuanityOfStockUnits": "1",
    "LongName": "EVERYDAY gehaktballen 8x60g",
    "AlcoholVolume": "0",
    "FicCode": "I",
    "EcoscoreValue": "5"
  },
  {
    "productId": "42661",
    "technicalArticleNumber": "2489442",
    "commercialArticleNumber": "39346",
    "name": "Prosciutto di Parma",
    "description": "*Italië, IGP\n*Gedroogd\n*Boterham, koud\nbuffet, aperitief,\nvoorgerecht",
    "brand": "BONI",
    "seoBrand": "Boni Selection",
    "thumbNail": "https://static.colruytgroup.com/images/200x200/std.lang.all/53/22/asset-2165322.jpg",
    "fullImage": "https://static.colruytgroup.com/images/500x500/std.lang.all/53/22/asset-2165322.jpg",
    "squareImage": "https://static.colruytgroup.com/images/500x500sq/std.lang.all/53/22/asset-2165322.jpg",
    "content": "90g",
    "walkRouteSequenceNumber": 7838,
    "price": {
      "basicPrice": 2.99,
      "recommendedQuantity": "1.0",
      "measurementUnitPrice": 33.23,
      "measurementUnit": "K",
      "isRedPrice": false,
      "pricePerUOM": 33.23,
      "activationDate": "13-03-2024",
      "recordSource": "Offline",
      "isPromoActive": "N",
      "priceChangeCode": "L"
    },
    "isAvailable": true,
    "isPriceAvailable": true,
    "inPromo": false,
    "gtin": [
      "05400141191066",
      "15400141916550",
      "05400141374384",
      "15400141374381",
      "05400141042191"
    ],
    "topCategoryName": "Bereidingen/Charcuterie/Vis/Veggie",
    "topCategoryId": "105",
    "businessDomain": "RETAIL_BE",
    "IsPrivateLabel": true,
    "IsBiffe": false,
    "WeightconversionFactor": "0",
    "IsWeightArticle": false,
    "nutriscoreLabel": "E",
    "IsBio": false,
    "CountryOfOrigin": "ITALIË",
    "IsExclusivelySoldInLuxembourg": false,
    "OrderUnit": "P",
    "ShortName": "BONI PARMAHAM 90G 13M",
    "IsNew": false,
    "EcoscoreLabel": "E",
    "RecentQuanityOfStockUnits": "1",
    "LongName": "BONI Prosciutto di Parma 90g",
    "AlcoholVolume": "0",
    "FicCode": "I",
    "EcoscoreValue": "0"
  },
  {
    "productId": "2240",
    "technicalArticleNumber": "27944",
    "commercialArticleNumber": "27944",
    "name": "gerookte forelfilet",
    "description": "*Aquacultuur uit\nDenemarken\n*Traditioneel\ngerookt en gezouten",
    "brand": "BONI",
    "seoBrand": "Boni Selection",
    "thumbNail": "https://static.colruytgroup.com/images/200x200/std.lang.all/75/55/asset-3457555.jpg",
    "fullImage": "https://static.colruytgroup.com/images/500x500/std.lang.all/75/55/asset-3457555.jpg",
    "squareImage": "https://static.colruytgroup.com/images/500x500sq/std.lang.all/75/55/asset-3457555.jpg",
    "content": "125g",
    "walkRouteSequenceNumber": 7476,
    "price": {
      "basicPrice": 2.69,
      "recommendedQuantity": "1.0",
      "measurementUnitPrice": 21.52,
      "measurementUnit": "K",
      "isRedPrice": true,
      "redPriceReason": "Promo",
      "pricePerUOM": 21.52,
      "activationDate": "21-03-2024",
      "isPromoActive": "Y",
      "priceChangeCode": "H"
    },
    "isAvailable": true,
    "isPriceAvailable": true,
    "inPromo": false,
    "gtin": [
      "05400141339536",
      "15400141973782",
      "05400141413120",
      "15400141938897",
      "05412446440206"
    ],
    "topCategoryName": "Bereidingen/Charcuterie/Vis/Veggie",
    "topCategoryId": "105",
    "businessDomain": "RETAIL_BE",
    "IsPrivateLabel": true,
    "IsBiffe": false,
    "WeightconversionFactor": "0",
    "IsWeightArticle": false,
    "nutriscoreLabel": "D",
    "IsBio": false,
    "CountryOfOrigin": "BELGIË",
    "IsExclusivelySoldInLuxembourg": false,
    "OrderUnit": "P",
    "ShortName": "BONI GER.FORELFILET125G",
    "IsNew": false,
    "EcoscoreLabel": "D",
    "RecentQuanityOfStockUnits": "1,10",
    "LongName": "BONI gerookte forelfilet 125g",
    "AlcoholVolume": "0",
    "FicCode": "I",
    "EcoscoreValue": "36"
  },
  {
    "productId": "65304",
    "technicalArticleNumber": "2824416",
    "commercialArticleNumber": "26558",
    "name": "salami met look sneetjes",
    "description": "*België\n*Salami met look\n*64 % vlees\n*Boterham, koude\nschotels",
    "brand": "EVERYDAY",
    "seoBrand": "Everyday",
    "thumbNail": "https://static.colruytgroup.com/images/200x200/std.lang.all/03/72/asset-610372.jpg",
    "fullImage": "https://static.colruytgroup.com/images/500x500/std.lang.all/03/72/asset-610372.jpg",
    "squareImage": "https://static.colruytgroup.com/images/500x500sq/std.lang.all/03/72/asset-610372.jpg",
    "content": "225g",
    "walkRouteSequenceNumber": 7815,
    "price": {
      "basicPrice": 1.72,
      "recommendedQuantity": "1.0",
      "measurementUnitPrice": 7.65,
      "measurementUnit": "K",
      "isRedPrice": false,
      "pricePerUOM": 7.65,
      "activationDate": "15-03-2024",
      "recordSource": "Offline",
      "isPromoActive": "N",
      "priceChangeCode": "E"
    },
    "isAvailable": true,
    "isPriceAvailable": true,
    "inPromo": false,
    "gtin": [
      "05400141027280",
      "05400141453119",
      "05400141491975",
      "15400141916635",
      "05400141324778",
      "05400141191134",
      "05400141150087"
    ],
    "topCategoryName": "Bereidingen/Charcuterie/Vis/Veggie",
    "topCategoryId": "105",
    "businessDomain": "RETAIL_BE",
    "IsPrivateLabel": true,
    "IsBiffe": false,
    "WeightconversionFactor": "0",
    "IsWeightArticle": false,
    "nutriscoreLabel": "E",
    "IsBio": false,
    "CountryOfOrigin": "BELGIË",
    "IsExclusivelySoldInLuxembourg": false,
    "OrderUnit": "P",
    "ShortName": "EVD SALAMI LOOK 225GR",
    "IsNew": false,
    "EcoscoreLabel": "E",
    "RecentQuanityOfStockUnits": "1",
    "LongName": "EVERYDAY salami met look sneetjes 225g",
    "AlcoholVolume": "0",
    "FicCode": "I",
    "EcoscoreValue": "15"
  },
  {
    "productId": "128725",
    "technicalArticleNumber": "3253279",
    "commercialArticleNumber": "23554",
    "name": "kipfilet tuinkr. sneetjes",
    "description": "*België\n*99 % kippenvlees",
    "brand": "BONI",
    "seoBrand": "Boni Selection",
    "thumbNail": "https://static.colruytgroup.com/images/200x200/std.lang.all/90/33/asset-3349033.jpg",
    "fullImage": "https://static.colruytgroup.com/images/500x500/std.lang.all/90/33/asset-3349033.jpg",
    "squareImage": "https://static.colruytgroup.com/images/500x500sq/std.lang.all/90/33/asset-3349033.jpg",
    "content": "150g",
    "walkRouteSequenceNumber": 7897,
    "price": {
      "basicPrice": 1.99,
      "recommendedQuantity": "1.0",
      "measurementUnitPrice": 13.27,
      "measurementUnit": "K",
      "isRedPrice": false,
      "pricePerUOM": 13.27,
      "activationDate": "22-03-2024",
      "recordSource": "Folder",
      "isPromoActive": "N",
      "priceChangeCode": "E"
    },
    "isAvailable": true,
    "isPriceAvailable": true,
    "inPromo": false,
    "gtin": [
      "05400141325218",
      "05400141191226",
      "05400141364125",
      "05400141191127",
      "05400141979183"
    ],
    "topCategoryName": "Bereidingen/Charcuterie/Vis/Veggie",
    "topCategoryId": "105",
    "businessDomain": "RETAIL_BE",
    "IsPrivateLabel": true,
    "IsBiffe": false,
    "WeightconversionFactor": "0",
    "IsWeightArticle": false,
    "nutriscoreLabel": "D",
    "IsBio": false,
    "CountryOfOrigin": "BELGIË",
    "IsExclusivelySoldInLuxembourg": false,
    "OrderUnit": "P",
    "ShortName": "BONI KIPFIL TUINKR 150G",
    "IsNew": false,
    "EcoscoreLabel": "C",
    "RecentQuanityOfStockUnits": "1",
    "LongName": "BONI kipfilet tuinkr. sneetjes 150g",
    "AlcoholVolume": "0",
    "FicCode": "I",
    "EcoscoreValue": "52"
  },
  {
    "productId": "871031",
    "technicalArticleNumber": "4724867",
    "commercialArticleNumber": "5492",
    "name": "ontvette ham glutenvrij",
    "description": "*\n*",
    "brand": "BONI",
    "seoBrand": "Boni Selection",
    "thumbNail": "https://static.colruytgroup.com/images/200x200/std.lang.all/03/75/asset-3320375.jpg",
    "fullImage": "https://static.colruytgroup.com/images/500x500/std.lang.all/03/75/asset-3320375.jpg",
    "squareImage": "https://static.colruytgroup.com/images/500x500sq/std.lang.all/03/75/asset-3320375.jpg",
    "content": "300g",
    "walkRouteSequenceNumber": 7878,
    "price": {
      "basicPrice": 4.29,
      "recommendedQuantity": "1.0",
      "measurementUnitPrice": 14.3,
      "measurementUnit": "K",
      "isRedPrice": false,
      "pricePerUOM": 14.3,
      "activationDate": "20-11-2023",
      "recordSource": "Offline",
      "isPromoActive": "N",
      "priceChangeCode": "E"
    },
    "isAvailable": true,
    "isPriceAvailable": true,
    "inPromo": false,
    "gtin": [
      "05400141902273"
    ],
    "topCategoryName": "Bereidingen/Charcuterie/Vis/Veggie",
    "topCategoryId": "105",
    "businessDomain": "RETAIL_BE",
    "IsPrivateLabel": true,
    "IsBiffe": false,
    "WeightconversionFactor": "0",
    "IsWeightArticle": false,
    "nutriscoreLabel": "D",
    "IsBio": false,
    "CountryOfOrigin": "BELGIË",
    "IsExclusivelySoldInLuxembourg": false,
    "OrderUnit": "P",
    "ShortName": "BONI ONTVET.HAM GV 300G",
    "IsNew": false,
    "EcoscoreLabel": "E",
    "RecentQuanityOfStockUnits": "1",
    "LongName": "BONI ontvette ham glutenvrij 300g",
    "AlcoholVolume": "0",
    "FicCode": "I",
    "EcoscoreValue": "12"
  },
  {
    "productId": "21091",
    "technicalArticleNumber": "1963547",
    "commercialArticleNumber": "27345",
    "name": "droge worst mager",
    "description": "*Frankrijk\n*Droge varkensworst\n*88,5 % varkensvlees",
    "brand": "BONI",
    "seoBrand": "Boni Selection",
    "thumbNail": "https://static.colruytgroup.com/images/200x200/std.lang.all/00/62/asset-3420062.jpg",
    "fullImage": "https://static.colruytgroup.com/images/500x500/std.lang.all/00/62/asset-3420062.jpg",
    "squareImage": "https://static.colruytgroup.com/images/500x500sq/std.lang.all/00/62/asset-3420062.jpg",
    "content": "200g",
    "walkRouteSequenceNumber": 7779,
    "price": {
      "basicPrice": 2.79,
      "recommendedQuantity": "1.0",
      "measurementUnitPrice": 13.95,
      "measurementUnit": "K",
      "isRedPrice": false,
      "pricePerUOM": 13.95,
      "activationDate": "14-11-2023",
      "isPromoActive": "N",
      "priceChangeCode": "E"
    },
    "isAvailable": true,
    "isPriceAvailable": true,
    "inPromo": false,
    "gtin": [
      "05400141197358",
      "15400141372189",
      "15400141911968",
      "05400141372182"
    ],
    "topCategoryName": "Bereidingen/Charcuterie/Vis/Veggie",
    "topCategoryId": "105",
    "businessDomain": "RETAIL_BE",
    "IsPrivateLabel": true,
    "IsBiffe": false,
    "WeightconversionFactor": "0",
    "IsWeightArticle": false,
    "nutriscoreLabel": "E",
    "IsBio": false,
    "CountryOfOrigin": "FRANKRIJK",
    "IsExclusivelySoldInLuxembourg": false,
    "OrderUnit": "P",
    "ShortName": "BONI DR WORST VAR200G",
    "InSeason": true,
    "IsNew": false,
    "EcoscoreLabel": "D",
    "RecentQuanityOfStockUnits": "1",
    "LongName": "BONI droge worst mager 200g",
    "AlcoholVolume": "0",
    "StartSeasonDate": "26/10/2011",
    "FicCode": "I",
    "EcoscoreValue": "21"
  },
  {
    "productId": "570389",
    "technicalArticleNumber": "4214928",
    "commercialArticleNumber": "27227",
    "name": "filet de saxe GV",
    "description": "Boni filet de saxe glutenvrij",
    "brand": "BONI",
    "seoBrand": "Boni Selection",
    "thumbNail": "https://static.colruytgroup.com/images/200x200/std.lang.all/40/40/asset-3364040.jpg",
    "fullImage": "https://static.colruytgroup.com/images/500x500/std.lang.all/40/40/asset-3364040.jpg",
    "squareImage": "https://static.colruytgroup.com/images/500x500sq/std.lang.all/40/40/asset-3364040.jpg",
    "content": "200g",
    "walkRouteSequenceNumber": 7791,
    "price": {
      "basicPrice": 3.78,
      "recommendedQuantity": "1.0",
      "measurementUnitPrice": 18.9,
      "measurementUnit": "K",
      "isRedPrice": false,
      "pricePerUOM": 18.9,
      "activationDate": "19-02-2024",
      "recordSource": "Offline",
      "isPromoActive": "N",
      "priceChangeCode": "H"
    },
    "isAvailable": true,
    "isPriceAvailable": true,
    "inPromo": false,
    "gtin": [
      "05400141351811",
      "05400141380644"
    ],
    "topCategoryName": "Bereidingen/Charcuterie/Vis/Veggie",
    "topCategoryId": "105",
    "businessDomain": "RETAIL_BE",
    "IsPrivateLabel": true,
    "IsBiffe": false,
    "WeightconversionFactor": "0",
    "IsWeightArticle": false,
    "nutriscoreLabel": "D",
    "IsBio": false,
    "CountryOfOrigin": "BELGIË",
    "IsExclusivelySoldInLuxembourg": false,
    "OrderUnit": "P",
    "ShortName": "BONI GV FILET SAXE 200G",
    "IsNew": false,
    "EcoscoreLabel": "D",
    "RecentQuanityOfStockUnits": "1",
    "LongName": "BONI filet de saxe GV 200g",
    "AlcoholVolume": "0",
    "FicCode": "I",
    "EcoscoreValue": "26"
  },
  {
    "productId": "583010",
    "technicalArticleNumber": "4236539",
    "commercialArticleNumber": "27175",
    "name": "spek gerookt sneetjes",
    "brand": "EVERYDAY",
    "seoBrand": "Everyday",
    "thumbNail": "https://static.colruytgroup.com/images/200x200/std.lang.all/27/01/asset-2092701.jpg",
    "fullImage": "https://static.colruytgroup.com/images/500x500/std.lang.all/27/01/asset-2092701.jpg",
    "squareImage": "https://static.colruytgroup.com/images/500x500sq/std.lang.all/27/01/asset-2092701.jpg",
    "content": "250g",
    "walkRouteSequenceNumber": 7754,
    "price": {
      "basicPrice": 2.89,
      "recommendedQuantity": "1.0",
      "measurementUnitPrice": 11.56,
      "measurementUnit": "K",
      "isRedPrice": false,
      "pricePerUOM": 11.56,
      "activationDate": "12-03-2024",
      "recordSource": "Offline",
      "isPromoActive": "N",
      "priceChangeCode": "H"
    },
    "isAvailable": true,
    "isPriceAvailable": true,
    "inPromo": false,
    "gtin": [
      "15400141364320",
      "05400141477108",
      "05400141978667",
      "05400141364323",
      "25400141978661"
    ],
    "topCategoryName": "Bereidingen/Charcuterie/Vis/Veggie",
    "topCategoryId": "105",
    "businessDomain": "RETAIL_BE",
    "IsPrivateLabel": true,
    "IsBiffe": false,
    "WeightconversionFactor": "0",
    "IsWeightArticle": false,
    "IsBio": false,
    "CountryOfOrigin": "BELGIË",
    "IsExclusivelySoldInLuxembourg": false,
    "OrderUnit": "P",
    "ShortName": "EVD GER SPEKSNEDEN 250G",
    "IsNew": false,
    "EcoscoreLabel": "E",
    "RecentQuanityOfStockUnits": "1",
    "LongName": "EVERYDAY spek gerookt sneetjes 250g",
    "AlcoholVolume": "0",
    "FicCode": "I",
    "EcoscoreValue": "15"
  },
  {
    "productId": "581979",
    "technicalArticleNumber": "4235082",
    "commercialArticleNumber": "27172",
    "name": "Vleessalade",
    "description": "Vleessalade op basis van een dressing,\nmet stukjes groenten (augurken,\najuin). Het vlees bestaat zowel uit\ngekookte worst als uit gekookte ham.\nAfkomstig uit ons eigen lastenboek",
    "brand": "EVERYDAY",
    "seoBrand": "Everyday",
    "thumbNail": "https://static.colruytgroup.com/images/200x200/std.lang.all/10/24/asset-2451024.jpg",
    "fullImage": "https://static.colruytgroup.com/images/500x500/std.lang.all/10/24/asset-2451024.jpg",
    "squareImage": "https://static.colruytgroup.com/images/500x500sq/std.lang.all/10/24/asset-2451024.jpg",
    "content": "250g",
    "walkRouteSequenceNumber": 7956,
    "price": {
      "basicPrice": 1.43,
      "recommendedQuantity": "1.0",
      "measurementUnitPrice": 5.72,
      "measurementUnit": "K",
      "isRedPrice": false,
      "pricePerUOM": 5.72,
      "activationDate": "11-01-2024",
      "recordSource": "Offline",
      "isPromoActive": "N",
      "priceChangeCode": "H"
    },
    "isAvailable": true,
    "isPriceAvailable": true,
    "inPromo": false,
    "gtin": [
      "05400141363777",
      "15400141781875",
      "05400141781878"
    ],
    "topCategoryName": "Bereidingen/Charcuterie/Vis/Veggie",
    "topCategoryId": "105",
    "businessDomain": "RETAIL_BE",
    "IsPrivateLabel": true,
    "IsBiffe": false,
    "WeightconversionFactor": "0",
    "IsWeightArticle": false,
    "nutriscoreLabel": "D",
    "IsBio": false,
    "CountryOfOrigin": "BELGIË",
    "IsExclusivelySoldInLuxembourg": false,
    "OrderUnit": "P",
    "ShortName": "EVD VLEESSALADE 250G",
    "IsNew": false,
    "EcoscoreLabel": "D",
    "RecentQuanityOfStockUnits": "1",
    "LongName": "EVERYDAY Vleessalade 250g",
    "AlcoholVolume": "0",
    "FicCode": "I",
    "EcoscoreValue": "35"
  },
  {
    "productId": "207323",
    "technicalArticleNumber": "3519570",
    "commercialArticleNumber": "27231",
    "name": "bacon sneetjes GV",
    "description": "*Belgie\n*Licht gezout\n*Broodvulling, koude gerechten\n*Glutenvrij",
    "brand": "BONI",
    "seoBrand": "Boni Selection",
    "thumbNail": "https://static.colruytgroup.com/images/200x200/std.lang.all/58/74/asset-1525874.jpg",
    "fullImage": "https://static.colruytgroup.com/images/500x500/std.lang.all/58/74/asset-1525874.jpg",
    "squareImage": "https://static.colruytgroup.com/images/500x500sq/std.lang.all/58/74/asset-1525874.jpg",
    "content": "200g",
    "walkRouteSequenceNumber": 7790,
    "price": {
      "basicPrice": 2.92,
      "recommendedQuantity": "1.0",
      "measurementUnitPrice": 14.6,
      "measurementUnit": "K",
      "isRedPrice": false,
      "pricePerUOM": 14.6,
      "activationDate": "24-05-2023",
      "recordSource": "Offline",
      "isPromoActive": "N",
      "priceChangeCode": "H"
    },
    "isAvailable": true,
    "isPriceAvailable": true,
    "inPromo": false,
    "gtin": [
      "15400141856559",
      "15400141320623",
      "05400141375992",
      "05400141321173",
      "05400141320619"
    ],
    "topCategoryName": "Bereidingen/Charcuterie/Vis/Veggie",
    "topCategoryId": "105",
    "businessDomain": "RETAIL_BE",
    "IsPrivateLabel": true,
    "IsBiffe": false,
    "WeightconversionFactor": "0",
    "IsWeightArticle": false,
    "nutriscoreLabel": "D",
    "IsBio": false,
    "CountryOfOrigin": "BELGIË",
    "IsExclusivelySoldInLuxembourg": false,
    "OrderUnit": "P",
    "ShortName": "BONI GV BACON SNED 200G",
    "IsNew": false,
    "EcoscoreLabel": "D",
    "RecentQuanityOfStockUnits": "1",
    "LongName": "BONI bacon sneetjes GV 200g",
    "AlcoholVolume": "0",
    "FicCode": "I",
    "EcoscoreValue": "38"
  },
  {
    "productId": "470609",
    "technicalArticleNumber": "4067777",
    "commercialArticleNumber": "27786",
    "name": "Vleessalade | Zonder gluten",
    "brand": "BONI",
    "seoBrand": "Boni Selection",
    "thumbNail": "https://static.colruytgroup.com/images/200x200/std.lang.all/82/74/asset-2428274.jpg",
    "fullImage": "https://static.colruytgroup.com/images/500x500/std.lang.all/82/74/asset-2428274.jpg",
    "squareImage": "https://static.colruytgroup.com/images/500x500sq/std.lang.all/82/74/asset-2428274.jpg",
    "content": "200g",
    "walkRouteSequenceNumber": 7944,
    "price": {
      "basicPrice": 1.95,
      "recommendedQuantity": "1.0",
      "measurementUnitPrice": 9.75,
      "measurementUnit": "K",
      "isRedPrice": false,
      "pricePerUOM": 9.75,
      "activationDate": "14-03-2024",
      "recordSource": "Offline",
      "isPromoActive": "N",
      "priceChangeCode": "E"
    },
    "isAvailable": true,
    "isPriceAvailable": true,
    "inPromo": false,
    "gtin": [
      "05400141980196",
      "05400141270488",
      "05400141333855",
      "05400141771022"
    ],
    "topCategoryName": "Bereidingen/Charcuterie/Vis/Veggie",
    "topCategoryId": "105",
    "businessDomain": "RETAIL_BE",
    "IsPrivateLabel": true,
    "IsBiffe": false,
    "WeightconversionFactor": "0",
    "IsWeightArticle": false,
    "nutriscoreLabel": "D",
    "IsBio": false,
    "CountryOfOrigin": "BELGIË",
    "IsExclusivelySoldInLuxembourg": false,
    "OrderUnit": "P",
    "ShortName": "GV BONI VLEESSALAD 200G",
    "IsNew": false,
    "EcoscoreLabel": "D",
    "RecentQuanityOfStockUnits": "1",
    "LongName": "BONI Vleessalade | Zonder gluten 200g",
    "AlcoholVolume": "0",
    "FicCode": "I",
    "EcoscoreValue": "28"
  },
  {
    "productId": "619294",
    "technicalArticleNumber": "4297075",
    "commercialArticleNumber": "27083",
    "name": "TONIJNSALADE",
    "brand": "EVERYDAY",
    "seoBrand": "Everyday",
    "thumbNail": "https://static.colruytgroup.com/images/200x200/std.lang.all/83/10/asset-2428310.jpg",
    "fullImage": "https://static.colruytgroup.com/images/500x500/std.lang.all/83/10/asset-2428310.jpg",
    "squareImage": "https://static.colruytgroup.com/images/500x500sq/std.lang.all/83/10/asset-2428310.jpg",
    "content": "250g",
    "walkRouteSequenceNumber": 7954,
    "price": {
      "basicPrice": 1.29,
      "recommendedQuantity": "1.0",
      "measurementUnitPrice": 5.16,
      "measurementUnit": "K",
      "isRedPrice": false,
      "pricePerUOM": 5.16,
      "activationDate": "09-11-2023",
      "recordSource": "Offline",
      "isPromoActive": "N",
      "priceChangeCode": "L"
    },
    "isAvailable": true,
    "isPriceAvailable": true,
    "inPromo": false,
    "gtin": [
      "05400141781823",
      "05400141491869",
      "05400141660265",
      "05400141419603"
    ],
    "topCategoryName": "Bereidingen/Charcuterie/Vis/Veggie",
    "topCategoryId": "105",
    "businessDomain": "RETAIL_BE",
    "IsPrivateLabel": true,
    "IsBiffe": false,
    "WeightconversionFactor": "0",
    "IsWeightArticle": false,
    "nutriscoreLabel": "C",
    "IsBio": false,
    "CountryOfOrigin": "BELGIË",
    "IsExclusivelySoldInLuxembourg": false,
    "OrderUnit": "P",
    "ShortName": "EVD TONIJNSALADE 250G",
    "IsNew": false,
    "EcoscoreLabel": "C",
    "RecentQuanityOfStockUnits": "1",
    "LongName": "EVERYDAY TONIJNSALADE 250g",
    "AlcoholVolume": "0",
    "FicCode": "I",
    "EcoscoreValue": "48"
  },
  {
    "productId": "861905",
    "technicalArticleNumber": "4712996",
    "commercialArticleNumber": "29090",
    "name": "pannenkoeken",
    "brand": "EVERYDAY",
    "seoBrand": "Everyday",
    "thumbNail": "https://static.colruytgroup.com/images/200x200/std.lang.all/71/28/asset-3257128.jpg",
    "fullImage": "https://static.colruytgroup.com/images/500x500/std.lang.all/71/28/asset-3257128.jpg",
    "squareImage": "https://static.colruytgroup.com/images/500x500sq/std.lang.all/71/28/asset-3257128.jpg",
    "content": "600g",
    "walkRouteSequenceNumber": 6103,
    "price": {
      "basicPrice": 1.69,
      "recommendedQuantity": "1.0",
      "measurementUnitPrice": 2.82,
      "measurementUnit": "K",
      "isRedPrice": false,
      "pricePerUOM": 2.82,
      "activationDate": "22-03-2024",
      "recordSource": "Offline",
      "isPromoActive": "N",
      "priceChangeCode": "L"
    },
    "isAvailable": true,
    "isPriceAvailable": true,
    "inPromo": false,
    "gtin": [
      "05400141443905",
      "15400141443902"
    ],
    "topCategoryName": "Bereidingen/Charcuterie/Vis/Veggie",
    "topCategoryId": "105",
    "businessDomain": "RETAIL_BE",
    "IsPrivateLabel": true,
    "IsBiffe": false,
    "WeightconversionFactor": "0",
    "IsWeightArticle": false,
    "nutriscoreLabel": "C",
    "IsBio": false,
    "CountryOfOrigin": "NEDERLAND",
    "IsExclusivelySoldInLuxembourg": false,
    "OrderUnit": "P",
    "ShortName": "EVD PANNENKOEK 600G",
    "IsNew": false,
    "EcoscoreLabel": "B",
    "RecentQuanityOfStockUnits": "1,10",
    "LongName": "EVERYDAY pannenkoeken 600g",
    "AlcoholVolume": "0",
    "FicCode": "I",
    "EcoscoreValue": "66"
  },
  {
    "productId": "688915",
    "technicalArticleNumber": "4414337",
    "commercialArticleNumber": "27244",
    "name": "ontvette ham glutenvrij",
    "description": "* Ontvette gekookte ham\n* Als broodbeleg, op koude schotel of\nwarme bereidingen\n* Gluttenvrij",
    "brand": "BONI",
    "seoBrand": "Boni Selection",
    "thumbNail": "https://static.colruytgroup.com/images/200x200/std.lang.all/61/65/asset-3356165.jpg",
    "fullImage": "https://static.colruytgroup.com/images/500x500/std.lang.all/61/65/asset-3356165.jpg",
    "squareImage": "https://static.colruytgroup.com/images/500x500sq/std.lang.all/61/65/asset-3356165.jpg",
    "content": "500g",
    "walkRouteSequenceNumber": 7882,
    "price": {
      "basicPrice": 7.15,
      "recommendedQuantity": "1.0",
      "measurementUnitPrice": 14.3,
      "measurementUnit": "K",
      "isRedPrice": false,
      "pricePerUOM": 14.3,
      "activationDate": "12-10-2023",
      "recordSource": "Offline",
      "isPromoActive": "N",
      "priceChangeCode": "H"
    },
    "isAvailable": true,
    "isPriceAvailable": true,
    "inPromo": false,
    "gtin": [
      "05400141507799",
      "05400141656060",
      "15400141943631",
      "05400141943634"
    ],
    "topCategoryName": "Bereidingen/Charcuterie/Vis/Veggie",
    "topCategoryId": "105",
    "businessDomain": "RETAIL_BE",
    "IsPrivateLabel": true,
    "IsBiffe": false,
    "WeightconversionFactor": "0",
    "IsWeightArticle": false,
    "nutriscoreLabel": "C",
    "IsBio": false,
    "CountryOfOrigin": "BELGIË",
    "IsExclusivelySoldInLuxembourg": false,
    "OrderUnit": "P",
    "ShortName": "BONI GV HAM ONTVET 500G",
    "IsNew": false,
    "EcoscoreLabel": "D",
    "RecentQuanityOfStockUnits": "1",
    "LongName": "BONI ontvette ham glutenvrij 500g",
    "AlcoholVolume": "0",
    "FicCode": "I",
    "EcoscoreValue": "38"
  },
  {
    "productId": "141736",
    "technicalArticleNumber": "3166599",
    "commercialArticleNumber": "20603",
    "name": "spekreepjes natuur",
    "description": "*Frankrijk\n*Rauwe ham",
    "brand": "HERTA",
    "seoBrand": "Herta",
    "thumbNail": "https://static.colruytgroup.com/images/200x200/std.lang.all/17/61/asset-3141761.jpg",
    "fullImage": "https://static.colruytgroup.com/images/500x500/std.lang.all/17/61/asset-3141761.jpg",
    "squareImage": "https://static.colruytgroup.com/images/500x500sq/std.lang.all/17/61/asset-3141761.jpg",
    "content": "2x100g",
    "walkRouteSequenceNumber": 7756,
    "price": {
      "basicPrice": 2.48,
      "recommendedQuantity": "1.0",
      "measurementUnitPrice": 12.4,
      "measurementUnit": "K",
      "isRedPrice": false,
      "pricePerUOM": 12.4,
      "activationDate": "08-02-2024",
      "recordSource": "Offline",
      "isPromoActive": "N",
      "priceChangeCode": "E"
    },
    "isAvailable": true,
    "isPriceAvailable": true,
    "inPromo": true,
    "promotion": [
      {
        "techPromoId": "100936COLR",
        "promotionId": "100936",
        "promotionType": "3",
        "isPersonalized": "N",
        "publicationStartDate": "13-03-2024",
        "publicationEndDate": "26-03-2024"
      }
    ],
    "gtin": [
      "07613034720825",
      "07613036955263",
      "07613034720818",
      "03154230814054"
    ],
    "topCategoryName": "Bereidingen/Charcuterie/Vis/Veggie",
    "topCategoryId": "105",
    "businessDomain": "RETAIL_BE",
    "IsPrivateLabel": false,
    "IsBiffe": false,
    "WeightconversionFactor": "0",
    "IsWeightArticle": false,
    "nutriscoreLabel": "D",
    "IsBio": false,
    "CountryOfOrigin": "BELGIË",
    "IsExclusivelySoldInLuxembourg": false,
    "OrderUnit": "P",
    "ShortName": "HER.SPEKREEP NAT 2X100G",
    "IsNew": false,
    "RecentQuanityOfStockUnits": "1",
    "LongName": "HERTA spekreepjes natuur 2x100g",
    "AlcoholVolume": "0",
    "FicCode": "E"
  },
  {
    "productId": "210560",
    "technicalArticleNumber": "3520573",
    "commercialArticleNumber": "27378",
    "name": "ontbijtspek gerookt sneden",
    "description": "*België\n*Gerookt",
    "brand": "BONI",
    "seoBrand": "Boni Selection",
    "thumbNail": "https://static.colruytgroup.com/images/200x200/std.lang.all/36/21/asset-3123621.jpg",
    "fullImage": "https://static.colruytgroup.com/images/500x500/std.lang.all/36/21/asset-3123621.jpg",
    "squareImage": "https://static.colruytgroup.com/images/500x500sq/std.lang.all/36/21/asset-3123621.jpg",
    "content": "250g",
    "walkRouteSequenceNumber": 7751,
    "price": {
      "basicPrice": 4.25,
      "recommendedQuantity": "1.0",
      "measurementUnitPrice": 17,
      "measurementUnit": "K",
      "isRedPrice": false,
      "pricePerUOM": 17,
      "activationDate": "13-03-2024",
      "recordSource": "Offline",
      "isPromoActive": "N",
      "priceChangeCode": "H"
    },
    "isAvailable": true,
    "isPriceAvailable": true,
    "inPromo": false,
    "gtin": [
      "05400141321494",
      "05400141363937"
    ],
    "topCategoryName": "Bereidingen/Charcuterie/Vis/Veggie",
    "topCategoryId": "105",
    "businessDomain": "RETAIL_BE",
    "IsPrivateLabel": true,
    "IsBiffe": false,
    "WeightconversionFactor": "0",
    "IsWeightArticle": false,
    "nutriscoreLabel": "E",
    "IsBio": false,
    "CountryOfOrigin": "BELGIË",
    "IsExclusivelySoldInLuxembourg": false,
    "OrderUnit": "P",
    "ShortName": "BONI ONTBIJTSPEK SN250G",
    "IsNew": false,
    "EcoscoreLabel": "C",
    "RecentQuanityOfStockUnits": "1",
    "LongName": "BONI ontbijtspek gerookt sneden 250g",
    "AlcoholVolume": "0",
    "FicCode": "I",
    "EcoscoreValue": "47"
  },
  {
    "productId": "476253",
    "technicalArticleNumber": "3994070",
    "commercialArticleNumber": "27667",
    "name": "salami zonder look",
    "brand": "EVERYDAY",
    "seoBrand": "Everyday",
    "thumbNail": "https://static.colruytgroup.com/images/200x200/std.lang.all/14/35/asset-1921435.jpg",
    "fullImage": "https://static.colruytgroup.com/images/500x500/std.lang.all/14/35/asset-1921435.jpg",
    "squareImage": "https://static.colruytgroup.com/images/500x500sq/std.lang.all/14/35/asset-1921435.jpg",
    "content": "400g",
    "walkRouteSequenceNumber": 6803,
    "price": {
      "basicPrice": 3.69,
      "recommendedQuantity": "1.0",
      "measurementUnitPrice": 9.23,
      "measurementUnit": "K",
      "isRedPrice": false,
      "pricePerUOM": 9.23,
      "activationDate": "20-01-2024",
      "recordSource": "Offline",
      "isPromoActive": "N",
      "priceChangeCode": "L"
    },
    "isAvailable": true,
    "isPriceAvailable": true,
    "inPromo": false,
    "gtin": [
      "15400141246121",
      "05400141246124",
      "05400141207941",
      "05400141207934"
    ],
    "topCategoryName": "Bereidingen/Charcuterie/Vis/Veggie",
    "topCategoryId": "105",
    "businessDomain": "RETAIL_BE",
    "IsPrivateLabel": true,
    "IsBiffe": false,
    "WeightconversionFactor": "0",
    "IsWeightArticle": false,
    "nutriscoreLabel": "E",
    "IsBio": false,
    "CountryOfOrigin": "BELGIË",
    "IsExclusivelySoldInLuxembourg": false,
    "OrderUnit": "P",
    "ShortName": "EVD SAL.ZON.LOOK 400GR",
    "IsNew": false,
    "EcoscoreLabel": "D",
    "RecentQuanityOfStockUnits": "1,12",
    "LongName": "EVERYDAY salami zonder look 400g",
    "AlcoholVolume": "0",
    "FicCode": "N",
    "EcoscoreValue": "30"
  },
  {
    "productId": "154409",
    "technicalArticleNumber": "3278378",
    "commercialArticleNumber": "18182",
    "name": "ham Zwartewoud",
    "description": "*Duitsland\n*Boterham, koude\nschotel",
    "brand": "BONI",
    "seoBrand": "Boni Selection",
    "thumbNail": "https://static.colruytgroup.com/images/200x200/std.lang.all/03/71/asset-3320371.jpg",
    "fullImage": "https://static.colruytgroup.com/images/500x500/std.lang.all/03/71/asset-3320371.jpg",
    "squareImage": "https://static.colruytgroup.com/images/500x500sq/std.lang.all/03/71/asset-3320371.jpg",
    "content": "200g",
    "walkRouteSequenceNumber": 7845,
    "price": {
      "basicPrice": 2.89,
      "recommendedQuantity": "1.0",
      "measurementUnitPrice": 14.45,
      "measurementUnit": "K",
      "isRedPrice": false,
      "pricePerUOM": 14.45,
      "activationDate": "12-03-2024",
      "recordSource": "Offline",
      "isPromoActive": "N",
      "priceChangeCode": "H"
    },
    "isAvailable": true,
    "isPriceAvailable": true,
    "inPromo": false,
    "gtin": [
      "05400141319613",
      "05400141322354",
      "05400141364101",
      "05400141862942"
    ],
    "topCategoryName": "Bereidingen/Charcuterie/Vis/Veggie",
    "topCategoryId": "105",
    "businessDomain": "RETAIL_BE",
    "IsPrivateLabel": true,
    "IsBiffe": false,
    "WeightconversionFactor": "0",
    "IsWeightArticle": false,
    "nutriscoreLabel": "E",
    "IsBio": false,
    "CountryOfOrigin": "BELGIË",
    "IsExclusivelySoldInLuxembourg": false,
    "OrderUnit": "P",
    "ShortName": "BONI ZW WOUDHAM 200G",
    "IsNew": false,
    "EcoscoreLabel": "E",
    "RecentQuanityOfStockUnits": "1",
    "LongName": "BONI ham Zwartewoud 200g",
    "AlcoholVolume": "0",
    "FicCode": "I",
    "EcoscoreValue": "6"
  },
  {
    "productId": "634658",
    "technicalArticleNumber": "4323241",
    "commercialArticleNumber": "27121",
    "name": "KIPFILET MET CURRY",
    "description": "* Herkomst: België\n* 86% kippenvlees\n* Kipfilet met currymantel\n* Toepassing: Boterham, salade",
    "brand": "BONI",
    "seoBrand": "Boni Selection",
    "thumbNail": "https://static.colruytgroup.com/images/200x200/std.lang.all/13/24/asset-2281324.jpg",
    "fullImage": "https://static.colruytgroup.com/images/500x500/std.lang.all/13/24/asset-2281324.jpg",
    "squareImage": "https://static.colruytgroup.com/images/500x500sq/std.lang.all/13/24/asset-2281324.jpg",
    "content": "150g",
    "walkRouteSequenceNumber": 7900,
    "price": {
      "basicPrice": 2.59,
      "recommendedQuantity": "1.0",
      "quantityPrice": 2.15,
      "quantityPriceQuantity": "2.0",
      "measurementUnitPrice": 17.27,
      "measurementUnitQuantityPrice": 14.34,
      "measurementUnit": "K",
      "isRedPrice": false,
      "pricePerUOM": 17.27,
      "activationDate": "23-03-2024",
      "recordSource": "Offline",
      "isPromoActive": "N",
      "priceChangeCode": "E",
      "quantityPricePerUOM": 14.34,
      "quantityActivationDate": "23-03-2024",
      "quantityPriceChangeCode": "E"
    },
    "isAvailable": true,
    "isPriceAvailable": true,
    "inPromo": false,
    "gtin": [
      "05400141618044"
    ],
    "topCategoryName": "Bereidingen/Charcuterie/Vis/Veggie",
    "topCategoryId": "105",
    "businessDomain": "RETAIL_BE",
    "IsPrivateLabel": true,
    "IsBiffe": false,
    "WeightconversionFactor": "0",
    "IsWeightArticle": false,
    "nutriscoreLabel": "D",
    "IsBio": false,
    "CountryOfOrigin": "BELGIË",
    "IsExclusivelySoldInLuxembourg": false,
    "OrderUnit": "P",
    "ShortName": "BONI KIPFIL CURRY 150G",
    "IsNew": false,
    "EcoscoreLabel": "D",
    "RecentQuanityOfStockUnits": "1",
    "LongName": "BONI KIPFILET MET CURRY 150g",
    "AlcoholVolume": "0",
    "FicCode": "I",
    "EcoscoreValue": "30"
  },
  {
    "productId": "354156",
    "technicalArticleNumber": "3876935",
    "commercialArticleNumber": "22734",
    "name": "vers pizzadeeg",
    "description": "*Vers pizzadeeg\n*Uitgerold op bak-\npapier\n*29x38cm",
    "brand": "BONI",
    "seoBrand": "Boni Selection",
    "thumbNail": "https://static.colruytgroup.com/images/200x200/std.lang.all/83/97/asset-1758397.jpg",
    "fullImage": "https://static.colruytgroup.com/images/500x500/std.lang.all/83/97/asset-1758397.jpg",
    "squareImage": "https://static.colruytgroup.com/images/500x500sq/std.lang.all/83/97/asset-1758397.jpg",
    "content": "550g",
    "walkRouteSequenceNumber": 6041,
    "price": {
      "basicPrice": 2.59,
      "recommendedQuantity": "1.0",
      "measurementUnitPrice": 4.71,
      "measurementUnit": "K",
      "isRedPrice": false,
      "pricePerUOM": 4.71,
      "activationDate": "04-10-2023",
      "recordSource": "Offline",
      "isPromoActive": "N",
      "priceChangeCode": "H"
    },
    "isAvailable": true,
    "isPriceAvailable": true,
    "inPromo": false,
    "gtin": [
      "15400141266235",
      "05400141266238",
      "05400141237528"
    ],
    "topCategoryName": "Bereidingen/Charcuterie/Vis/Veggie",
    "topCategoryId": "105",
    "businessDomain": "RETAIL_BE",
    "IsPrivateLabel": true,
    "IsBiffe": false,
    "WeightconversionFactor": "0",
    "IsWeightArticle": false,
    "nutriscoreLabel": "D",
    "IsBio": false,
    "CountryOfOrigin": "OOSTENRIJK",
    "IsExclusivelySoldInLuxembourg": false,
    "OrderUnit": "P",
    "ShortName": "BONI VERS PIZZADEEG550G",
    "IsNew": false,
    "EcoscoreLabel": "B",
    "RecentQuanityOfStockUnits": "1,6",
    "LongName": "BONI vers pizzadeeg 550g",
    "AlcoholVolume": "0",
    "FicCode": "I",
    "EcoscoreValue": "79"
  },
  {
    "productId": "13638",
    "technicalArticleNumber": "1228438",
    "commercialArticleNumber": "27032",
    "name": "Fuetec",
    "description": "*Spanje\n*Gedroogd",
    "brand": "ELPOZO",
    "seoBrand": "ElPozo",
    "thumbNail": "https://static.colruytgroup.com/images/200x200/std.lang.all/06/71/asset-3330671.jpg",
    "fullImage": "https://static.colruytgroup.com/images/500x500/std.lang.all/06/71/asset-3330671.jpg",
    "squareImage": "https://static.colruytgroup.com/images/500x500sq/std.lang.all/06/71/asset-3330671.jpg",
    "content": "170g",
    "walkRouteSequenceNumber": 7784,
    "price": {
      "basicPrice": 3.99,
      "recommendedQuantity": "1.0",
      "measurementUnitPrice": 23.48,
      "measurementUnit": "K",
      "isRedPrice": false,
      "pricePerUOM": 23.48,
      "activationDate": "29-11-2023",
      "isPromoActive": "N",
      "priceChangeCode": "E"
    },
    "isAvailable": true,
    "isPriceAvailable": true,
    "inPromo": false,
    "gtin": [
      "08410843079613"
    ],
    "topCategoryName": "Bereidingen/Charcuterie/Vis/Veggie",
    "topCategoryId": "105",
    "businessDomain": "RETAIL_BE",
    "IsPrivateLabel": false,
    "IsBiffe": false,
    "WeightconversionFactor": "0",
    "IsWeightArticle": false,
    "nutriscoreLabel": "E",
    "IsBio": false,
    "CountryOfOrigin": "SPANJE",
    "IsExclusivelySoldInLuxembourg": false,
    "OrderUnit": "P",
    "ShortName": "ELPOZO FUETEC 170G",
    "InSeason": true,
    "IsNew": false,
    "EcoscoreLabel": "E",
    "RecentQuanityOfStockUnits": "1",
    "LongName": "ELPOZO Fuetec 170g",
    "AlcoholVolume": "0",
    "StartSeasonDate": "27/06/2019",
    "FicCode": "E",
    "EcoscoreValue": "16"
  },
  {
    "productId": "517668",
    "technicalArticleNumber": "4099699",
    "commercialArticleNumber": "27620",
    "name": "fuet sneden",
    "brand": "BONI",
    "seoBrand": "Boni Selection",
    "thumbNail": "https://static.colruytgroup.com/images/200x200/std.lang.all/33/34/asset-3223334.jpg",
    "fullImage": "https://static.colruytgroup.com/images/500x500/std.lang.all/33/34/asset-3223334.jpg",
    "squareImage": "https://static.colruytgroup.com/images/500x500sq/std.lang.all/33/34/asset-3223334.jpg",
    "content": "150g",
    "walkRouteSequenceNumber": 6702,
    "price": {
      "basicPrice": 2.79,
      "recommendedQuantity": "1.0",
      "quantityPrice": 2.4,
      "quantityPriceQuantity": "2.0",
      "measurementUnitPrice": 18.6,
      "measurementUnitQuantityPrice": 16,
      "measurementUnit": "K",
      "isRedPrice": false,
      "pricePerUOM": 18.6,
      "activationDate": "20-03-2024",
      "recordSource": "Offline",
      "isPromoActive": "N",
      "priceChangeCode": "E",
      "quantityPricePerUOM": 16,
      "quantityActivationDate": "20-03-2024",
      "quantityPriceChangeCode": "E"
    },
    "isAvailable": true,
    "isPriceAvailable": true,
    "inPromo": false,
    "gtin": [
      "05400141797046",
      "05400141460964",
      "15400141374299",
      "05400141286229",
      "05400141374292",
      "15400141286226"
    ],
    "topCategoryName": "Bereidingen/Charcuterie/Vis/Veggie",
    "topCategoryId": "105",
    "businessDomain": "RETAIL_BE",
    "IsPrivateLabel": true,
    "IsBiffe": false,
    "WeightconversionFactor": "0",
    "IsWeightArticle": false,
    "nutriscoreLabel": "E",
    "IsBio": false,
    "CountryOfOrigin": "SPANJE",
    "IsExclusivelySoldInLuxembourg": false,
    "OrderUnit": "P",
    "ShortName": "BONI FUET SNEDEN 150GR",
    "IsNew": false,
    "EcoscoreLabel": "D",
    "RecentQuanityOfStockUnits": "1,1,1",
    "LongName": "BONI fuet sneden 150g",
    "AlcoholVolume": "0",
    "FicCode": "N",
    "EcoscoreValue": "26"
  },
  {
    "productId": "85966",
    "technicalArticleNumber": "2931679",
    "commercialArticleNumber": "37012",
    "name": "Coppa",
    "description": "*Italië\n*Gedroogd, gezouten,\nlicht gekruid",
    "brand": "BONI",
    "seoBrand": "Boni Selection",
    "thumbNail": "https://static.colruytgroup.com/images/200x200/std.lang.all/40/57/asset-3364057.jpg",
    "fullImage": "https://static.colruytgroup.com/images/500x500/std.lang.all/40/57/asset-3364057.jpg",
    "squareImage": "https://static.colruytgroup.com/images/500x500sq/std.lang.all/40/57/asset-3364057.jpg",
    "content": "100g",
    "walkRouteSequenceNumber": 7832,
    "price": {
      "basicPrice": 2.29,
      "recommendedQuantity": "1.0",
      "measurementUnitPrice": 22.9,
      "measurementUnit": "K",
      "isRedPrice": false,
      "pricePerUOM": 22.9,
      "activationDate": "27-02-2024",
      "recordSource": "Offline",
      "isPromoActive": "N",
      "priceChangeCode": "E"
    },
    "isAvailable": true,
    "isPriceAvailable": true,
    "inPromo": false,
    "gtin": [
      "05400141190892",
      "05400141372038",
      "15400141372035",
      "15400141986713"
    ],
    "topCategoryName": "Bereidingen/Charcuterie/Vis/Veggie",
    "topCategoryId": "105",
    "businessDomain": "RETAIL_BE",
    "IsPrivateLabel": true,
    "IsBiffe": false,
    "WeightconversionFactor": "0",
    "IsWeightArticle": false,
    "nutriscoreLabel": "E",
    "IsBio": false,
    "CountryOfOrigin": "ITALIË",
    "IsExclusivelySoldInLuxembourg": false,
    "OrderUnit": "P",
    "ShortName": "BONI COPPA 100G",
    "IsNew": false,
    "EcoscoreLabel": "E",
    "RecentQuanityOfStockUnits": "1",
    "LongName": "BONI Coppa 100g",
    "AlcoholVolume": "0",
    "FicCode": "I",
    "EcoscoreValue": "0"
  },
  {
    "productId": "2112",
    "technicalArticleNumber": "27874",
    "commercialArticleNumber": "27874",
    "name": "lasagne bolognese",
    "description": "*Met 20 %\nvarkensvlees\n*In de oven,\nmicrogolfoven",
    "brand": "EVERYDAY",
    "seoBrand": "Everyday",
    "thumbNail": "https://static.colruytgroup.com/images/200x200/std.lang.all/10/44/asset-3411044.jpg",
    "fullImage": "https://static.colruytgroup.com/images/500x500/std.lang.all/10/44/asset-3411044.jpg",
    "squareImage": "https://static.colruytgroup.com/images/500x500sq/std.lang.all/10/44/asset-3411044.jpg",
    "content": "1kg",
    "walkRouteSequenceNumber": 6616,
    "price": {
      "basicPrice": 2.69,
      "recommendedQuantity": "1.0",
      "measurementUnitPrice": 2.69,
      "measurementUnit": "K",
      "isRedPrice": false,
      "pricePerUOM": 2.69,
      "activationDate": "14-02-2024",
      "recordSource": "Offline",
      "isPromoActive": "N",
      "priceChangeCode": "L"
    },
    "isAvailable": true,
    "isPriceAvailable": true,
    "inPromo": false,
    "gtin": [
      "05400141027037",
      "05400141084290",
      "05400141115314",
      "05400141278743",
      "05400141378740",
      "05400141420425",
      "15400141115311",
      "15400141420422",
      "15400141993605",
      "05400141726152",
      "15400141726159"
    ],
    "topCategoryName": "Bereidingen/Charcuterie/Vis/Veggie",
    "topCategoryId": "105",
    "businessDomain": "RETAIL_BE",
    "IsPrivateLabel": true,
    "IsBiffe": false,
    "WeightconversionFactor": "0",
    "IsWeightArticle": false,
    "nutriscoreLabel": "C",
    "IsBio": false,
    "CountryOfOrigin": "BELGIË",
    "IsExclusivelySoldInLuxembourg": false,
    "OrderUnit": "P",
    "ShortName": "EVD LASAGNE BOL 20P 1KG",
    "IsNew": false,
    "EcoscoreLabel": "D",
    "RecentQuanityOfStockUnits": "1,6",
    "LongName": "EVERYDAY lasagne bolognese 1kg",
    "AlcoholVolume": "0",
    "FicCode": "I",
    "EcoscoreValue": "34"
  },
  {
    "productId": "710400",
    "technicalArticleNumber": "4451560",
    "commercialArticleNumber": "27088",
    "name": "GEROOKTE KIPFILET",
    "description": "Gerookte kipfilet",
    "brand": "BONI",
    "seoBrand": "Boni Selection",
    "thumbNail": "https://static.colruytgroup.com/images/200x200/std.lang.all/05/03/asset-2500503.jpg",
    "fullImage": "https://static.colruytgroup.com/images/500x500/std.lang.all/05/03/asset-2500503.jpg",
    "squareImage": "https://static.colruytgroup.com/images/500x500sq/std.lang.all/05/03/asset-2500503.jpg",
    "content": "150g",
    "walkRouteSequenceNumber": 7896,
    "price": {
      "basicPrice": 1.99,
      "recommendedQuantity": "1.0",
      "measurementUnitPrice": 13.27,
      "measurementUnit": "K",
      "isRedPrice": false,
      "pricePerUOM": 13.27,
      "activationDate": "22-03-2024",
      "recordSource": "Folder",
      "isPromoActive": "N",
      "priceChangeCode": "E"
    },
    "isAvailable": true,
    "isPriceAvailable": true,
    "inPromo": false,
    "gtin": [
      "05400141837766"
    ],
    "topCategoryName": "Bereidingen/Charcuterie/Vis/Veggie",
    "topCategoryId": "105",
    "businessDomain": "RETAIL_BE",
    "IsPrivateLabel": true,
    "IsBiffe": false,
    "WeightconversionFactor": "0",
    "IsWeightArticle": false,
    "IsBio": false,
    "CountryOfOrigin": "BELGIË",
    "IsExclusivelySoldInLuxembourg": false,
    "OrderUnit": "P",
    "ShortName": "BONI KIPFILET GERO 150G",
    "IsNew": false,
    "RecentQuanityOfStockUnits": "1",
    "LongName": "BONI GEROOKTE KIPFILET 150g",
    "AlcoholVolume": "0",
    "FicCode": "I"
  },
  {
    "productId": "558471",
    "technicalArticleNumber": "4194476",
    "commercialArticleNumber": "27586",
    "name": "hamreepjes",
    "brand": "BONI",
    "seoBrand": "Boni Selection",
    "thumbNail": "https://static.colruytgroup.com/images/200x200/std.lang.all/07/53/asset-2690753.jpg",
    "fullImage": "https://static.colruytgroup.com/images/500x500/std.lang.all/07/53/asset-2690753.jpg",
    "squareImage": "https://static.colruytgroup.com/images/500x500sq/std.lang.all/07/53/asset-2690753.jpg",
    "content": "200g",
    "walkRouteSequenceNumber": 7906,
    "price": {
      "basicPrice": 3.59,
      "recommendedQuantity": "1.0",
      "measurementUnitPrice": 17.95,
      "measurementUnit": "K",
      "isRedPrice": false,
      "pricePerUOM": 17.95,
      "activationDate": "17-02-2024",
      "recordSource": "Offline",
      "isPromoActive": "N",
      "priceChangeCode": "E"
    },
    "isAvailable": true,
    "isPriceAvailable": true,
    "inPromo": false,
    "gtin": [
      "15400141539933",
      "05400141341287",
      "05400141363876",
      "05400141539936"
    ],
    "topCategoryName": "Bereidingen/Charcuterie/Vis/Veggie",
    "topCategoryId": "105",
    "businessDomain": "RETAIL_BE",
    "IsPrivateLabel": true,
    "IsBiffe": false,
    "WeightconversionFactor": "0",
    "IsWeightArticle": false,
    "nutriscoreLabel": "C",
    "IsBio": false,
    "CountryOfOrigin": "BELGIË",
    "IsExclusivelySoldInLuxembourg": false,
    "OrderUnit": "P",
    "ShortName": "BONI GEK HAMREEPJES 200",
    "IsNew": false,
    "EcoscoreLabel": "D",
    "RecentQuanityOfStockUnits": "1",
    "LongName": "BONI hamreepjes 200g",
    "AlcoholVolume": "0",
    "FicCode": "I",
    "EcoscoreValue": "36"
  },
  {
    "productId": "436838",
    "technicalArticleNumber": "3981451",
    "commercialArticleNumber": "27647",
    "name": "gv tonijnsalade",
    "brand": "BONI",
    "seoBrand": "Boni Selection",
    "thumbNail": "https://static.colruytgroup.com/images/200x200/std.lang.all/36/45/asset-2723645.jpg",
    "fullImage": "https://static.colruytgroup.com/images/500x500/std.lang.all/36/45/asset-2723645.jpg",
    "squareImage": "https://static.colruytgroup.com/images/500x500sq/std.lang.all/36/45/asset-2723645.jpg",
    "content": "200g",
    "walkRouteSequenceNumber": 7935,
    "price": {
      "basicPrice": 2.15,
      "recommendedQuantity": "1.0",
      "measurementUnitPrice": 10.75,
      "measurementUnit": "K",
      "isRedPrice": false,
      "pricePerUOM": 10.75,
      "activationDate": "12-03-2024",
      "recordSource": "Offline",
      "isPromoActive": "N",
      "priceChangeCode": "E"
    },
    "isAvailable": true,
    "isPriceAvailable": true,
    "inPromo": false,
    "gtin": [
      "05400141333831",
      "05400141241549",
      "05400141771206",
      "05400141565201"
    ],
    "topCategoryName": "Bereidingen/Charcuterie/Vis/Veggie",
    "topCategoryId": "105",
    "businessDomain": "RETAIL_BE",
    "IsPrivateLabel": true,
    "IsBiffe": false,
    "WeightconversionFactor": "0",
    "IsWeightArticle": false,
    "nutriscoreLabel": "C",
    "IsBio": false,
    "CountryOfOrigin": "BELGIË",
    "IsExclusivelySoldInLuxembourg": false,
    "OrderUnit": "P",
    "ShortName": "BONI GV TONIJNSALAD200G",
    "IsNew": false,
    "EcoscoreLabel": "C",
    "RecentQuanityOfStockUnits": "1",
    "LongName": "BONI gv tonijnsalade 200g",
    "AlcoholVolume": "0",
    "FicCode": "I",
    "EcoscoreValue": "49"
  },
  {
    "productId": "607333",
    "technicalArticleNumber": "4278189",
    "commercialArticleNumber": "27053",
    "name": "kippenvleesbrood",
    "brand": "BONI",
    "seoBrand": "Boni Selection",
    "thumbNail": "https://static.colruytgroup.com/images/200x200/std.lang.all/35/02/asset-2173502.jpg",
    "fullImage": "https://static.colruytgroup.com/images/500x500/std.lang.all/35/02/asset-2173502.jpg",
    "squareImage": "https://static.colruytgroup.com/images/500x500sq/std.lang.all/35/02/asset-2173502.jpg",
    "content": "200g",
    "walkRouteSequenceNumber": 7732,
    "price": {
      "basicPrice": 1.93,
      "recommendedQuantity": "1.0",
      "measurementUnitPrice": 9.65,
      "measurementUnit": "K",
      "isRedPrice": false,
      "pricePerUOM": 9.65,
      "activationDate": "16-01-2024",
      "recordSource": "Offline",
      "isPromoActive": "N",
      "priceChangeCode": "E"
    },
    "isAvailable": true,
    "isPriceAvailable": true,
    "inPromo": false,
    "gtin": [
      "05400141971408",
      "05400141412734",
      "05400141422450"
    ],
    "topCategoryName": "Bereidingen/Charcuterie/Vis/Veggie",
    "topCategoryId": "105",
    "businessDomain": "RETAIL_BE",
    "IsPrivateLabel": true,
    "IsBiffe": false,
    "WeightconversionFactor": "0",
    "IsWeightArticle": false,
    "nutriscoreLabel": "D",
    "IsBio": false,
    "CountryOfOrigin": "BELGIË",
    "IsExclusivelySoldInLuxembourg": false,
    "OrderUnit": "P",
    "ShortName": "BONI KIPPENVLEESBR 200G",
    "IsNew": false,
    "EcoscoreLabel": "C",
    "RecentQuanityOfStockUnits": "1",
    "LongName": "BONI kippenvleesbrood 200g",
    "AlcoholVolume": "0",
    "FicCode": "I",
    "EcoscoreValue": "43"
  },
  {
    "productId": "87555",
    "technicalArticleNumber": "2963085",
    "commercialArticleNumber": "38573",
    "name": "Noorse gerookte zalm sneden",
    "description": "*Aquacultuur uit\nNoorwegen\n*Subtiele rooksmaak\n*4 à 6 sneden\n*ASC-certificaat",
    "brand": "BONI",
    "seoBrand": "Boni Selection",
    "thumbNail": "https://static.colruytgroup.com/images/200x200/std.lang.all/75/56/asset-3457556.jpg",
    "fullImage": "https://static.colruytgroup.com/images/500x500/std.lang.all/75/56/asset-3457556.jpg",
    "squareImage": "https://static.colruytgroup.com/images/500x500sq/std.lang.all/75/56/asset-3457556.jpg",
    "content": "140g",
    "walkRouteSequenceNumber": 7480,
    "price": {
      "basicPrice": 6.29,
      "recommendedQuantity": "1.0",
      "measurementUnitPrice": 44.93,
      "measurementUnit": "K",
      "isRedPrice": false,
      "pricePerUOM": 44.93,
      "activationDate": "14-03-2024",
      "recordSource": "Offline",
      "isPromoActive": "N",
      "priceChangeCode": "E"
    },
    "isAvailable": true,
    "isPriceAvailable": true,
    "inPromo": false,
    "gtin": [
      "05400141340563",
      "05400141070590",
      "05400141069990"
    ],
    "topCategoryName": "Bereidingen/Charcuterie/Vis/Veggie",
    "topCategoryId": "105",
    "businessDomain": "RETAIL_BE",
    "IsPrivateLabel": true,
    "IsBiffe": false,
    "WeightconversionFactor": "0",
    "IsWeightArticle": false,
    "nutriscoreLabel": "D",
    "IsBio": false,
    "CountryOfOrigin": "NOORWEGEN",
    "IsExclusivelySoldInLuxembourg": false,
    "OrderUnit": "P",
    "ShortName": "BONI NOORSE ZALM 140G",
    "IsNew": false,
    "EcoscoreLabel": "D",
    "RecentQuanityOfStockUnits": "1",
    "LongName": "BONI Noorse gerookte zalm sneden 140g",
    "AlcoholVolume": "0",
    "FicCode": "I",
    "EcoscoreValue": "35"
  },
  {
    "productId": "547261",
    "technicalArticleNumber": "4175783",
    "commercialArticleNumber": "11583",
    "name": "tofu vegetarisch",
    "description": "*Op basis van\nsojabonen\n*Vegan",
    "brand": "BONI BIO",
    "seoBrand": "Boni Selection Bio",
    "thumbNail": "https://static.colruytgroup.com/images/200x200/std.lang.all/81/54/asset-3028154.jpg",
    "fullImage": "https://static.colruytgroup.com/images/500x500/std.lang.all/81/54/asset-3028154.jpg",
    "squareImage": "https://static.colruytgroup.com/images/500x500sq/std.lang.all/81/54/asset-3028154.jpg",
    "content": "250g",
    "walkRouteSequenceNumber": 7610,
    "price": {
      "basicPrice": 0.993,
      "recommendedQuantity": "1.0",
      "measurementUnitPrice": 3.98,
      "measurementUnit": "K",
      "isRedPrice": false,
      "pricePerUOM": 3.98,
      "activationDate": "01-12-2023",
      "recordSource": "Offline",
      "isPromoActive": "N",
      "priceChangeCode": "H"
    },
    "isAvailable": true,
    "isPriceAvailable": true,
    "inPromo": true,
    "promotion": [
      {
        "techPromoId": "100899COLR",
        "promotionId": "100899",
        "promotionType": "3",
        "isPersonalized": "N",
        "publicationStartDate": "13-03-2024",
        "publicationEndDate": "26-03-2024"
      }
    ],
    "gtin": [
      "15400141804864",
      "05400141512311",
      "05400141279023",
      "05400141804867",
      "15400141279020"
    ],
    "topCategoryName": "Bereidingen/Charcuterie/Vis/Veggie",
    "topCategoryId": "105",
    "businessDomain": "RETAIL_BE",
    "IsPrivateLabel": true,
    "IsBiffe": false,
    "WeightconversionFactor": "0",
    "IsWeightArticle": false,
    "nutriscoreLabel": "A",
    "IsBio": true,
    "CountryOfOrigin": "NEDERLAND",
    "IsExclusivelySoldInLuxembourg": false,
    "OrderUnit": "P",
    "ShortName": "BS BIO TOFU 250GR",
    "IsNew": false,
    "EcoscoreLabel": "B",
    "RecentQuanityOfStockUnits": "1,6",
    "LongName": "BONI BIO tofu vegetarisch 250g",
    "FicCode": "I",
    "EcoscoreValue": "79"
  },
  {
    "productId": "206398",
    "technicalArticleNumber": "3518212",
    "commercialArticleNumber": "27146",
    "name": "Rosette sneetjes",
    "description": "Zuiver varkensvlees en superieure\nkwaliteit.\nProduct gemaakt met 100% vers\nvarkensvlees van Franse origine.",
    "brand": "BONI",
    "seoBrand": "Boni Selection",
    "thumbNail": "https://static.colruytgroup.com/images/200x200/std.lang.all/86/38/asset-3128638.jpg",
    "fullImage": "https://static.colruytgroup.com/images/500x500/std.lang.all/86/38/asset-3128638.jpg",
    "squareImage": "https://static.colruytgroup.com/images/500x500sq/std.lang.all/86/38/asset-3128638.jpg",
    "content": "200g",
    "walkRouteSequenceNumber": 7796,
    "price": {
      "basicPrice": 3.85,
      "recommendedQuantity": "1.0",
      "measurementUnitPrice": 19.25,
      "measurementUnit": "K",
      "isRedPrice": false,
      "pricePerUOM": 19.25,
      "activationDate": "27-02-2024",
      "recordSource": "Offline",
      "isPromoActive": "N",
      "priceChangeCode": "H"
    },
    "isAvailable": true,
    "isPriceAvailable": true,
    "inPromo": false,
    "gtin": [
      "05400141320480",
      "05400141363968"
    ],
    "topCategoryName": "Bereidingen/Charcuterie/Vis/Veggie",
    "topCategoryId": "105",
    "businessDomain": "RETAIL_BE",
    "IsPrivateLabel": true,
    "IsBiffe": false,
    "WeightconversionFactor": "0",
    "IsWeightArticle": false,
    "nutriscoreLabel": "E",
    "IsBio": false,
    "CountryOfOrigin": "FRANKRIJK",
    "IsExclusivelySoldInLuxembourg": false,
    "OrderUnit": "P",
    "ShortName": "BONI ROSETTE 200G",
    "IsNew": false,
    "EcoscoreLabel": "C",
    "RecentQuanityOfStockUnits": "1",
    "LongName": "BONI Rosette sneetjes 200g",
    "AlcoholVolume": "0",
    "FicCode": "I",
    "EcoscoreValue": "48"
  },
  {
    "productId": "207641",
    "technicalArticleNumber": "3518339",
    "commercialArticleNumber": "27230",
    "name": "salami met look GV",
    "description": "*Belgique\n*Salami à l'ail\n*65,3 % de viande, fumé, séché\n*Apéritif, pain\n*Glutenvrij",
    "brand": "BONI",
    "seoBrand": "Boni Selection",
    "thumbNail": "https://static.colruytgroup.com/images/200x200/std.lang.all/36/20/asset-3123620.jpg",
    "fullImage": "https://static.colruytgroup.com/images/500x500/std.lang.all/36/20/asset-3123620.jpg",
    "squareImage": "https://static.colruytgroup.com/images/500x500sq/std.lang.all/36/20/asset-3123620.jpg",
    "content": "200g",
    "walkRouteSequenceNumber": 7805,
    "price": {
      "basicPrice": 2.22,
      "recommendedQuantity": "1.0",
      "measurementUnitPrice": 11.1,
      "measurementUnit": "K",
      "isRedPrice": false,
      "pricePerUOM": 11.1,
      "activationDate": "22-03-2024",
      "recordSource": "Folder",
      "isPromoActive": "N",
      "priceChangeCode": "E"
    },
    "isAvailable": true,
    "isPriceAvailable": true,
    "inPromo": false,
    "gtin": [
      "05400141319958",
      "05400141321159",
      "05400141380781",
      "05400141636741",
      "05400141504705"
    ],
    "topCategoryName": "Bereidingen/Charcuterie/Vis/Veggie",
    "topCategoryId": "105",
    "businessDomain": "RETAIL_BE",
    "IsPrivateLabel": true,
    "IsBiffe": false,
    "WeightconversionFactor": "0",
    "IsWeightArticle": false,
    "nutriscoreLabel": "E",
    "IsBio": false,
    "CountryOfOrigin": "BELGIË",
    "IsExclusivelySoldInLuxembourg": false,
    "OrderUnit": "P",
    "ShortName": "BONI GV SAL LOOK 200G",
    "IsNew": false,
    "EcoscoreLabel": "E",
    "RecentQuanityOfStockUnits": "1",
    "LongName": "BONI salami met look GV 200g",
    "AlcoholVolume": "0",
    "FicCode": "I",
    "EcoscoreValue": "19"
  },
  {
    "productId": "56018",
    "technicalArticleNumber": "2389273",
    "commercialArticleNumber": "1710",
    "name": "salade kip curry",
    "description": "Salade met kip in currysaus",
    "brand": "DÉLIO",
    "seoBrand": "Délio",
    "thumbNail": "https://static.colruytgroup.com/images/200x200/std.lang.all/26/82/asset-3172682.jpg",
    "fullImage": "https://static.colruytgroup.com/images/500x500/std.lang.all/26/82/asset-3172682.jpg",
    "squareImage": "https://static.colruytgroup.com/images/500x500sq/std.lang.all/26/82/asset-3172682.jpg",
    "content": "200g",
    "walkRouteSequenceNumber": 7927,
    "price": {
      "basicPrice": 2.99,
      "recommendedQuantity": "1.0",
      "measurementUnitPrice": 14.95,
      "measurementUnit": "K",
      "isRedPrice": false,
      "pricePerUOM": 14.95,
      "activationDate": "23-03-2024",
      "recordSource": "Offline",
      "isPromoActive": "N",
      "priceChangeCode": "E"
    },
    "isAvailable": true,
    "isPriceAvailable": true,
    "inPromo": false,
    "gtin": [
      "05411153010153",
      "15411153010150"
    ],
    "topCategoryName": "Bereidingen/Charcuterie/Vis/Veggie",
    "topCategoryId": "105",
    "businessDomain": "RETAIL_BE",
    "IsPrivateLabel": false,
    "IsBiffe": false,
    "WeightconversionFactor": "0",
    "IsWeightArticle": false,
    "nutriscoreLabel": "D",
    "IsBio": false,
    "CountryOfOrigin": "BELGIË",
    "IsExclusivelySoldInLuxembourg": false,
    "OrderUnit": "P",
    "ShortName": "D KIP CURRY 200G",
    "IsNew": false,
    "EcoscoreLabel": "D",
    "RecentQuanityOfStockUnits": "1",
    "LongName": "DÉLIO salade kip curry 200g",
    "AlcoholVolume": "0",
    "FicCode": "E",
    "EcoscoreValue": "32"
  },
  {
    "productId": "556015",
    "technicalArticleNumber": "4190268",
    "commercialArticleNumber": "27580",
    "name": "CREMEPATE",
    "description": "EVERYDAY CREMEPATE SNEDEN",
    "brand": "EVERYDAY",
    "seoBrand": "Everyday",
    "thumbNail": "https://static.colruytgroup.com/images/200x200/std.lang.all/35/89/asset-2003589.jpg",
    "fullImage": "https://static.colruytgroup.com/images/500x500/std.lang.all/35/89/asset-2003589.jpg",
    "squareImage": "https://static.colruytgroup.com/images/500x500sq/std.lang.all/35/89/asset-2003589.jpg",
    "content": "170g",
    "walkRouteSequenceNumber": 7713,
    "price": {
      "basicPrice": 1.49,
      "recommendedQuantity": "1.0",
      "measurementUnitPrice": 8.77,
      "measurementUnit": "K",
      "isRedPrice": false,
      "pricePerUOM": 8.77,
      "activationDate": "08-03-2024",
      "recordSource": "Offline",
      "isPromoActive": "N",
      "priceChangeCode": "L"
    },
    "isAvailable": true,
    "isPriceAvailable": true,
    "inPromo": false,
    "gtin": [
      "05400141275803",
      "15400141275800"
    ],
    "topCategoryName": "Bereidingen/Charcuterie/Vis/Veggie",
    "topCategoryId": "105",
    "businessDomain": "RETAIL_BE",
    "IsPrivateLabel": true,
    "IsBiffe": false,
    "WeightconversionFactor": "0",
    "IsWeightArticle": false,
    "nutriscoreLabel": "E",
    "IsBio": false,
    "CountryOfOrigin": "BELGIË",
    "IsExclusivelySoldInLuxembourg": false,
    "OrderUnit": "P",
    "ShortName": "EVD CREMEPATE SNEE 170G",
    "IsNew": false,
    "EcoscoreLabel": "D",
    "RecentQuanityOfStockUnits": "1",
    "LongName": "EVERYDAY CREMEPATE 170g",
    "AlcoholVolume": "0",
    "FicCode": "I",
    "EcoscoreValue": "23"
  },
  {
    "productId": "2115",
    "technicalArticleNumber": "27877",
    "commercialArticleNumber": "27877",
    "name": "lasagne bolognese",
    "description": "*Met 20 %\nvarkensvlees\n*In de oven,\nmicrogolfoven",
    "brand": "EVERYDAY",
    "seoBrand": "Everyday",
    "thumbNail": "https://static.colruytgroup.com/images/200x200/std.lang.all/15/98/asset-3391598.jpg",
    "fullImage": "https://static.colruytgroup.com/images/500x500/std.lang.all/15/98/asset-3391598.jpg",
    "squareImage": "https://static.colruytgroup.com/images/500x500sq/std.lang.all/15/98/asset-3391598.jpg",
    "content": "400g",
    "walkRouteSequenceNumber": 6615,
    "price": {
      "basicPrice": 1.49,
      "recommendedQuantity": "1.0",
      "measurementUnitPrice": 3.73,
      "measurementUnit": "K",
      "isRedPrice": false,
      "pricePerUOM": 3.73,
      "activationDate": "18-03-2024",
      "recordSource": "Offline",
      "isPromoActive": "N",
      "priceChangeCode": "H"
    },
    "isAvailable": true,
    "isPriceAvailable": true,
    "inPromo": false,
    "gtin": [
      "05400141726138",
      "05400141090871",
      "05400141115505",
      "05400141278774",
      "05400141378771",
      "05400141420364",
      "15400141115502",
      "15400141963448",
      "15400141726135",
      "05400141478778"
    ],
    "topCategoryName": "Bereidingen/Charcuterie/Vis/Veggie",
    "topCategoryId": "105",
    "businessDomain": "RETAIL_BE",
    "IsPrivateLabel": true,
    "IsBiffe": false,
    "WeightconversionFactor": "0",
    "IsWeightArticle": false,
    "nutriscoreLabel": "C",
    "IsBio": false,
    "CountryOfOrigin": "BELGIË",
    "IsExclusivelySoldInLuxembourg": false,
    "OrderUnit": "P",
    "ShortName": "EVD LASAGNE BOL20P400GR",
    "IsNew": false,
    "EcoscoreLabel": "D",
    "RecentQuanityOfStockUnits": "1,8",
    "LongName": "EVERYDAY lasagne bolognese 400g",
    "AlcoholVolume": "0",
    "FicCode": "I",
    "EcoscoreValue": "34"
  },
  {
    "productId": "211817",
    "technicalArticleNumber": "3521455",
    "commercialArticleNumber": "27417",
    "name": "vleesbrood sneetjes",
    "description": "*gebakken vleesbrood\n*85,5% vlees\n*boterhambeleg",
    "brand": "BONI",
    "seoBrand": "Boni Selection",
    "thumbNail": "https://static.colruytgroup.com/images/200x200/std.lang.all/93/95/asset-2509395.jpg",
    "fullImage": "https://static.colruytgroup.com/images/500x500/std.lang.all/93/95/asset-2509395.jpg",
    "squareImage": "https://static.colruytgroup.com/images/500x500sq/std.lang.all/93/95/asset-2509395.jpg",
    "content": "150g",
    "walkRouteSequenceNumber": 7733,
    "price": {
      "basicPrice": 1.59,
      "recommendedQuantity": "1.0",
      "measurementUnitPrice": 10.6,
      "measurementUnit": "K",
      "isRedPrice": false,
      "pricePerUOM": 10.6,
      "activationDate": "16-01-2024",
      "recordSource": "Offline",
      "isPromoActive": "N",
      "priceChangeCode": "E"
    },
    "isAvailable": true,
    "isPriceAvailable": true,
    "inPromo": false,
    "gtin": [
      "05400141539943",
      "05400141322507",
      "05400141364248"
    ],
    "topCategoryName": "Bereidingen/Charcuterie/Vis/Veggie",
    "topCategoryId": "105",
    "businessDomain": "RETAIL_BE",
    "IsPrivateLabel": true,
    "IsBiffe": false,
    "WeightconversionFactor": "0",
    "IsWeightArticle": false,
    "nutriscoreLabel": "D",
    "IsBio": false,
    "CountryOfOrigin": "BELGIË",
    "IsExclusivelySoldInLuxembourg": false,
    "OrderUnit": "P",
    "ShortName": "BONI VLEESBROOD 150G",
    "IsNew": false,
    "EcoscoreLabel": "D",
    "RecentQuanityOfStockUnits": "1",
    "LongName": "BONI vleesbrood sneetjes 150g",
    "AlcoholVolume": "0",
    "FicCode": "I",
    "EcoscoreValue": "30"
  },
  {
    "productId": "209259",
    "technicalArticleNumber": "3519623",
    "commercialArticleNumber": "27256",
    "name": "gezouten spek sneden GV",
    "description": "*Glutenvrij",
    "brand": "BONI",
    "seoBrand": "Boni Selection",
    "thumbNail": "https://static.colruytgroup.com/images/200x200/std.lang.all/86/40/asset-3128640.jpg",
    "fullImage": "https://static.colruytgroup.com/images/500x500/std.lang.all/86/40/asset-3128640.jpg",
    "squareImage": "https://static.colruytgroup.com/images/500x500sq/std.lang.all/86/40/asset-3128640.jpg",
    "content": "250g",
    "walkRouteSequenceNumber": 7753,
    "price": {
      "basicPrice": 4.25,
      "recommendedQuantity": "1.0",
      "measurementUnitPrice": 17,
      "measurementUnit": "K",
      "isRedPrice": false,
      "pricePerUOM": 17,
      "activationDate": "15-02-2024",
      "recordSource": "Offline",
      "isPromoActive": "N",
      "priceChangeCode": "H"
    },
    "isAvailable": true,
    "isPriceAvailable": true,
    "inPromo": false,
    "gtin": [
      "15400141320043",
      "05400141320039",
      "05400141338621",
      "05400141325492",
      "05400141376128",
      "05400141320510"
    ],
    "topCategoryName": "Bereidingen/Charcuterie/Vis/Veggie",
    "topCategoryId": "105",
    "businessDomain": "RETAIL_BE",
    "IsPrivateLabel": true,
    "IsBiffe": false,
    "WeightconversionFactor": "0",
    "IsWeightArticle": false,
    "nutriscoreLabel": "E",
    "IsBio": false,
    "CountryOfOrigin": "BELGIË",
    "IsExclusivelySoldInLuxembourg": false,
    "OrderUnit": "P",
    "ShortName": "BONI GV GEZ SPEKSN 250G",
    "IsNew": false,
    "EcoscoreLabel": "D",
    "RecentQuanityOfStockUnits": "1",
    "LongName": "BONI gezouten spek sneden GV 250g",
    "AlcoholVolume": "0",
    "FicCode": "I",
    "EcoscoreValue": "39"
  },
  {
    "productId": "175178",
    "technicalArticleNumber": "3375700",
    "commercialArticleNumber": "14331",
    "name": "Martino Spread licht gekr.",
    "description": "*België\n*60,2 % varkensvlees\n*Met frietjes,\nboterham",
    "brand": "BONI",
    "seoBrand": "Boni Selection",
    "thumbNail": "https://static.colruytgroup.com/images/200x200/std.lang.all/35/34/asset-1693534.jpg",
    "fullImage": "https://static.colruytgroup.com/images/500x500/std.lang.all/35/34/asset-1693534.jpg",
    "squareImage": "https://static.colruytgroup.com/images/500x500sq/std.lang.all/35/34/asset-1693534.jpg",
    "content": "200g",
    "walkRouteSequenceNumber": 7958,
    "price": {
      "basicPrice": 2.79,
      "recommendedQuantity": "1.0",
      "measurementUnitPrice": 13.95,
      "measurementUnit": "K",
      "isRedPrice": false,
      "pricePerUOM": 13.95,
      "activationDate": "08-11-2023",
      "recordSource": "Offline",
      "isPromoActive": "N",
      "priceChangeCode": "E"
    },
    "isAvailable": true,
    "isPriceAvailable": true,
    "inPromo": false,
    "gtin": [
      "15400141365785",
      "05400141655353",
      "05400141452303",
      "05400141365788",
      "05400141320176",
      "15400141655350",
      "15400141858058"
    ],
    "topCategoryName": "Bereidingen/Charcuterie/Vis/Veggie",
    "topCategoryId": "105",
    "businessDomain": "RETAIL_BE",
    "IsPrivateLabel": true,
    "IsBiffe": false,
    "WeightconversionFactor": "0",
    "IsWeightArticle": false,
    "nutriscoreLabel": "D",
    "IsBio": false,
    "CountryOfOrigin": "BELGIË",
    "IsExclusivelySoldInLuxembourg": false,
    "OrderUnit": "P",
    "ShortName": "BONI MARTINO SPREAD200G",
    "IsNew": false,
    "EcoscoreLabel": "D",
    "RecentQuanityOfStockUnits": "1",
    "LongName": "BONI Martino Spread licht gekr. 200g",
    "AlcoholVolume": "0",
    "FicCode": "I",
    "EcoscoreValue": "24"
  },
  {
    "productId": "10008",
    "technicalArticleNumber": "1383991",
    "commercialArticleNumber": "27959",
    "name": "Pancetta",
    "description": "*Italië\n*Gedroogd, licht\ngekruid\n*Boterham, koud\nbuffet, antipasti",
    "brand": "BONI",
    "seoBrand": "Boni Selection",
    "thumbNail": "https://static.colruytgroup.com/images/200x200/std.lang.all/78/82/asset-2107882.jpg",
    "fullImage": "https://static.colruytgroup.com/images/500x500/std.lang.all/78/82/asset-2107882.jpg",
    "squareImage": "https://static.colruytgroup.com/images/500x500sq/std.lang.all/78/82/asset-2107882.jpg",
    "content": "100g",
    "walkRouteSequenceNumber": 7833,
    "price": {
      "basicPrice": 2.49,
      "recommendedQuantity": "1.0",
      "measurementUnitPrice": 24.9,
      "measurementUnit": "K",
      "isRedPrice": false,
      "pricePerUOM": 24.9,
      "activationDate": "17-02-2024",
      "recordSource": "Offline",
      "isPromoActive": "N",
      "priceChangeCode": "E"
    },
    "isAvailable": true,
    "isPriceAvailable": true,
    "inPromo": false,
    "gtin": [
      "05400141042276",
      "05400141191059",
      "05400141374407",
      "15400141374404",
      "15400141916543",
      "15400141986706"
    ],
    "topCategoryName": "Bereidingen/Charcuterie/Vis/Veggie",
    "topCategoryId": "105",
    "businessDomain": "RETAIL_BE",
    "IsPrivateLabel": true,
    "IsBiffe": false,
    "WeightconversionFactor": "0",
    "IsWeightArticle": false,
    "nutriscoreLabel": "E",
    "IsBio": false,
    "CountryOfOrigin": "ITALIË",
    "IsExclusivelySoldInLuxembourg": false,
    "OrderUnit": "P",
    "ShortName": "BONI PANCETTA 100GR",
    "IsNew": false,
    "EcoscoreLabel": "E",
    "RecentQuanityOfStockUnits": "1",
    "LongName": "BONI Pancetta 100g",
    "AlcoholVolume": "0",
    "FicCode": "I",
    "EcoscoreValue": "0"
  },
  {
    "productId": "2113",
    "technicalArticleNumber": "27875",
    "commercialArticleNumber": "27875",
    "name": "lasagne bolognese 20% vlees",
    "description": "*Met 20 % Belgisch\nvarkensvlees\n*In de oven,\nmicrogolfoven",
    "brand": "BONI",
    "seoBrand": "Boni Selection",
    "thumbNail": "https://static.colruytgroup.com/images/200x200/std.lang.all/10/84/asset-3351084.jpg",
    "fullImage": "https://static.colruytgroup.com/images/500x500/std.lang.all/10/84/asset-3351084.jpg",
    "squareImage": "https://static.colruytgroup.com/images/500x500sq/std.lang.all/10/84/asset-3351084.jpg",
    "content": "400g",
    "walkRouteSequenceNumber": 6618,
    "price": {
      "basicPrice": 2.49,
      "recommendedQuantity": "1.0",
      "quantityPrice": 2.03,
      "quantityPriceQuantity": "2.0",
      "measurementUnitPrice": 6.23,
      "measurementUnitQuantityPrice": 5.08,
      "measurementUnit": "K",
      "isRedPrice": false,
      "pricePerUOM": 6.23,
      "activationDate": "14-03-2024",
      "recordSource": "Offline",
      "isPromoActive": "N",
      "priceChangeCode": "E",
      "quantityPricePerUOM": 5.08,
      "quantityActivationDate": "14-03-2024",
      "quantityPriceChangeCode": "H"
    },
    "isAvailable": true,
    "isPriceAvailable": true,
    "inPromo": false,
    "gtin": [
      "15400141726166",
      "05400141726169",
      "05400141129205",
      "05400141278750",
      "05400141378757",
      "05400141421910",
      "15400141129202",
      "15400141421917",
      "15400141975007",
      "05400141069914"
    ],
    "topCategoryName": "Bereidingen/Charcuterie/Vis/Veggie",
    "topCategoryId": "105",
    "businessDomain": "RETAIL_BE",
    "IsPrivateLabel": true,
    "IsBiffe": false,
    "WeightconversionFactor": "0",
    "IsWeightArticle": false,
    "nutriscoreLabel": "C",
    "IsBio": false,
    "CountryOfOrigin": "BELGIË",
    "IsExclusivelySoldInLuxembourg": false,
    "OrderUnit": "P",
    "ShortName": "BONI LASAGNE 20P 400GR",
    "IsNew": false,
    "EcoscoreLabel": "C",
    "RecentQuanityOfStockUnits": "1",
    "LongName": "BONI lasagne bolognese 20% vlees 400g",
    "AlcoholVolume": "0",
    "FicCode": "I",
    "EcoscoreValue": "49"
  },
  {
    "productId": "848220",
    "technicalArticleNumber": "4695490",
    "commercialArticleNumber": "27562",
    "name": "salade caeser",
    "brand": "BONI",
    "seoBrand": "Boni Selection",
    "thumbNail": "https://static.colruytgroup.com/images/200x200/std.lang.all/47/06/asset-3274706.jpg",
    "fullImage": "https://static.colruytgroup.com/images/500x500/std.lang.all/47/06/asset-3274706.jpg",
    "squareImage": "https://static.colruytgroup.com/images/500x500sq/std.lang.all/47/06/asset-3274706.jpg",
    "content": "400g",
    "walkRouteSequenceNumber": 5297,
    "price": {
      "basicPrice": 4.39,
      "recommendedQuantity": "1.0",
      "quantityPrice": 4.08,
      "quantityPriceQuantity": "3.0",
      "measurementUnitPrice": 10.98,
      "measurementUnitQuantityPrice": 10.2,
      "measurementUnit": "K",
      "isRedPrice": false,
      "pricePerUOM": 10.98,
      "activationDate": "02-02-2024",
      "recordSource": "Offline",
      "isPromoActive": "N",
      "priceChangeCode": "E",
      "quantityPricePerUOM": 10.2,
      "quantityActivationDate": "02-02-2024",
      "quantityPriceChangeCode": "E"
    },
    "isAvailable": true,
    "isPriceAvailable": true,
    "inPromo": false,
    "gtin": [
      "05400141698794",
      "05400141512229"
    ],
    "topCategoryName": "Bereidingen/Charcuterie/Vis/Veggie",
    "topCategoryId": "105",
    "businessDomain": "RETAIL_BE",
    "IsPrivateLabel": true,
    "IsBiffe": false,
    "WeightconversionFactor": "0",
    "IsWeightArticle": false,
    "nutriscoreLabel": "A",
    "IsBio": false,
    "CountryOfOrigin": "NEDERLAND",
    "IsExclusivelySoldInLuxembourg": false,
    "OrderUnit": "P",
    "ShortName": "BONI SALADE CAESAR 400G",
    "IsNew": false,
    "EcoscoreLabel": "C",
    "RecentQuanityOfStockUnits": "1",
    "LongName": "BONI salade caeser 400g",
    "AlcoholVolume": "0",
    "FicCode": "I",
    "EcoscoreValue": "43"
  },
  {
    "productId": "81238",
    "technicalArticleNumber": "2953758",
    "commercialArticleNumber": "38902",
    "name": "baguette kruidenboter",
    "description": "*Stokbrood,\nkruidenboter\n*In de oven",
    "brand": "FARMLAND",
    "seoBrand": "Farmland",
    "thumbNail": "https://static.colruytgroup.com/images/200x200/std.lang.all/59/39/asset-2535939.jpg",
    "fullImage": "https://static.colruytgroup.com/images/500x500/std.lang.all/59/39/asset-2535939.jpg",
    "squareImage": "https://static.colruytgroup.com/images/500x500sq/std.lang.all/59/39/asset-2535939.jpg",
    "content": "175g",
    "walkRouteSequenceNumber": 6040,
    "price": {
      "basicPrice": 0.89,
      "recommendedQuantity": "1.0",
      "measurementUnitPrice": 5.09,
      "measurementUnit": "K",
      "isRedPrice": false,
      "pricePerUOM": 5.09,
      "activationDate": "22-03-2024",
      "recordSource": "Offline",
      "isPromoActive": "N",
      "priceChangeCode": "H"
    },
    "isAvailable": true,
    "isPriceAvailable": true,
    "inPromo": false,
    "gtin": [
      "04034900006806",
      "04034900136701",
      "04034900036704",
      "04034900136800"
    ],
    "topCategoryName": "Bereidingen/Charcuterie/Vis/Veggie",
    "topCategoryId": "105",
    "businessDomain": "RETAIL_BE",
    "IsPrivateLabel": false,
    "IsBiffe": false,
    "WeightconversionFactor": "0",
    "IsWeightArticle": false,
    "nutriscoreLabel": "D",
    "IsBio": false,
    "CountryOfOrigin": "DUITSLAND",
    "IsExclusivelySoldInLuxembourg": false,
    "OrderUnit": "P",
    "ShortName": "FL KRUID.BOTERBAG. 175G",
    "IsNew": false,
    "EcoscoreLabel": "B",
    "RecentQuanityOfStockUnits": "9,1",
    "LongName": "FARMLAND baguette kruidenboter 175g",
    "AlcoholVolume": "0",
    "FicCode": "I",
    "EcoscoreValue": "77"
  },
  {
    "productId": "545436",
    "technicalArticleNumber": "4172149",
    "commercialArticleNumber": "27210",
    "name": "cervela 3st",
    "brand": "EVERYDAY",
    "seoBrand": "Everyday",
    "thumbNail": "https://static.colruytgroup.com/images/200x200/std.lang.all/61/48/asset-2296148.jpg",
    "fullImage": "https://static.colruytgroup.com/images/500x500/std.lang.all/61/48/asset-2296148.jpg",
    "squareImage": "https://static.colruytgroup.com/images/500x500sq/std.lang.all/61/48/asset-2296148.jpg",
    "content": "450g",
    "walkRouteSequenceNumber": 7722,
    "price": {
      "basicPrice": 2.29,
      "recommendedQuantity": "1.0",
      "measurementUnitPrice": 5.09,
      "measurementUnit": "K",
      "isRedPrice": false,
      "pricePerUOM": 5.09,
      "activationDate": "14-11-2023",
      "recordSource": "Offline",
      "isPromoActive": "N",
      "priceChangeCode": "E"
    },
    "isAvailable": true,
    "isPriceAvailable": true,
    "inPromo": false,
    "gtin": [
      "15400141781752",
      "05400141781755",
      "05400141318104"
    ],
    "topCategoryName": "Bereidingen/Charcuterie/Vis/Veggie",
    "topCategoryId": "105",
    "businessDomain": "RETAIL_BE",
    "IsPrivateLabel": true,
    "IsBiffe": false,
    "WeightconversionFactor": "0",
    "IsWeightArticle": false,
    "nutriscoreLabel": "D",
    "IsBio": false,
    "CountryOfOrigin": "BELGIË",
    "IsExclusivelySoldInLuxembourg": false,
    "OrderUnit": "P",
    "ShortName": "EVD CERVELA 450GR",
    "IsNew": false,
    "EcoscoreLabel": "D",
    "RecentQuanityOfStockUnits": "1",
    "LongName": "EVERYDAY cervela 3st 450g",
    "AlcoholVolume": "0",
    "FicCode": "N",
    "EcoscoreValue": "36"
  },
  {
    "productId": "158644",
    "technicalArticleNumber": "3281357",
    "commercialArticleNumber": "44339",
    "name": "chorizo licht pikant",
    "description": "*Spanje\n*Pikant",
    "brand": "BONI",
    "seoBrand": "Boni Selection",
    "thumbNail": "https://static.colruytgroup.com/images/200x200/std.lang.all/50/88/asset-2515088.jpg",
    "fullImage": "https://static.colruytgroup.com/images/500x500/std.lang.all/50/88/asset-2515088.jpg",
    "squareImage": "https://static.colruytgroup.com/images/500x500sq/std.lang.all/50/88/asset-2515088.jpg",
    "content": "225g",
    "walkRouteSequenceNumber": 7777,
    "price": {
      "basicPrice": 2.24,
      "recommendedQuantity": "1.0",
      "measurementUnitPrice": 9.96,
      "measurementUnit": "K",
      "isRedPrice": false,
      "pricePerUOM": 9.96,
      "activationDate": "06-10-2023",
      "recordSource": "Offline",
      "isPromoActive": "N",
      "priceChangeCode": "E"
    },
    "isAvailable": true,
    "isPriceAvailable": true,
    "inPromo": false,
    "gtin": [
      "05400141319576",
      "05400141894691",
      "05400141866186"
    ],
    "topCategoryName": "Bereidingen/Charcuterie/Vis/Veggie",
    "topCategoryId": "105",
    "businessDomain": "RETAIL_BE",
    "IsPrivateLabel": true,
    "IsBiffe": false,
    "WeightconversionFactor": "0",
    "IsWeightArticle": false,
    "nutriscoreLabel": "E",
    "IsBio": false,
    "CountryOfOrigin": "SPANJE",
    "IsExclusivelySoldInLuxembourg": false,
    "OrderUnit": "P",
    "ShortName": "BONI CHORIZO PIK 225G",
    "IsNew": false,
    "EcoscoreLabel": "E",
    "RecentQuanityOfStockUnits": "1",
    "LongName": "BONI chorizo licht pikant 225g",
    "AlcoholVolume": "0",
    "FicCode": "I",
    "EcoscoreValue": "19"
  },
  {
    "productId": "28435",
    "technicalArticleNumber": "2159577",
    "commercialArticleNumber": "27025",
    "name": "macaroni ham-kaas",
    "description": "*Verse macaroni,\n57 % kaassaus,\n13 % ham\n*In de microgolfoven\noven",
    "brand": "EVERYDAY",
    "seoBrand": "Everyday",
    "thumbNail": "https://static.colruytgroup.com/images/200x200/std.lang.all/85/40/asset-3348540.jpg",
    "fullImage": "https://static.colruytgroup.com/images/500x500/std.lang.all/85/40/asset-3348540.jpg",
    "squareImage": "https://static.colruytgroup.com/images/500x500sq/std.lang.all/85/40/asset-3348540.jpg",
    "content": "1kg",
    "walkRouteSequenceNumber": 6645,
    "price": {
      "basicPrice": 3.89,
      "recommendedQuantity": "1.0",
      "measurementUnitPrice": 3.89,
      "measurementUnit": "K",
      "isRedPrice": false,
      "pricePerUOM": 3.89,
      "activationDate": "16-12-2023",
      "recordSource": "Offline",
      "isPromoActive": "N",
      "priceChangeCode": "L"
    },
    "isAvailable": true,
    "isPriceAvailable": true,
    "inPromo": false,
    "gtin": [
      "15400141975137",
      "05400141115703",
      "05400141420395",
      "15400141115700",
      "15400141963691",
      "05400141070095",
      "05400141084207",
      "05400141091373",
      "15400141420392"
    ],
    "topCategoryName": "Bereidingen/Charcuterie/Vis/Veggie",
    "topCategoryId": "105",
    "businessDomain": "RETAIL_BE",
    "IsPrivateLabel": true,
    "IsBiffe": false,
    "WeightconversionFactor": "0",
    "IsWeightArticle": false,
    "nutriscoreLabel": "C",
    "IsBio": false,
    "CountryOfOrigin": "BELGIË",
    "IsExclusivelySoldInLuxembourg": false,
    "OrderUnit": "P",
    "ShortName": "EVDMACARONI HAM KAAS1KG",
    "InSeason": true,
    "IsNew": false,
    "EcoscoreLabel": "A",
    "RecentQuanityOfStockUnits": "1,6",
    "LongName": "EVERYDAY macaroni ham-kaas 1kg",
    "AlcoholVolume": "0",
    "StartSeasonDate": "14/05/2009",
    "FicCode": "I",
    "EcoscoreValue": "88"
  },
  {
    "productId": "84833",
    "technicalArticleNumber": "2987649",
    "commercialArticleNumber": "42189",
    "name": "kabeljauwburger graatl.MSC",
    "description": "*Wild, noord-\noostelijk deel van\nAtlantische oceaan\n*Graatloos, 4 stuks\n*met label MSC",
    "brand": "BONI",
    "seoBrand": "Boni Selection",
    "thumbNail": "https://static.colruytgroup.com/images/200x200/std.lang.all/77/88/asset-3197788.jpg",
    "fullImage": "https://static.colruytgroup.com/images/500x500/std.lang.all/77/88/asset-3197788.jpg",
    "squareImage": "https://static.colruytgroup.com/images/500x500sq/std.lang.all/77/88/asset-3197788.jpg",
    "content": "4x100g",
    "walkRouteSequenceNumber": 7421,
    "price": {
      "basicPrice": 3.3,
      "recommendedQuantity": "1.0",
      "measurementUnitPrice": 8.25,
      "measurementUnit": "K",
      "isRedPrice": false,
      "pricePerUOM": 8.25,
      "activationDate": "20-03-2024",
      "recordSource": "Folder",
      "isPromoActive": "N",
      "priceChangeCode": "L"
    },
    "isAvailable": true,
    "isPriceAvailable": true,
    "inPromo": false,
    "gtin": [
      "05400141469608",
      "05400141043846",
      "05400141339192",
      "05400141346176",
      "05400141378542",
      "05400141965599"
    ],
    "topCategoryName": "Bereidingen/Charcuterie/Vis/Veggie",
    "topCategoryId": "105",
    "businessDomain": "RETAIL_BE",
    "IsPrivateLabel": true,
    "IsBiffe": false,
    "WeightconversionFactor": "0",
    "IsWeightArticle": false,
    "nutriscoreLabel": "B",
    "IsBio": false,
    "CountryOfOrigin": "RUSLAND",
    "IsExclusivelySoldInLuxembourg": false,
    "OrderUnit": "P",
    "ShortName": "BONI KABELJAUWBU.4X100G",
    "IsNew": false,
    "EcoscoreLabel": "E",
    "RecentQuanityOfStockUnits": "1",
    "LongName": "BONI kabeljauwburger graatl.MSC 4x100g",
    "AlcoholVolume": "0",
    "FicCode": "I",
    "EcoscoreValue": "4"
  },
  {
    "productId": "159112",
    "technicalArticleNumber": "3266094",
    "commercialArticleNumber": "36560",
    "name": "kipsalade andalouse",
    "description": "*49 % kip\n*Met andalousesaus",
    "brand": "BONI",
    "seoBrand": "Boni Selection",
    "thumbNail": "https://static.colruytgroup.com/images/200x200/std.lang.all/17/03/asset-2881703.jpg",
    "fullImage": "https://static.colruytgroup.com/images/500x500/std.lang.all/17/03/asset-2881703.jpg",
    "squareImage": "https://static.colruytgroup.com/images/500x500sq/std.lang.all/17/03/asset-2881703.jpg",
    "content": "200g",
    "walkRouteSequenceNumber": 7948,
    "price": {
      "basicPrice": 2.15,
      "recommendedQuantity": "1.0",
      "measurementUnitPrice": 10.75,
      "measurementUnit": "K",
      "isRedPrice": false,
      "pricePerUOM": 10.75,
      "activationDate": "12-03-2024",
      "recordSource": "Offline",
      "isPromoActive": "N",
      "priceChangeCode": "E"
    },
    "isAvailable": true,
    "isPriceAvailable": true,
    "inPromo": false,
    "gtin": [
      "05400141615845",
      "05400141351392",
      "05400141189322",
      "05400141793130"
    ],
    "topCategoryName": "Bereidingen/Charcuterie/Vis/Veggie",
    "topCategoryId": "105",
    "businessDomain": "RETAIL_BE",
    "IsPrivateLabel": true,
    "IsBiffe": false,
    "WeightconversionFactor": "0",
    "IsWeightArticle": false,
    "nutriscoreLabel": "C",
    "IsBio": false,
    "CountryOfOrigin": "BELGIË",
    "IsExclusivelySoldInLuxembourg": false,
    "OrderUnit": "P",
    "ShortName": "BONI KIP ANDALOUSE 200G",
    "IsNew": false,
    "EcoscoreLabel": "E",
    "RecentQuanityOfStockUnits": "1",
    "LongName": "BONI kipsalade andalouse 200g",
    "AlcoholVolume": "0",
    "FicCode": "I",
    "EcoscoreValue": "19"
  },
  {
    "productId": "120018",
    "technicalArticleNumber": "3073013",
    "commercialArticleNumber": "31420",
    "name": "spaghetti bolognese",
    "description": "* Met 39 %\nvarkensvlees\n* Microgolfoven",
    "brand": "BONI",
    "seoBrand": "Boni Selection",
    "thumbNail": "https://static.colruytgroup.com/images/200x200/std.lang.all/67/89/asset-2786789.jpg",
    "fullImage": "https://static.colruytgroup.com/images/500x500/std.lang.all/67/89/asset-2786789.jpg",
    "squareImage": "https://static.colruytgroup.com/images/500x500sq/std.lang.all/67/89/asset-2786789.jpg",
    "content": "450g",
    "walkRouteSequenceNumber": 6603,
    "price": {
      "basicPrice": 3.29,
      "recommendedQuantity": "1.0",
      "measurementUnitPrice": 7.32,
      "measurementUnit": "K",
      "isRedPrice": false,
      "pricePerUOM": 7.32,
      "activationDate": "14-02-2024",
      "recordSource": "Offline",
      "isPromoActive": "N",
      "priceChangeCode": "H"
    },
    "isAvailable": true,
    "isPriceAvailable": true,
    "inPromo": false,
    "gtin": [
      "05400141197679",
      "15400141200468",
      "15400141094753",
      "05400141200461",
      "05400141091014",
      "05400141094756"
    ],
    "topCategoryName": "Bereidingen/Charcuterie/Vis/Veggie",
    "topCategoryId": "105",
    "businessDomain": "RETAIL_BE",
    "IsPrivateLabel": true,
    "IsBiffe": false,
    "WeightconversionFactor": "0",
    "IsWeightArticle": false,
    "nutriscoreLabel": "C",
    "IsBio": false,
    "CountryOfOrigin": "BELGIË",
    "IsExclusivelySoldInLuxembourg": false,
    "OrderUnit": "P",
    "ShortName": "BONI SPAGHETTI BOLO 450",
    "IsNew": false,
    "EcoscoreLabel": "C",
    "RecentQuanityOfStockUnits": "1",
    "LongName": "BONI spaghetti bolognese 450g",
    "AlcoholVolume": "0",
    "FicCode": "I",
    "EcoscoreValue": "58"
  },
  {
    "productId": "135444",
    "technicalArticleNumber": "3204890",
    "commercialArticleNumber": "43631",
    "name": "ontvette ham -25%z",
    "description": "*België\n*97 % varkensvlees,\nontvet",
    "brand": "BONI",
    "seoBrand": "Boni Selection",
    "thumbNail": "https://static.colruytgroup.com/images/200x200/std.lang.all/03/69/asset-3320369.jpg",
    "fullImage": "https://static.colruytgroup.com/images/500x500/std.lang.all/03/69/asset-3320369.jpg",
    "squareImage": "https://static.colruytgroup.com/images/500x500sq/std.lang.all/03/69/asset-3320369.jpg",
    "content": "150g",
    "walkRouteSequenceNumber": 7874,
    "price": {
      "basicPrice": 2.73,
      "recommendedQuantity": "1.0",
      "measurementUnitPrice": 18.2,
      "measurementUnit": "K",
      "isRedPrice": false,
      "pricePerUOM": 18.2,
      "activationDate": "13-03-2024",
      "recordSource": "Folder",
      "isPromoActive": "N",
      "priceChangeCode": "L"
    },
    "isAvailable": true,
    "isPriceAvailable": true,
    "inPromo": false,
    "gtin": [
      "05400141196610",
      "15400141911296",
      "05400141377200",
      "05400141688467"
    ],
    "topCategoryName": "Bereidingen/Charcuterie/Vis/Veggie",
    "topCategoryId": "105",
    "businessDomain": "RETAIL_BE",
    "IsPrivateLabel": true,
    "IsBiffe": false,
    "WeightconversionFactor": "0",
    "IsWeightArticle": false,
    "nutriscoreLabel": "C",
    "IsBio": false,
    "CountryOfOrigin": "BELGIË",
    "IsExclusivelySoldInLuxembourg": false,
    "OrderUnit": "P",
    "ShortName": "BONI ONT.HAM-25ZOUT150G",
    "IsNew": false,
    "EcoscoreLabel": "E",
    "RecentQuanityOfStockUnits": "1",
    "LongName": "BONI ontvette ham -25%z 150g",
    "AlcoholVolume": "0",
    "FicCode": "I",
    "EcoscoreValue": "17"
  },
  {
    "productId": "2096",
    "technicalArticleNumber": "27403",
    "commercialArticleNumber": "27403",
    "name": "Original",
    "description": "*België",
    "brand": "HERTA KNACKI",
    "seoBrand": "Herta Knacki",
    "thumbNail": "https://static.colruytgroup.com/images/200x200/std.lang.all/56/80/asset-2935680.jpg",
    "fullImage": "https://static.colruytgroup.com/images/500x500/std.lang.all/56/80/asset-2935680.jpg",
    "squareImage": "https://static.colruytgroup.com/images/500x500sq/std.lang.all/56/80/asset-2935680.jpg",
    "content": "10st",
    "walkRouteSequenceNumber": 7716,
    "price": {
      "basicPrice": 2.99,
      "recommendedQuantity": "1.0",
      "measurementUnitPrice": 8.55,
      "measurementUnit": "K",
      "isRedPrice": false,
      "pricePerUOM": 8.55,
      "activationDate": "17-02-2024",
      "recordSource": "Offline",
      "isPromoActive": "N",
      "priceChangeCode": "E"
    },
    "isAvailable": true,
    "isPriceAvailable": true,
    "inPromo": true,
    "promotion": [
      {
        "techPromoId": "100936COLR",
        "promotionId": "100936",
        "promotionType": "3",
        "isPersonalized": "N",
        "publicationStartDate": "13-03-2024",
        "publicationEndDate": "26-03-2024"
      }
    ],
    "gtin": [
      "03154230045984",
      "03154239045985",
      "07613036942911"
    ],
    "topCategoryName": "Bereidingen/Charcuterie/Vis/Veggie",
    "topCategoryId": "105",
    "businessDomain": "RETAIL_BE",
    "IsPrivateLabel": false,
    "IsBiffe": false,
    "WeightconversionFactor": "0",
    "IsWeightArticle": false,
    "nutriscoreLabel": "D",
    "IsBio": false,
    "CountryOfOrigin": "BELGIË",
    "IsExclusivelySoldInLuxembourg": false,
    "OrderUnit": "P",
    "ShortName": "HERTA 10 KNACKIS 350 GR",
    "IsNew": false,
    "RecentQuanityOfStockUnits": "1",
    "LongName": "HERTA KNACKI Original 10st",
    "AlcoholVolume": "0",
    "FicCode": "E"
  },
  {
    "productId": "17876",
    "technicalArticleNumber": "1762581",
    "commercialArticleNumber": "33800",
    "name": "lasagne bolognese",
    "description": "*Met 18 %\nvarkensvlees\n*In de oven",
    "brand": "COME A CASA",
    "seoBrand": "Come A Casa",
    "thumbNail": "https://static.colruytgroup.com/images/200x200/std.lang.all/07/09/asset-2080709.jpg",
    "fullImage": "https://static.colruytgroup.com/images/500x500/std.lang.all/07/09/asset-2080709.jpg",
    "squareImage": "https://static.colruytgroup.com/images/500x500sq/std.lang.all/07/09/asset-2080709.jpg",
    "content": "2x400g",
    "walkRouteSequenceNumber": 6614,
    "price": {
      "basicPrice": 7.98,
      "recommendedQuantity": "1.0",
      "measurementUnitPrice": 9.98,
      "measurementUnit": "K",
      "isRedPrice": false,
      "pricePerUOM": 9.98,
      "activationDate": "27-02-2024",
      "recordSource": "Offline",
      "isPromoActive": "N",
      "priceChangeCode": "H"
    },
    "isAvailable": true,
    "isPriceAvailable": true,
    "inPromo": false,
    "gtin": [
      "05413848187331",
      "15413848188915"
    ],
    "topCategoryName": "Bereidingen/Charcuterie/Vis/Veggie",
    "topCategoryId": "105",
    "businessDomain": "RETAIL_BE",
    "IsPrivateLabel": false,
    "IsBiffe": false,
    "WeightconversionFactor": "0",
    "IsWeightArticle": false,
    "nutriscoreLabel": "C",
    "IsBio": false,
    "CountryOfOrigin": "BELGIË",
    "IsExclusivelySoldInLuxembourg": false,
    "OrderUnit": "P",
    "ShortName": "CAC LASAGNE BOLO2X400GR",
    "IsNew": false,
    "EcoscoreLabel": "C",
    "RecentQuanityOfStockUnits": "1",
    "LongName": "COME A CASA lasagne bolognese 2x400g",
    "AlcoholVolume": "0",
    "FicCode": "E",
    "EcoscoreValue": "42"
  },
  {
    "productId": "555305",
    "technicalArticleNumber": "4189227",
    "commercialArticleNumber": "14479",
    "name": "pepersalami sneetjes",
    "brand": "EVERYDAY",
    "seoBrand": "Everyday",
    "thumbNail": "https://static.colruytgroup.com/images/200x200/std.lang.all/96/35/asset-1959635.jpg",
    "fullImage": "https://static.colruytgroup.com/images/500x500/std.lang.all/96/35/asset-1959635.jpg",
    "squareImage": "https://static.colruytgroup.com/images/500x500sq/std.lang.all/96/35/asset-1959635.jpg",
    "content": "200g",
    "walkRouteSequenceNumber": 7809,
    "price": {
      "basicPrice": 2.29,
      "recommendedQuantity": "1.0",
      "measurementUnitPrice": 11.45,
      "measurementUnit": "K",
      "isRedPrice": false,
      "pricePerUOM": 11.45,
      "activationDate": "23-03-2024",
      "recordSource": "Folder",
      "isPromoActive": "N",
      "priceChangeCode": "E"
    },
    "isAvailable": true,
    "isPriceAvailable": true,
    "inPromo": false,
    "gtin": [
      "05400141337129",
      "05400141858365"
    ],
    "topCategoryName": "Bereidingen/Charcuterie/Vis/Veggie",
    "topCategoryId": "105",
    "businessDomain": "RETAIL_BE",
    "IsPrivateLabel": true,
    "IsBiffe": false,
    "WeightconversionFactor": "0",
    "IsWeightArticle": false,
    "nutriscoreLabel": "E",
    "IsBio": false,
    "CountryOfOrigin": "BELGIË",
    "IsExclusivelySoldInLuxembourg": false,
    "OrderUnit": "P",
    "ShortName": "EVD PEPERSALAMI 200G",
    "IsNew": false,
    "EcoscoreLabel": "D",
    "RecentQuanityOfStockUnits": "1",
    "LongName": "EVERYDAY pepersalami sneetjes 200g",
    "AlcoholVolume": "0",
    "FicCode": "N",
    "EcoscoreValue": "21"
  },
  {
    "productId": "109594",
    "technicalArticleNumber": "3100509",
    "commercialArticleNumber": "20234",
    "name": "peterselieworst sneden",
    "description": "*België\n*Met kruiden en\npeterselie\n*64 % varkensvlees",
    "brand": "BONI",
    "seoBrand": "Boni Selection",
    "thumbNail": "https://static.colruytgroup.com/images/200x200/std.lang.all/97/59/asset-2919759.jpg",
    "fullImage": "https://static.colruytgroup.com/images/500x500/std.lang.all/97/59/asset-2919759.jpg",
    "squareImage": "https://static.colruytgroup.com/images/500x500sq/std.lang.all/97/59/asset-2919759.jpg",
    "content": "150g",
    "walkRouteSequenceNumber": 7746,
    "price": {
      "basicPrice": 3.15,
      "recommendedQuantity": "1.0",
      "quantityPrice": 2.36,
      "quantityPriceQuantity": "2.0",
      "measurementUnitPrice": 21,
      "measurementUnitQuantityPrice": 15.74,
      "measurementUnit": "K",
      "isRedPrice": false,
      "pricePerUOM": 21,
      "activationDate": "13-03-2024",
      "isPromoActive": "N",
      "priceChangeCode": "E",
      "quantityPricePerUOM": 15.74,
      "quantityActivationDate": "13-03-2024",
      "quantityPriceChangeCode": "L"
    },
    "isAvailable": true,
    "isPriceAvailable": true,
    "inPromo": false,
    "gtin": [
      "15400141323808",
      "05400141624564",
      "05400141196641",
      "05400141367539",
      "15400141911326",
      "05400141505252",
      "05400141445084",
      "15400141367536"
    ],
    "topCategoryName": "Bereidingen/Charcuterie/Vis/Veggie",
    "topCategoryId": "105",
    "businessDomain": "RETAIL_BE",
    "IsPrivateLabel": true,
    "IsBiffe": false,
    "WeightconversionFactor": "0",
    "IsWeightArticle": false,
    "nutriscoreLabel": "E",
    "IsBio": false,
    "CountryOfOrigin": "BELGIË",
    "IsExclusivelySoldInLuxembourg": false,
    "OrderUnit": "P",
    "ShortName": "BONI PETERS. WORST150G",
    "IsNew": false,
    "EcoscoreLabel": "E",
    "RecentQuanityOfStockUnits": "1",
    "LongName": "BONI peterselieworst sneden 150g",
    "AlcoholVolume": "0",
    "FicCode": "I",
    "EcoscoreValue": "0"
  },
  {
    "productId": "239393",
    "technicalArticleNumber": "3539122",
    "commercialArticleNumber": "27063",
    "name": "Serranoham Reserva 12m GV",
    "description": "*Gedroogd Serranoham\nReserva ideaal als\naperitief, koude\nschotel of als tapas\n*Glutenvrij",
    "brand": "BONI",
    "seoBrand": "Boni Selection",
    "thumbNail": "https://static.colruytgroup.com/images/200x200/std.lang.all/37/91/asset-3123791.jpg",
    "fullImage": "https://static.colruytgroup.com/images/500x500/std.lang.all/37/91/asset-3123791.jpg",
    "squareImage": "https://static.colruytgroup.com/images/500x500sq/std.lang.all/37/91/asset-3123791.jpg",
    "content": "200g",
    "walkRouteSequenceNumber": 7837,
    "price": {
      "basicPrice": 4.81,
      "recommendedQuantity": "1.0",
      "measurementUnitPrice": 24.05,
      "measurementUnit": "K",
      "isRedPrice": false,
      "pricePerUOM": 24.05,
      "activationDate": "17-02-2024",
      "recordSource": "Offline",
      "isPromoActive": "N",
      "priceChangeCode": "E"
    },
    "isAvailable": true,
    "isPriceAvailable": true,
    "inPromo": false,
    "gtin": [
      "05400141384314",
      "05400141322576",
      "05400141004526",
      "05400141319972"
    ],
    "topCategoryName": "Bereidingen/Charcuterie/Vis/Veggie",
    "topCategoryId": "105",
    "businessDomain": "RETAIL_BE",
    "IsPrivateLabel": true,
    "IsBiffe": false,
    "WeightconversionFactor": "0",
    "IsWeightArticle": false,
    "nutriscoreLabel": "E",
    "IsBio": false,
    "CountryOfOrigin": "BELGIË",
    "IsExclusivelySoldInLuxembourg": false,
    "OrderUnit": "P",
    "ShortName": "BONI GV SERRANO12M 200G",
    "IsNew": false,
    "EcoscoreLabel": "E",
    "RecentQuanityOfStockUnits": "1",
    "LongName": "BONI Serranoham Reserva 12m GV 200g",
    "AlcoholVolume": "0",
    "FicCode": "I",
    "EcoscoreValue": "0"
  },
  {
    "productId": "131856",
    "technicalArticleNumber": "3188075",
    "commercialArticleNumber": "26316",
    "name": "tomatensoep met balletjes",
    "description": "*Met tomaat,\n3,5% kippenballetjes\n*In de kookpot",
    "brand": "BONI",
    "seoBrand": "Boni Selection",
    "thumbNail": "https://static.colruytgroup.com/images/200x200/std.lang.all/10/95/asset-3351095.jpg",
    "fullImage": "https://static.colruytgroup.com/images/500x500/std.lang.all/10/95/asset-3351095.jpg",
    "squareImage": "https://static.colruytgroup.com/images/500x500sq/std.lang.all/10/95/asset-3351095.jpg",
    "content": "950ml",
    "walkRouteSequenceNumber": 6632,
    "price": {
      "basicPrice": 2.99,
      "recommendedQuantity": "1.0",
      "measurementUnitPrice": 3.15,
      "measurementUnit": "L",
      "isRedPrice": false,
      "pricePerUOM": 3.15,
      "activationDate": "22-03-2024",
      "recordSource": "Offline",
      "isPromoActive": "N",
      "priceChangeCode": "E"
    },
    "isAvailable": true,
    "isPriceAvailable": true,
    "inPromo": false,
    "gtin": [
      "05400141022681",
      "05400141158830",
      "05400141098655",
      "05400141074451",
      "05400141777802"
    ],
    "topCategoryName": "Bereidingen/Charcuterie/Vis/Veggie",
    "topCategoryId": "105",
    "businessDomain": "RETAIL_BE",
    "IsPrivateLabel": true,
    "IsBiffe": false,
    "WeightconversionFactor": "0",
    "IsWeightArticle": false,
    "nutriscoreLabel": "C",
    "IsBio": false,
    "CountryOfOrigin": "BELGIË",
    "IsExclusivelySoldInLuxembourg": false,
    "OrderUnit": "P",
    "ShortName": "BONI TOM.SOEP BAL.950ML",
    "InSeason": true,
    "IsNew": false,
    "EcoscoreLabel": "B",
    "RecentQuanityOfStockUnits": "1",
    "LongName": "BONI tomatensoep met balletjes 950ml",
    "AlcoholVolume": "0",
    "StartSeasonDate": "05/07/2016",
    "FicCode": "I",
    "EcoscoreValue": "60"
  },
  {
    "productId": "90182",
    "technicalArticleNumber": "2974552",
    "commercialArticleNumber": "4324",
    "name": "ontbijtspek gerookt",
    "description": "Ontbijtspek in sneetjes. Moet\ngebakken worden.",
    "brand": "HERTA",
    "seoBrand": "Herta",
    "thumbNail": "https://static.colruytgroup.com/images/200x200/std.lang.all/25/79/asset-1932579.jpg",
    "fullImage": "https://static.colruytgroup.com/images/500x500/std.lang.all/25/79/asset-1932579.jpg",
    "squareImage": "https://static.colruytgroup.com/images/500x500sq/std.lang.all/25/79/asset-1932579.jpg",
    "content": "100g",
    "walkRouteSequenceNumber": 7752,
    "price": {
      "basicPrice": 2.15,
      "recommendedQuantity": "1.0",
      "measurementUnitPrice": 21.5,
      "measurementUnit": "K",
      "isRedPrice": false,
      "pricePerUOM": 21.5,
      "activationDate": "30-01-2024",
      "recordSource": "Offline",
      "isPromoActive": "N",
      "priceChangeCode": "H"
    },
    "isAvailable": true,
    "isPriceAvailable": true,
    "inPromo": true,
    "promotion": [
      {
        "techPromoId": "100936COLR",
        "promotionId": "100936",
        "promotionType": "3",
        "isPersonalized": "N",
        "publicationStartDate": "13-03-2024",
        "publicationEndDate": "26-03-2024"
      }
    ],
    "gtin": [
      "07613036947404",
      "07613034163790",
      "07613034163783",
      "03154230814023"
    ],
    "topCategoryName": "Bereidingen/Charcuterie/Vis/Veggie",
    "topCategoryId": "105",
    "businessDomain": "RETAIL_BE",
    "IsPrivateLabel": false,
    "IsBiffe": false,
    "WeightconversionFactor": "0",
    "IsWeightArticle": false,
    "nutriscoreLabel": "E",
    "IsBio": false,
    "CountryOfOrigin": "FRANKRIJK",
    "IsExclusivelySoldInLuxembourg": false,
    "OrderUnit": "P",
    "ShortName": "HERTA ONTBIJTSP 100G",
    "IsNew": false,
    "RecentQuanityOfStockUnits": "1",
    "LongName": "HERTA ontbijtspek gerookt 100g",
    "AlcoholVolume": "0",
    "FicCode": "E"
  },
  {
    "productId": "153191",
    "technicalArticleNumber": "3266353",
    "commercialArticleNumber": "36580",
    "name": "eiersalade",
    "description": "*64 % gekookte\nscharreleieren\n*Met mayonaise",
    "brand": "BONI",
    "seoBrand": "Boni Selection",
    "thumbNail": "https://static.colruytgroup.com/images/200x200/std.lang.all/18/78/asset-2481878.jpg",
    "fullImage": "https://static.colruytgroup.com/images/500x500/std.lang.all/18/78/asset-2481878.jpg",
    "squareImage": "https://static.colruytgroup.com/images/500x500sq/std.lang.all/18/78/asset-2481878.jpg",
    "content": "200g",
    "walkRouteSequenceNumber": 7947,
    "price": {
      "basicPrice": 1.23,
      "recommendedQuantity": "1.0",
      "measurementUnitPrice": 6.15,
      "measurementUnit": "K",
      "isRedPrice": false,
      "pricePerUOM": 6.15,
      "activationDate": "13-03-2024",
      "recordSource": "Offline",
      "isPromoActive": "N",
      "priceChangeCode": "L"
    },
    "isAvailable": true,
    "isPriceAvailable": true,
    "inPromo": false,
    "gtin": [
      "05400141784657",
      "05400141351446",
      "05400141196818"
    ],
    "topCategoryName": "Bereidingen/Charcuterie/Vis/Veggie",
    "topCategoryId": "105",
    "businessDomain": "RETAIL_BE",
    "IsPrivateLabel": true,
    "IsBiffe": false,
    "WeightconversionFactor": "0",
    "IsWeightArticle": false,
    "nutriscoreLabel": "D",
    "IsBio": false,
    "CountryOfOrigin": "BELGIË",
    "IsExclusivelySoldInLuxembourg": false,
    "OrderUnit": "P",
    "ShortName": "BONI EIERSALADE 200G",
    "IsNew": false,
    "RecentQuanityOfStockUnits": "1",
    "LongName": "BONI eiersalade 200g",
    "AlcoholVolume": "0",
    "FicCode": "I"
  },
  {
    "productId": "609068",
    "technicalArticleNumber": "4280979",
    "commercialArticleNumber": "27055",
    "name": "CHIFFONADE KIPFILET",
    "brand": "BONI",
    "seoBrand": "Boni Selection",
    "thumbNail": "https://static.colruytgroup.com/images/200x200/std.lang.all/91/02/asset-2199102.jpg",
    "fullImage": "https://static.colruytgroup.com/images/500x500/std.lang.all/91/02/asset-2199102.jpg",
    "squareImage": "https://static.colruytgroup.com/images/500x500sq/std.lang.all/91/02/asset-2199102.jpg",
    "content": "110g",
    "walkRouteSequenceNumber": 7894,
    "price": {
      "basicPrice": 2.8,
      "recommendedQuantity": "1.0",
      "measurementUnitPrice": 25.46,
      "measurementUnit": "K",
      "isRedPrice": false,
      "pricePerUOM": 25.46,
      "activationDate": "17-02-2024",
      "recordSource": "Offline",
      "isPromoActive": "N",
      "priceChangeCode": "E"
    },
    "isAvailable": true,
    "isPriceAvailable": true,
    "inPromo": false,
    "gtin": [
      "05400141413700",
      "15400141413707"
    ],
    "topCategoryName": "Bereidingen/Charcuterie/Vis/Veggie",
    "topCategoryId": "105",
    "businessDomain": "RETAIL_BE",
    "IsPrivateLabel": true,
    "IsBiffe": false,
    "WeightconversionFactor": "0",
    "IsWeightArticle": false,
    "nutriscoreLabel": "D",
    "IsBio": false,
    "CountryOfOrigin": "BELGIË",
    "IsExclusivelySoldInLuxembourg": false,
    "OrderUnit": "P",
    "ShortName": "BONI CHIFF KIPFILET 110",
    "IsNew": false,
    "EcoscoreLabel": "C",
    "RecentQuanityOfStockUnits": "1",
    "LongName": "BONI CHIFFONADE KIPFILET 110g",
    "AlcoholVolume": "0",
    "FicCode": "I",
    "EcoscoreValue": "52"
  },
  {
    "productId": "131865",
    "technicalArticleNumber": "3188100",
    "commercialArticleNumber": "26397",
    "name": "kippensoep",
    "description": "*3,5 % kippenvlees\n*In de kookpot",
    "brand": "BONI",
    "seoBrand": "Boni Selection",
    "thumbNail": "https://static.colruytgroup.com/images/200x200/std.lang.all/09/69/asset-3350969.jpg",
    "fullImage": "https://static.colruytgroup.com/images/500x500/std.lang.all/09/69/asset-3350969.jpg",
    "squareImage": "https://static.colruytgroup.com/images/500x500sq/std.lang.all/09/69/asset-3350969.jpg",
    "content": "950ml",
    "walkRouteSequenceNumber": 6633,
    "price": {
      "basicPrice": 2.99,
      "recommendedQuantity": "1.0",
      "measurementUnitPrice": 3.15,
      "measurementUnit": "L",
      "isRedPrice": false,
      "pricePerUOM": 3.15,
      "activationDate": "28-02-2024",
      "recordSource": "Offline",
      "isPromoActive": "N",
      "priceChangeCode": "H"
    },
    "isAvailable": true,
    "isPriceAvailable": true,
    "inPromo": false,
    "gtin": [
      "05400141700350",
      "05400141777857",
      "05400141098679",
      "05400141080292",
      "05400141022735",
      "05400141158847"
    ],
    "topCategoryName": "Bereidingen/Charcuterie/Vis/Veggie",
    "topCategoryId": "105",
    "businessDomain": "RETAIL_BE",
    "IsPrivateLabel": true,
    "IsBiffe": false,
    "WeightconversionFactor": "0",
    "IsWeightArticle": false,
    "nutriscoreLabel": "C",
    "IsBio": false,
    "CountryOfOrigin": "BELGIË",
    "IsExclusivelySoldInLuxembourg": false,
    "OrderUnit": "P",
    "ShortName": "BONI KIPPENSOEP 950ML",
    "InSeason": true,
    "IsNew": false,
    "EcoscoreLabel": "A",
    "RecentQuanityOfStockUnits": "1",
    "LongName": "BONI kippensoep 950ml",
    "AlcoholVolume": "0",
    "StartSeasonDate": "05/07/2016",
    "FicCode": "I",
    "EcoscoreValue": "100"
  },
  {
    "productId": "800087",
    "technicalArticleNumber": "4613788",
    "commercialArticleNumber": "10262",
    "name": "droge worsten 5st",
    "brand": "EVERYDAY",
    "seoBrand": "Everyday",
    "thumbNail": "https://static.colruytgroup.com/images/200x200/std.lang.all/26/06/asset-2952606.jpg",
    "fullImage": "https://static.colruytgroup.com/images/500x500/std.lang.all/26/06/asset-2952606.jpg",
    "squareImage": "https://static.colruytgroup.com/images/500x500sq/std.lang.all/26/06/asset-2952606.jpg",
    "content": "5x55g",
    "walkRouteSequenceNumber": 7788,
    "price": {
      "basicPrice": 2.99,
      "recommendedQuantity": "1.0",
      "measurementUnitPrice": 10.88,
      "measurementUnit": "K",
      "isRedPrice": false,
      "pricePerUOM": 10.88,
      "activationDate": "08-02-2024",
      "recordSource": "Offline",
      "isPromoActive": "N",
      "priceChangeCode": "L"
    },
    "isAvailable": true,
    "isPriceAvailable": true,
    "inPromo": false,
    "gtin": [
      "05400141564556"
    ],
    "topCategoryName": "Bereidingen/Charcuterie/Vis/Veggie",
    "topCategoryId": "105",
    "businessDomain": "RETAIL_BE",
    "IsPrivateLabel": true,
    "IsBiffe": false,
    "WeightconversionFactor": "0",
    "IsWeightArticle": false,
    "nutriscoreLabel": "E",
    "IsBio": false,
    "CountryOfOrigin": "BELGIË",
    "IsExclusivelySoldInLuxembourg": false,
    "OrderUnit": "P",
    "ShortName": "EVD DROGE WORST 5ST",
    "IsNew": false,
    "EcoscoreLabel": "E",
    "RecentQuanityOfStockUnits": "1",
    "LongName": "EVERYDAY droge worsten 5st 5x55g",
    "FicCode": "I",
    "EcoscoreValue": "16"
  },
  {
    "productId": "824004",
    "technicalArticleNumber": "4659786",
    "commercialArticleNumber": "29804",
    "name": "gebraden kipfilet stukjes",
    "brand": "BONI",
    "seoBrand": "Boni Selection",
    "thumbNail": "https://static.colruytgroup.com/images/200x200/std.lang.all/40/91/asset-2954091.jpg",
    "fullImage": "https://static.colruytgroup.com/images/500x500/std.lang.all/40/91/asset-2954091.jpg",
    "squareImage": "https://static.colruytgroup.com/images/500x500sq/std.lang.all/40/91/asset-2954091.jpg",
    "content": "150g",
    "walkRouteSequenceNumber": 7898,
    "price": {
      "basicPrice": 2.59,
      "recommendedQuantity": "1.0",
      "measurementUnitPrice": 17.27,
      "measurementUnit": "K",
      "isRedPrice": false,
      "pricePerUOM": 17.27,
      "activationDate": "17-02-2024",
      "recordSource": "Offline",
      "isPromoActive": "N",
      "priceChangeCode": "E"
    },
    "isAvailable": true,
    "isPriceAvailable": true,
    "inPromo": false,
    "gtin": [
      "05400141850444"
    ],
    "topCategoryName": "Bereidingen/Charcuterie/Vis/Veggie",
    "topCategoryId": "105",
    "businessDomain": "RETAIL_BE",
    "IsPrivateLabel": true,
    "IsBiffe": false,
    "WeightconversionFactor": "0",
    "IsWeightArticle": false,
    "nutriscoreLabel": "C",
    "IsBio": false,
    "CountryOfOrigin": "BELGIË",
    "IsExclusivelySoldInLuxembourg": false,
    "OrderUnit": "P",
    "ShortName": "BONI GEBR.KIPFIL.ST150G",
    "IsNew": false,
    "EcoscoreLabel": "D",
    "RecentQuanityOfStockUnits": "1",
    "LongName": "BONI gebraden kipfilet stukjes 150g",
    "FicCode": "I",
    "EcoscoreValue": "30"
  },
  {
    "productId": "2167",
    "technicalArticleNumber": "27067",
    "commercialArticleNumber": "27067",
    "name": "haringfilet op azijn MSC",
    "description": "*Wild, noord-\noostelijk deel van\nAtlantische oceaan\n*met label MSC",
    "brand": "EVERYDAY",
    "seoBrand": "Everyday",
    "thumbNail": "https://static.colruytgroup.com/images/200x200/std.lang.all/18/76/asset-2481876.jpg",
    "fullImage": "https://static.colruytgroup.com/images/500x500/std.lang.all/18/76/asset-2481876.jpg",
    "squareImage": "https://static.colruytgroup.com/images/500x500sq/std.lang.all/18/76/asset-2481876.jpg",
    "content": "330g",
    "walkRouteSequenceNumber": 7420,
    "price": {
      "basicPrice": 2.19,
      "recommendedQuantity": "1.0",
      "measurementUnitPrice": 10.95,
      "measurementUnit": "K",
      "isRedPrice": false,
      "pricePerUOM": 10.95,
      "activationDate": "14-11-2023",
      "recordSource": "Offline",
      "isPromoActive": "N",
      "priceChangeCode": "E"
    },
    "isAvailable": true,
    "isPriceAvailable": true,
    "inPromo": false,
    "gtin": [
      "15400141763314",
      "05400141763317",
      "15400141234470",
      "15400141270690",
      "05400141098723",
      "05400141234473",
      "05400141270686",
      "05400141378580",
      "05400141088564",
      "15400141088561"
    ],
    "topCategoryName": "Bereidingen/Charcuterie/Vis/Veggie",
    "topCategoryId": "105",
    "businessDomain": "RETAIL_BE",
    "IsPrivateLabel": true,
    "IsBiffe": false,
    "WeightconversionFactor": "0",
    "IsWeightArticle": false,
    "nutriscoreLabel": "D",
    "IsBio": false,
    "CountryOfOrigin": "BELGIË",
    "IsExclusivelySoldInLuxembourg": false,
    "OrderUnit": "P",
    "ShortName": "EVD HARINGFILET 330G",
    "InSeason": true,
    "IsNew": false,
    "EcoscoreLabel": "A",
    "RecentQuanityOfStockUnits": "1,1,6",
    "LongName": "EVERYDAY haringfilet op azijn MSC 330g",
    "AlcoholVolume": "0",
    "StartSeasonDate": "05/10/2001",
    "FicCode": "I",
    "EcoscoreValue": "96"
  },
  {
    "productId": "2085",
    "technicalArticleNumber": "27180",
    "commercialArticleNumber": "27180",
    "name": "hespenworst",
    "description": "*België\n*Boterham, koude\nschotel",
    "brand": "EVERYDAY",
    "seoBrand": "Everyday",
    "thumbNail": "https://static.colruytgroup.com/images/200x200/std.lang.all/89/49/asset-1148949.jpg",
    "fullImage": "https://static.colruytgroup.com/images/500x500/std.lang.all/89/49/asset-1148949.jpg",
    "squareImage": "https://static.colruytgroup.com/images/500x500sq/std.lang.all/89/49/asset-1148949.jpg",
    "content": "400g",
    "walkRouteSequenceNumber": 7720,
    "price": {
      "basicPrice": 2.25,
      "recommendedQuantity": "1.0",
      "measurementUnitPrice": 5.63,
      "measurementUnit": "K",
      "isRedPrice": false,
      "pricePerUOM": 5.63,
      "activationDate": "14-11-2023",
      "recordSource": "Offline",
      "isPromoActive": "N",
      "priceChangeCode": "E"
    },
    "isAvailable": true,
    "isPriceAvailable": true,
    "inPromo": false,
    "gtin": [
      "95400141271808",
      "05400141281804",
      "05400141371802",
      "05400141261806"
    ],
    "topCategoryName": "Bereidingen/Charcuterie/Vis/Veggie",
    "topCategoryId": "105",
    "businessDomain": "RETAIL_BE",
    "IsPrivateLabel": true,
    "IsBiffe": false,
    "WeightconversionFactor": "0",
    "IsWeightArticle": false,
    "nutriscoreLabel": "D",
    "IsBio": false,
    "CountryOfOrigin": "BELGIË",
    "IsExclusivelySoldInLuxembourg": false,
    "OrderUnit": "P",
    "ShortName": "EVD HESPENWORST 400GR",
    "IsNew": false,
    "EcoscoreLabel": "D",
    "RecentQuanityOfStockUnits": "1",
    "LongName": "EVERYDAY hespenworst 400g",
    "AlcoholVolume": "0",
    "FicCode": "I",
    "EcoscoreValue": "28"
  },
  {
    "productId": "806791",
    "technicalArticleNumber": "4627284",
    "commercialArticleNumber": "7035",
    "name": "poffertjes",
    "brand": "BONI",
    "seoBrand": "Boni Selection",
    "thumbNail": "https://static.colruytgroup.com/images/200x200/std.lang.all/39/01/asset-2913901.jpg",
    "fullImage": "https://static.colruytgroup.com/images/500x500/std.lang.all/39/01/asset-2913901.jpg",
    "squareImage": "https://static.colruytgroup.com/images/500x500sq/std.lang.all/39/01/asset-2913901.jpg",
    "content": "50st",
    "walkRouteSequenceNumber": 6100,
    "price": {
      "basicPrice": 2.42,
      "recommendedQuantity": "1.0",
      "measurementUnitPrice": 5.84,
      "measurementUnit": "K",
      "isRedPrice": false,
      "pricePerUOM": 5.84,
      "activationDate": "18-01-2024",
      "recordSource": "Offline",
      "isPromoActive": "N",
      "priceChangeCode": "L"
    },
    "isAvailable": true,
    "isPriceAvailable": true,
    "inPromo": false,
    "gtin": [
      "15400141777793",
      "15400141602279",
      "05400141602272"
    ],
    "topCategoryName": "Bereidingen/Charcuterie/Vis/Veggie",
    "topCategoryId": "105",
    "businessDomain": "RETAIL_BE",
    "IsPrivateLabel": true,
    "IsBiffe": false,
    "WeightconversionFactor": "0",
    "IsWeightArticle": false,
    "nutriscoreLabel": "E",
    "IsBio": false,
    "CountryOfOrigin": "NEDERLAND",
    "IsExclusivelySoldInLuxembourg": false,
    "OrderUnit": "P",
    "ShortName": "BONI POFFERTJES 50ST",
    "IsNew": false,
    "EcoscoreLabel": "B",
    "RecentQuanityOfStockUnits": "1,7",
    "LongName": "BONI poffertjes 50st",
    "FicCode": "I",
    "EcoscoreValue": "66"
  },
  {
    "productId": "793545",
    "technicalArticleNumber": "4601440",
    "commercialArticleNumber": "9877",
    "name": "Gnocchi om te bakken",
    "description": "*Om te bakken",
    "brand": "BONI",
    "seoBrand": "Boni Selection",
    "thumbNail": "https://static.colruytgroup.com/images/200x200/std.lang.all/59/36/asset-2945936.jpg",
    "fullImage": "https://static.colruytgroup.com/images/500x500/std.lang.all/59/36/asset-2945936.jpg",
    "squareImage": "https://static.colruytgroup.com/images/500x500sq/std.lang.all/59/36/asset-2945936.jpg",
    "content": "300g",
    "walkRouteSequenceNumber": 6697,
    "price": {
      "basicPrice": 2.29,
      "recommendedQuantity": "1.0",
      "quantityPrice": 2.11,
      "quantityPriceQuantity": "3.0",
      "measurementUnitPrice": 7.64,
      "measurementUnitQuantityPrice": 7.04,
      "measurementUnit": "K",
      "isRedPrice": false,
      "pricePerUOM": 7.64,
      "activationDate": "30-12-2023",
      "isPromoActive": "N",
      "priceChangeCode": "H",
      "quantityPricePerUOM": 7.04,
      "quantityActivationDate": "30-12-2023",
      "quantityPriceChangeCode": "H"
    },
    "isAvailable": true,
    "isPriceAvailable": true,
    "inPromo": false,
    "gtin": [
      "05400141804263"
    ],
    "topCategoryName": "Bereidingen/Charcuterie/Vis/Veggie",
    "topCategoryId": "105",
    "businessDomain": "RETAIL_BE",
    "IsPrivateLabel": true,
    "IsBiffe": false,
    "WeightconversionFactor": "0",
    "IsWeightArticle": false,
    "nutriscoreLabel": "C",
    "IsBio": false,
    "CountryOfOrigin": "FRANKRIJK",
    "IsExclusivelySoldInLuxembourg": false,
    "OrderUnit": "P",
    "ShortName": "BONI GNOCCHI 300G",
    "IsNew": false,
    "EcoscoreLabel": "B",
    "RecentQuanityOfStockUnits": "1,6",
    "LongName": "BONI Gnocchi om te bakken 300g",
    "FicCode": "I",
    "EcoscoreValue": "77"
  },
  {
    "productId": "854576",
    "technicalArticleNumber": "4703608",
    "commercialArticleNumber": "31271",
    "name": "Ringworst",
    "brand": "BONI",
    "seoBrand": "Boni Selection",
    "thumbNail": "https://static.colruytgroup.com/images/200x200/std.lang.all/04/87/asset-3180487.jpg",
    "fullImage": "https://static.colruytgroup.com/images/500x500/std.lang.all/04/87/asset-3180487.jpg",
    "squareImage": "https://static.colruytgroup.com/images/500x500sq/std.lang.all/04/87/asset-3180487.jpg",
    "content": "150g",
    "walkRouteSequenceNumber": 7889,
    "price": {
      "basicPrice": 2.39,
      "recommendedQuantity": "1.0",
      "measurementUnitPrice": 15.94,
      "measurementUnit": "K",
      "isRedPrice": false,
      "pricePerUOM": 15.94,
      "activationDate": "15-03-2024",
      "recordSource": "Offline",
      "isPromoActive": "N",
      "priceChangeCode": "H"
    },
    "isAvailable": true,
    "isPriceAvailable": true,
    "inPromo": false,
    "gtin": [
      "05400141937978"
    ],
    "topCategoryName": "Bereidingen/Charcuterie/Vis/Veggie",
    "topCategoryId": "105",
    "businessDomain": "RETAIL_BE",
    "IsPrivateLabel": true,
    "IsBiffe": false,
    "WeightconversionFactor": "0",
    "IsWeightArticle": false,
    "nutriscoreLabel": "E",
    "IsBio": false,
    "CountryOfOrigin": "BELGIË",
    "IsExclusivelySoldInLuxembourg": false,
    "OrderUnit": "P",
    "ShortName": "BONI RINGWORST 150G",
    "InSeason": true,
    "IsNew": false,
    "EcoscoreLabel": "C",
    "RecentQuanityOfStockUnits": "1",
    "LongName": "BONI Ringworst 150g",
    "StartSeasonDate": "16/11/2023",
    "FicCode": "I",
    "EcoscoreValue": "47"
  },
  {
    "productId": "2108",
    "technicalArticleNumber": "27862",
    "commercialArticleNumber": "27862",
    "name": "cheeseburger",
    "description": "*Met 51 % varkens-,\nrundsvlees,\n10 % cheddar\n*In de microgolfoven\noven",
    "brand": "EVERYDAY",
    "seoBrand": "Everyday",
    "thumbNail": "https://static.colruytgroup.com/images/200x200/std.lang.all/85/99/asset-1148599.jpg",
    "fullImage": "https://static.colruytgroup.com/images/500x500/std.lang.all/85/99/asset-1148599.jpg",
    "squareImage": "https://static.colruytgroup.com/images/500x500sq/std.lang.all/85/99/asset-1148599.jpg",
    "content": "2x148g",
    "walkRouteSequenceNumber": 6622,
    "price": {
      "basicPrice": 1.91,
      "recommendedQuantity": "1.0",
      "measurementUnitPrice": 6.46,
      "measurementUnit": "K",
      "isRedPrice": false,
      "pricePerUOM": 6.46,
      "activationDate": "01-03-2024",
      "recordSource": "Offline",
      "isPromoActive": "N",
      "priceChangeCode": "H"
    },
    "isAvailable": true,
    "isPriceAvailable": true,
    "inPromo": false,
    "gtin": [
      "04037473900014",
      "05400141037005",
      "05400141084436",
      "15400141037002",
      "04037473900007",
      "15400141427346",
      "05400141427349"
    ],
    "topCategoryName": "Bereidingen/Charcuterie/Vis/Veggie",
    "topCategoryId": "105",
    "businessDomain": "RETAIL_BE",
    "IsPrivateLabel": true,
    "IsBiffe": false,
    "WeightconversionFactor": "0",
    "IsWeightArticle": false,
    "nutriscoreLabel": "D",
    "IsBio": false,
    "CountryOfOrigin": "NEDERLAND",
    "IsExclusivelySoldInLuxembourg": false,
    "OrderUnit": "P",
    "ShortName": "EVD CHEESEBURG.2 X 148G",
    "IsNew": false,
    "EcoscoreLabel": "D",
    "RecentQuanityOfStockUnits": "1,15",
    "LongName": "EVERYDAY cheeseburger 2x148g",
    "AlcoholVolume": "0",
    "FicCode": "I",
    "EcoscoreValue": "27"
  },
  {
    "productId": "11370",
    "technicalArticleNumber": "1408642",
    "commercialArticleNumber": "27622",
    "name": "worst gekookt",
    "description": "*België\n*Assortiment:\npikant, normaal\n*Warme,koude bereid.",
    "brand": "CHATAR",
    "seoBrand": "Chatar",
    "thumbNail": "https://static.colruytgroup.com/images/200x200/std.lang.all/41/61/asset-2194161.jpg",
    "fullImage": "https://static.colruytgroup.com/images/500x500/std.lang.all/41/61/asset-2194161.jpg",
    "squareImage": "https://static.colruytgroup.com/images/500x500sq/std.lang.all/41/61/asset-2194161.jpg",
    "content": "3x280g",
    "walkRouteSequenceNumber": 7861,
    "price": {
      "basicPrice": 5.97,
      "recommendedQuantity": "1.0",
      "measurementUnitPrice": 7.11,
      "measurementUnit": "K",
      "isRedPrice": false,
      "pricePerUOM": 7.11,
      "activationDate": "15-03-2024",
      "recordSource": "Offline",
      "isPromoActive": "N",
      "priceChangeCode": "H"
    },
    "isAvailable": true,
    "isPriceAvailable": true,
    "inPromo": false,
    "gtin": [
      "05411123600261",
      "05412586019317",
      "05411123905458"
    ],
    "topCategoryName": "Bereidingen/Charcuterie/Vis/Veggie",
    "topCategoryId": "105",
    "businessDomain": "RETAIL_BE",
    "IsPrivateLabel": false,
    "IsBiffe": false,
    "WeightconversionFactor": "0",
    "IsWeightArticle": false,
    "IsBio": false,
    "CountryOfOrigin": "BELGIË",
    "IsExclusivelySoldInLuxembourg": false,
    "OrderUnit": "P",
    "ShortName": "HALAL CHAT ASSORT3X280G",
    "IsNew": false,
    "EcoscoreLabel": "E",
    "RecentQuanityOfStockUnits": "1,1,12",
    "LongName": "CHATAR worst gekookt 3x280g",
    "AlcoholVolume": "0",
    "FicCode": "E",
    "EcoscoreValue": "0"
  },
  {
    "productId": "2100",
    "technicalArticleNumber": "27801",
    "commercialArticleNumber": "27801",
    "name": "capelletti vlees",
    "description": "*Verse pasta,\n36 % vulling:\nvarkensvlees\n*In de kookpot",
    "brand": "BONI",
    "seoBrand": "Boni Selection",
    "thumbNail": "https://static.colruytgroup.com/images/200x200/std.lang.all/27/20/asset-3352720.jpg",
    "fullImage": "https://static.colruytgroup.com/images/500x500/std.lang.all/27/20/asset-3352720.jpg",
    "squareImage": "https://static.colruytgroup.com/images/500x500sq/std.lang.all/27/20/asset-3352720.jpg",
    "content": "500g",
    "walkRouteSequenceNumber": 6664,
    "price": {
      "basicPrice": 2.45,
      "recommendedQuantity": "1.0",
      "measurementUnitPrice": 4.9,
      "measurementUnit": "K",
      "isRedPrice": false,
      "pricePerUOM": 4.9,
      "activationDate": "18-12-2023",
      "recordSource": "Offline",
      "isPromoActive": "N",
      "priceChangeCode": "E"
    },
    "isAvailable": true,
    "isPriceAvailable": true,
    "inPromo": false,
    "gtin": [
      "15400141535836",
      "15400141594956",
      "05400141074567",
      "05400141084313",
      "05400141250022",
      "05400141377446",
      "15400141074564",
      "15400141241058",
      "15400141377443",
      "05400141594959",
      "05400141535839"
    ],
    "topCategoryName": "Bereidingen/Charcuterie/Vis/Veggie",
    "topCategoryId": "105",
    "businessDomain": "RETAIL_BE",
    "IsPrivateLabel": true,
    "IsBiffe": false,
    "WeightconversionFactor": "0",
    "IsWeightArticle": false,
    "nutriscoreLabel": "D",
    "IsBio": false,
    "CountryOfOrigin": "BELGIË",
    "IsExclusivelySoldInLuxembourg": false,
    "OrderUnit": "P",
    "ShortName": "BONI CAPELLE.VLEES 500G",
    "InSeason": true,
    "IsNew": false,
    "EcoscoreLabel": "E",
    "RecentQuanityOfStockUnits": "1,12",
    "LongName": "BONI capelletti vlees 500g",
    "AlcoholVolume": "0",
    "StartSeasonDate": "26/11/2018",
    "FicCode": "I",
    "EcoscoreValue": "1"
  },
  {
    "productId": "794730",
    "technicalArticleNumber": "4603313",
    "commercialArticleNumber": "13405",
    "name": "Schotse gerookte zalm sneden",
    "description": "*4 - 6 sneden\n*Volle rooksmaak",
    "brand": "BONI",
    "seoBrand": "Boni Selection",
    "thumbNail": "https://static.colruytgroup.com/images/200x200/std.lang.all/34/45/asset-2883445.jpg",
    "fullImage": "https://static.colruytgroup.com/images/500x500/std.lang.all/34/45/asset-2883445.jpg",
    "squareImage": "https://static.colruytgroup.com/images/500x500sq/std.lang.all/34/45/asset-2883445.jpg",
    "content": "130g",
    "walkRouteSequenceNumber": 7482,
    "price": {
      "basicPrice": 6.48,
      "recommendedQuantity": "1.0",
      "measurementUnitPrice": 49.85,
      "measurementUnit": "K",
      "isRedPrice": false,
      "pricePerUOM": 49.85,
      "activationDate": "12-03-2024",
      "recordSource": "Offline",
      "isPromoActive": "N",
      "priceChangeCode": "E"
    },
    "isAvailable": true,
    "isPriceAvailable": true,
    "inPromo": false,
    "gtin": [
      "05400141697131"
    ],
    "topCategoryName": "Bereidingen/Charcuterie/Vis/Veggie",
    "topCategoryId": "105",
    "businessDomain": "RETAIL_BE",
    "IsPrivateLabel": true,
    "IsBiffe": false,
    "WeightconversionFactor": "0",
    "IsWeightArticle": false,
    "nutriscoreLabel": "E",
    "IsBio": false,
    "CountryOfOrigin": "VERENIGD KONINKRIJK",
    "IsExclusivelySoldInLuxembourg": false,
    "OrderUnit": "P",
    "ShortName": "BONI SCHOT GER ZALM 130",
    "IsNew": false,
    "EcoscoreLabel": "E",
    "RecentQuanityOfStockUnits": "1",
    "LongName": "BONI Schotse gerookte zalm sneden 130g",
    "FicCode": "I",
    "EcoscoreValue": "19"
  },
  {
    "productId": "873466",
    "technicalArticleNumber": "4728356",
    "commercialArticleNumber": "30762",
    "name": "Gekookte ham zonder nitriet",
    "description": "*België",
    "brand": "BONI",
    "seoBrand": "Boni Selection",
    "thumbNail": "https://static.colruytgroup.com/images/200x200/std.lang.all/03/76/asset-3320376.jpg",
    "fullImage": "https://static.colruytgroup.com/images/500x500/std.lang.all/03/76/asset-3320376.jpg",
    "squareImage": "https://static.colruytgroup.com/images/500x500sq/std.lang.all/03/76/asset-3320376.jpg",
    "content": "150g",
    "walkRouteSequenceNumber": 7883,
    "price": {
      "basicPrice": 3.49,
      "recommendedQuantity": "1.0",
      "measurementUnitPrice": 23.27,
      "measurementUnit": "K",
      "isRedPrice": false,
      "pricePerUOM": 23.27,
      "activationDate": "28-02-2024",
      "isPromoActive": "N",
      "priceChangeCode": "E"
    },
    "isAvailable": true,
    "isPriceAvailable": true,
    "inPromo": false,
    "gtin": [
      "05400141801163"
    ],
    "topCategoryName": "Bereidingen/Charcuterie/Vis/Veggie",
    "topCategoryId": "105",
    "businessDomain": "RETAIL_BE",
    "IsPrivateLabel": true,
    "IsBiffe": false,
    "WeightconversionFactor": "0",
    "IsWeightArticle": false,
    "nutriscoreLabel": "D",
    "IsBio": false,
    "CountryOfOrigin": "BELGIË",
    "IsExclusivelySoldInLuxembourg": false,
    "OrderUnit": "P",
    "ShortName": "BONI GEK.HAM ZN NIT.150",
    "IsNew": false,
    "EcoscoreLabel": "E",
    "RecentQuanityOfStockUnits": "1",
    "LongName": "BONI Gekookte ham zonder nitriet 150g",
    "AlcoholVolume": "0",
    "FicCode": "I",
    "EcoscoreValue": "12"
  },
  {
    "productId": "871157",
    "technicalArticleNumber": "4725198",
    "commercialArticleNumber": "8383",
    "name": "achterham",
    "description": "*\n*",
    "brand": "EVERYDAY",
    "seoBrand": "Everyday",
    "thumbNail": "https://static.colruytgroup.com/images/200x200/std.lang.all/61/72/asset-3356172.jpg",
    "fullImage": "https://static.colruytgroup.com/images/500x500/std.lang.all/61/72/asset-3356172.jpg",
    "squareImage": "https://static.colruytgroup.com/images/500x500sq/std.lang.all/61/72/asset-3356172.jpg",
    "content": "200g",
    "walkRouteSequenceNumber": 7881,
    "price": {
      "basicPrice": 2.39,
      "recommendedQuantity": "1.0",
      "measurementUnitPrice": 11.95,
      "measurementUnit": "K",
      "isRedPrice": false,
      "pricePerUOM": 11.95,
      "activationDate": "17-01-2024",
      "recordSource": "Offline",
      "isPromoActive": "N",
      "priceChangeCode": "H"
    },
    "isAvailable": true,
    "isPriceAvailable": true,
    "inPromo": false,
    "gtin": [
      "05400141902280"
    ],
    "topCategoryName": "Bereidingen/Charcuterie/Vis/Veggie",
    "topCategoryId": "105",
    "businessDomain": "RETAIL_BE",
    "IsPrivateLabel": true,
    "IsBiffe": false,
    "WeightconversionFactor": "0",
    "IsWeightArticle": false,
    "IsBio": false,
    "CountryOfOrigin": "BELGIË",
    "IsExclusivelySoldInLuxembourg": false,
    "OrderUnit": "P",
    "ShortName": "EVD ACHTERHAM 200G",
    "IsNew": false,
    "RecentQuanityOfStockUnits": "1",
    "LongName": "EVERYDAY achterham 200g",
    "AlcoholVolume": "0",
    "FicCode": "I"
  },
  {
    "productId": "798974",
    "technicalArticleNumber": "4611949",
    "commercialArticleNumber": "9306",
    "name": "miniworstjes ±30st",
    "description": "*Frankrijk\n*Droge worst\n*Aperitief,\npicknick, koud\nbuffet",
    "brand": "BONI",
    "seoBrand": "Boni Selection",
    "thumbNail": "https://static.colruytgroup.com/images/200x200/std.lang.all/27/91/asset-2892791.jpg",
    "fullImage": "https://static.colruytgroup.com/images/500x500/std.lang.all/27/91/asset-2892791.jpg",
    "squareImage": "https://static.colruytgroup.com/images/500x500sq/std.lang.all/27/91/asset-2892791.jpg",
    "content": "180g",
    "walkRouteSequenceNumber": 6792,
    "price": {
      "basicPrice": 3.57,
      "recommendedQuantity": "1.0",
      "measurementUnitPrice": 19.84,
      "measurementUnit": "K",
      "isRedPrice": false,
      "pricePerUOM": 19.84,
      "activationDate": "13-03-2024",
      "recordSource": "Offline",
      "isPromoActive": "Y",
      "priceChangeCode": "E"
    },
    "isAvailable": true,
    "isPriceAvailable": true,
    "inPromo": false,
    "gtin": [
      "15400141539193",
      "05400141539196"
    ],
    "topCategoryName": "Bereidingen/Charcuterie/Vis/Veggie",
    "topCategoryId": "105",
    "businessDomain": "RETAIL_BE",
    "IsPrivateLabel": true,
    "IsBiffe": false,
    "WeightconversionFactor": "0",
    "IsWeightArticle": false,
    "nutriscoreLabel": "E",
    "IsBio": false,
    "CountryOfOrigin": "FRANKRIJK",
    "IsExclusivelySoldInLuxembourg": false,
    "OrderUnit": "P",
    "ShortName": "BONI MINI DR.WORST 180G",
    "IsNew": false,
    "EcoscoreLabel": "D",
    "RecentQuanityOfStockUnits": "1",
    "LongName": "BONI miniworstjes ±30st 180g",
    "FicCode": "I",
    "EcoscoreValue": "21"
  },
  {
    "productId": "162232",
    "technicalArticleNumber": "3266163",
    "commercialArticleNumber": "36575",
    "name": "kipsalade Hawaï",
    "description": "*49 % kip\n*Met ananas",
    "brand": "BONI",
    "seoBrand": "Boni Selection",
    "thumbNail": "https://static.colruytgroup.com/images/200x200/std.lang.all/96/61/asset-2459661.jpg",
    "fullImage": "https://static.colruytgroup.com/images/500x500/std.lang.all/96/61/asset-2459661.jpg",
    "squareImage": "https://static.colruytgroup.com/images/500x500sq/std.lang.all/96/61/asset-2459661.jpg",
    "content": "200g",
    "walkRouteSequenceNumber": 7950,
    "price": {
      "basicPrice": 2.75,
      "recommendedQuantity": "1.0",
      "measurementUnitPrice": 13.75,
      "measurementUnit": "K",
      "isRedPrice": false,
      "pricePerUOM": 13.75,
      "activationDate": "27-02-2024",
      "recordSource": "Offline",
      "isPromoActive": "N",
      "priceChangeCode": "H"
    },
    "isAvailable": true,
    "isPriceAvailable": true,
    "inPromo": false,
    "gtin": [
      "05400141351415",
      "05400141188769",
      "05400141798654"
    ],
    "topCategoryName": "Bereidingen/Charcuterie/Vis/Veggie",
    "topCategoryId": "105",
    "businessDomain": "RETAIL_BE",
    "IsPrivateLabel": true,
    "IsBiffe": false,
    "WeightconversionFactor": "0",
    "IsWeightArticle": false,
    "nutriscoreLabel": "C",
    "IsBio": false,
    "CountryOfOrigin": "BELGIË",
    "IsExclusivelySoldInLuxembourg": false,
    "OrderUnit": "P",
    "ShortName": "BONI KIP HAWAI SAL200G",
    "IsNew": false,
    "EcoscoreLabel": "E",
    "RecentQuanityOfStockUnits": "1",
    "LongName": "BONI kipsalade Hawaï 200g",
    "AlcoholVolume": "0",
    "FicCode": "I",
    "EcoscoreValue": "19"
  },
  {
    "productId": "238093",
    "technicalArticleNumber": "3536613",
    "commercialArticleNumber": "27039",
    "name": "Coppa varkensreepjes",
    "description": "gerookt varkensvlees",
    "brand": "BONI",
    "seoBrand": "Boni Selection",
    "thumbNail": "https://static.colruytgroup.com/images/200x200/std.lang.all/51/61/asset-3445161.jpg",
    "fullImage": "https://static.colruytgroup.com/images/500x500/std.lang.all/51/61/asset-3445161.jpg",
    "squareImage": "https://static.colruytgroup.com/images/500x500sq/std.lang.all/51/61/asset-3445161.jpg",
    "content": "2x100g",
    "walkRouteSequenceNumber": 7862,
    "price": {
      "basicPrice": 3.01,
      "recommendedQuantity": "1.0",
      "measurementUnitPrice": 15.05,
      "measurementUnit": "K",
      "isRedPrice": false,
      "pricePerUOM": 15.05,
      "activationDate": "17-11-2023",
      "isPromoActive": "N",
      "priceChangeCode": "E"
    },
    "isAvailable": true,
    "isPriceAvailable": true,
    "inPromo": false,
    "gtin": [
      "05400141322545",
      "05400141363890"
    ],
    "topCategoryName": "Bereidingen/Charcuterie/Vis/Veggie",
    "topCategoryId": "105",
    "businessDomain": "RETAIL_BE",
    "IsPrivateLabel": true,
    "IsBiffe": false,
    "WeightconversionFactor": "0",
    "IsWeightArticle": false,
    "nutriscoreLabel": "D",
    "IsBio": false,
    "CountryOfOrigin": "BELGIË",
    "IsExclusivelySoldInLuxembourg": false,
    "OrderUnit": "P",
    "ShortName": "BONI VARK.REEP 2X100G",
    "IsNew": false,
    "EcoscoreLabel": "E",
    "RecentQuanityOfStockUnits": "1",
    "LongName": "BONI Coppa varkensreepjes 2x100g",
    "AlcoholVolume": "0",
    "FicCode": "I",
    "EcoscoreValue": "14"
  },
  {
    "productId": "388909",
    "technicalArticleNumber": "3935316",
    "commercialArticleNumber": "27608",
    "name": "pikante tonijnsalade",
    "brand": "BONI",
    "seoBrand": "Boni Selection",
    "thumbNail": "https://static.colruytgroup.com/images/200x200/std.lang.all/16/32/asset-2881632.jpg",
    "fullImage": "https://static.colruytgroup.com/images/500x500/std.lang.all/16/32/asset-2881632.jpg",
    "squareImage": "https://static.colruytgroup.com/images/500x500sq/std.lang.all/16/32/asset-2881632.jpg",
    "content": "200g",
    "walkRouteSequenceNumber": 7936,
    "price": {
      "basicPrice": 2.15,
      "recommendedQuantity": "1.0",
      "measurementUnitPrice": 10.75,
      "measurementUnit": "K",
      "isRedPrice": false,
      "pricePerUOM": 10.75,
      "activationDate": "12-03-2024",
      "recordSource": "Offline",
      "isPromoActive": "N",
      "priceChangeCode": "E"
    },
    "isAvailable": true,
    "isPriceAvailable": true,
    "inPromo": false,
    "gtin": [
      "05400141445091",
      "05400141004472",
      "05400141351224",
      "05400141801231"
    ],
    "topCategoryName": "Bereidingen/Charcuterie/Vis/Veggie",
    "topCategoryId": "105",
    "businessDomain": "RETAIL_BE",
    "IsPrivateLabel": true,
    "IsBiffe": false,
    "WeightconversionFactor": "0",
    "IsWeightArticle": false,
    "nutriscoreLabel": "D",
    "IsBio": false,
    "CountryOfOrigin": "BELGIË",
    "IsExclusivelySoldInLuxembourg": false,
    "OrderUnit": "P",
    "ShortName": "BONI PIK TONIJNSAL 200G",
    "IsNew": false,
    "EcoscoreLabel": "C",
    "RecentQuanityOfStockUnits": "1",
    "LongName": "BONI pikante tonijnsalade 200g",
    "AlcoholVolume": "0",
    "FicCode": "I",
    "EcoscoreValue": "58"
  },
  {
    "productId": "47030",
    "technicalArticleNumber": "2522006",
    "commercialArticleNumber": "14236",
    "name": "kalkoensalami gerookt sn.",
    "description": "*98 % vlees,\nlicht gerookt",
    "brand": "EVERYDAY",
    "seoBrand": "Everyday",
    "thumbNail": "https://static.colruytgroup.com/images/200x200/std.lang.all/46/77/asset-2244677.jpg",
    "fullImage": "https://static.colruytgroup.com/images/500x500/std.lang.all/46/77/asset-2244677.jpg",
    "squareImage": "https://static.colruytgroup.com/images/500x500sq/std.lang.all/46/77/asset-2244677.jpg",
    "content": "200g",
    "walkRouteSequenceNumber": 7810,
    "price": {
      "basicPrice": 2.53,
      "recommendedQuantity": "1.0",
      "measurementUnitPrice": 12.65,
      "measurementUnit": "K",
      "isRedPrice": false,
      "pricePerUOM": 12.65,
      "activationDate": "18-03-2024",
      "recordSource": "Folder",
      "isPromoActive": "N",
      "priceChangeCode": "L"
    },
    "isAvailable": true,
    "isPriceAvailable": true,
    "inPromo": false,
    "gtin": [
      "05400141191158",
      "05400141001587",
      "05400141278613",
      "05400141326291",
      "05400141378610",
      "05400141418453",
      "05400141335668"
    ],
    "topCategoryName": "Bereidingen/Charcuterie/Vis/Veggie",
    "topCategoryId": "105",
    "businessDomain": "RETAIL_BE",
    "IsPrivateLabel": true,
    "IsBiffe": false,
    "WeightconversionFactor": "0",
    "IsWeightArticle": false,
    "nutriscoreLabel": "E",
    "IsBio": false,
    "CountryOfOrigin": "BELGIË",
    "IsExclusivelySoldInLuxembourg": false,
    "OrderUnit": "P",
    "ShortName": "EVD KALK SAL 200GR",
    "IsNew": false,
    "EcoscoreLabel": "D",
    "RecentQuanityOfStockUnits": "1",
    "LongName": "EVERYDAY kalkoensalami gerookt sn. 200g",
    "AlcoholVolume": "0",
    "FicCode": "I",
    "EcoscoreValue": "25"
  },
  {
    "productId": "11493",
    "technicalArticleNumber": "1411627",
    "commercialArticleNumber": "28287",
    "name": "bladerdeeg Fillo",
    "description": "*Hallal\n*Geschikt voor zoete\nen hartige\nbereidingen",
    "brand": "SWEET HELLAS",
    "seoBrand": "Sweet Hellas",
    "thumbNail": "https://static.colruytgroup.com/images/200x200/std.lang.all/80/26/asset-1398026.jpg",
    "fullImage": "https://static.colruytgroup.com/images/500x500/std.lang.all/80/26/asset-1398026.jpg",
    "squareImage": "https://static.colruytgroup.com/images/500x500sq/std.lang.all/80/26/asset-1398026.jpg",
    "content": "500g",
    "walkRouteSequenceNumber": 6051,
    "price": {
      "basicPrice": 2.89,
      "recommendedQuantity": "1.0",
      "measurementUnitPrice": 5.78,
      "measurementUnit": "K",
      "isRedPrice": false,
      "pricePerUOM": 5.78,
      "activationDate": "14-11-2023",
      "isPromoActive": "N",
      "priceChangeCode": "E"
    },
    "isAvailable": true,
    "isPriceAvailable": true,
    "inPromo": false,
    "gtin": [
      "05425005031401",
      "05425005030817",
      "05425005030015"
    ],
    "topCategoryName": "Bereidingen/Charcuterie/Vis/Veggie",
    "topCategoryId": "105",
    "businessDomain": "RETAIL_BE",
    "IsPrivateLabel": false,
    "IsBiffe": false,
    "WeightconversionFactor": "0",
    "IsWeightArticle": false,
    "nutriscoreLabel": "A",
    "IsBio": false,
    "CountryOfOrigin": "BELGIË",
    "IsExclusivelySoldInLuxembourg": false,
    "OrderUnit": "P",
    "ShortName": "SWEET FILLO BLADERD500G",
    "IsNew": false,
    "EcoscoreLabel": "A",
    "RecentQuanityOfStockUnits": "14,1",
    "LongName": "SWEET HELLAS bladerdeeg Fillo 500g",
    "AlcoholVolume": "0",
    "FicCode": "E",
    "EcoscoreValue": "90"
  },
  {
    "productId": "32842",
    "technicalArticleNumber": "1859397",
    "commercialArticleNumber": "35600",
    "name": "lasagne bolognese",
    "description": "*Met 18 %\nvarkensvlees\n*In de oven",
    "brand": "COME A CASA",
    "seoBrand": "Come A Casa",
    "thumbNail": "https://static.colruytgroup.com/images/200x200/std.lang.all/04/02/asset-2700402.jpg",
    "fullImage": "https://static.colruytgroup.com/images/500x500/std.lang.all/04/02/asset-2700402.jpg",
    "squareImage": "https://static.colruytgroup.com/images/500x500sq/std.lang.all/04/02/asset-2700402.jpg",
    "content": "1kg",
    "walkRouteSequenceNumber": 6610,
    "price": {
      "basicPrice": 7.35,
      "recommendedQuantity": "1.0",
      "measurementUnitPrice": 7.35,
      "measurementUnit": "K",
      "isRedPrice": false,
      "pricePerUOM": 7.35,
      "activationDate": "14-02-2024",
      "recordSource": "Offline",
      "isPromoActive": "N",
      "priceChangeCode": "E"
    },
    "isAvailable": true,
    "isPriceAvailable": true,
    "inPromo": false,
    "gtin": [
      "05413848131914",
      "15413848131911",
      "05413848591237"
    ],
    "topCategoryName": "Bereidingen/Charcuterie/Vis/Veggie",
    "topCategoryId": "105",
    "businessDomain": "RETAIL_BE",
    "IsPrivateLabel": false,
    "IsBiffe": false,
    "WeightconversionFactor": "0",
    "IsWeightArticle": false,
    "nutriscoreLabel": "C",
    "IsBio": false,
    "CountryOfOrigin": "BELGIË",
    "IsExclusivelySoldInLuxembourg": false,
    "OrderUnit": "P",
    "ShortName": "CAC LASAGNE BOLO1 KG",
    "IsNew": false,
    "EcoscoreLabel": "C",
    "RecentQuanityOfStockUnits": "1",
    "LongName": "COME A CASA lasagne bolognese 1kg",
    "AlcoholVolume": "0",
    "FicCode": "E",
    "EcoscoreValue": "42"
  },
  {
    "productId": "207625",
    "technicalArticleNumber": "3518318",
    "commercialArticleNumber": "27226",
    "name": "Ardeense worst sneetjes",
    "description": "*België\n*68 % vlees, gerookt, gedroogd\n*Als broodbelg, salade, picknik",
    "brand": "BONI",
    "seoBrand": "Boni Selection",
    "thumbNail": "https://static.colruytgroup.com/images/200x200/std.lang.all/86/39/asset-3128639.jpg",
    "fullImage": "https://static.colruytgroup.com/images/500x500/std.lang.all/86/39/asset-3128639.jpg",
    "squareImage": "https://static.colruytgroup.com/images/500x500sq/std.lang.all/86/39/asset-3128639.jpg",
    "content": "150g",
    "walkRouteSequenceNumber": 7804,
    "price": {
      "basicPrice": 2.98,
      "recommendedQuantity": "1.0",
      "quantityPrice": 2.24,
      "quantityPriceQuantity": "2.0",
      "measurementUnitPrice": 19.87,
      "measurementUnitQuantityPrice": 14.94,
      "measurementUnit": "K",
      "isRedPrice": false,
      "pricePerUOM": 19.87,
      "activationDate": "18-03-2024",
      "recordSource": "Offline",
      "isPromoActive": "N",
      "priceChangeCode": "E",
      "quantityPricePerUOM": 14.94,
      "quantityActivationDate": "18-03-2024",
      "quantityPriceChangeCode": "L"
    },
    "isAvailable": true,
    "isPriceAvailable": true,
    "inPromo": false,
    "gtin": [
      "05400141321142",
      "05400141341829",
      "05400141364057"
    ],
    "topCategoryName": "Bereidingen/Charcuterie/Vis/Veggie",
    "topCategoryId": "105",
    "businessDomain": "RETAIL_BE",
    "IsPrivateLabel": true,
    "IsBiffe": false,
    "WeightconversionFactor": "0",
    "IsWeightArticle": false,
    "nutriscoreLabel": "E",
    "IsBio": false,
    "CountryOfOrigin": "BELGIË",
    "IsExclusivelySoldInLuxembourg": false,
    "OrderUnit": "P",
    "ShortName": "BONI ARDENSE SALAMI150G",
    "IsNew": false,
    "EcoscoreLabel": "C",
    "RecentQuanityOfStockUnits": "1",
    "LongName": "BONI Ardeense worst sneetjes 150g",
    "AlcoholVolume": "0",
    "FicCode": "I",
    "EcoscoreValue": "52"
  },
  {
    "productId": "87556",
    "technicalArticleNumber": "2963097",
    "commercialArticleNumber": "38571",
    "name": "Noorse gerookte zalm sneden",
    "description": "*Aquacultuur uit\nNoorwegen\n*Subtiele rooksmaak\n*8 à 12 sneden\n*ASC-certificaat",
    "brand": "BONI",
    "seoBrand": "Boni Selection",
    "thumbNail": "https://static.colruytgroup.com/images/200x200/std.lang.all/75/57/asset-3457557.jpg",
    "fullImage": "https://static.colruytgroup.com/images/500x500/std.lang.all/75/57/asset-3457557.jpg",
    "squareImage": "https://static.colruytgroup.com/images/500x500sq/std.lang.all/75/57/asset-3457557.jpg",
    "content": "280g",
    "walkRouteSequenceNumber": 7489,
    "price": {
      "basicPrice": 10.53,
      "recommendedQuantity": "1.0",
      "measurementUnitPrice": 37.61,
      "measurementUnit": "K",
      "isRedPrice": false,
      "pricePerUOM": 37.61,
      "activationDate": "12-03-2024",
      "recordSource": "Online",
      "isPromoActive": "N",
      "priceChangeCode": "H"
    },
    "isAvailable": true,
    "isPriceAvailable": true,
    "inPromo": false,
    "gtin": [
      "35400141340557",
      "05400141340556",
      "05400141043044",
      "15400141964049"
    ],
    "topCategoryName": "Bereidingen/Charcuterie/Vis/Veggie",
    "topCategoryId": "105",
    "businessDomain": "RETAIL_BE",
    "IsPrivateLabel": true,
    "IsBiffe": false,
    "WeightconversionFactor": "0",
    "IsWeightArticle": false,
    "nutriscoreLabel": "D",
    "IsBio": false,
    "CountryOfOrigin": "NOORWEGEN",
    "IsExclusivelySoldInLuxembourg": false,
    "OrderUnit": "P",
    "ShortName": "BONI NOORSE ZALM 280G",
    "IsNew": false,
    "EcoscoreLabel": "C",
    "RecentQuanityOfStockUnits": "1",
    "LongName": "BONI Noorse gerookte zalm sneden 280g",
    "AlcoholVolume": "0",
    "FicCode": "I",
    "EcoscoreValue": "45"
  },
  {
    "productId": "443680",
    "technicalArticleNumber": "3980624",
    "commercialArticleNumber": "27418",
    "name": "gv kipsalade",
    "brand": "BONI",
    "seoBrand": "Boni Selection",
    "thumbNail": "https://static.colruytgroup.com/images/200x200/std.lang.all/36/75/asset-2723675.jpg",
    "fullImage": "https://static.colruytgroup.com/images/500x500/std.lang.all/36/75/asset-2723675.jpg",
    "squareImage": "https://static.colruytgroup.com/images/500x500sq/std.lang.all/36/75/asset-2723675.jpg",
    "content": "200g",
    "walkRouteSequenceNumber": 7951,
    "price": {
      "basicPrice": 2.15,
      "recommendedQuantity": "1.0",
      "measurementUnitPrice": 10.75,
      "measurementUnit": "K",
      "isRedPrice": false,
      "pricePerUOM": 10.75,
      "activationDate": "13-03-2024",
      "recordSource": "Offline",
      "isPromoActive": "N",
      "priceChangeCode": "H"
    },
    "isAvailable": true,
    "isPriceAvailable": true,
    "inPromo": false,
    "gtin": [
      "05400141804430",
      "05400141241556",
      "05400141333848",
      "05400141571189"
    ],
    "topCategoryName": "Bereidingen/Charcuterie/Vis/Veggie",
    "topCategoryId": "105",
    "businessDomain": "RETAIL_BE",
    "IsPrivateLabel": true,
    "IsBiffe": false,
    "WeightconversionFactor": "0",
    "IsWeightArticle": false,
    "nutriscoreLabel": "C",
    "IsBio": false,
    "CountryOfOrigin": "BELGIË",
    "IsExclusivelySoldInLuxembourg": false,
    "OrderUnit": "P",
    "ShortName": "BONI GV KIPSALADE 200G",
    "IsNew": false,
    "EcoscoreLabel": "E",
    "RecentQuanityOfStockUnits": "1",
    "LongName": "BONI gv kipsalade 200g",
    "AlcoholVolume": "0",
    "FicCode": "I",
    "EcoscoreValue": "19"
  },
  {
    "productId": "150014",
    "technicalArticleNumber": "3310747",
    "commercialArticleNumber": "31533",
    "name": "Authentique ham natuur sn.",
    "description": "*Frankrijk\n*Boterham, koude\nschotel",
    "brand": "HERTA",
    "seoBrand": "Herta",
    "thumbNail": "https://static.colruytgroup.com/images/200x200/std.lang.all/80/41/asset-1568041.jpg",
    "fullImage": "https://static.colruytgroup.com/images/500x500/std.lang.all/80/41/asset-1568041.jpg",
    "squareImage": "https://static.colruytgroup.com/images/500x500sq/std.lang.all/80/41/asset-1568041.jpg",
    "content": "200g",
    "walkRouteSequenceNumber": 7867,
    "price": {
      "basicPrice": 4.59,
      "recommendedQuantity": "1.0",
      "measurementUnitPrice": 22.95,
      "measurementUnit": "K",
      "isRedPrice": false,
      "pricePerUOM": 22.95,
      "activationDate": "14-03-2024",
      "recordSource": "Folder",
      "isPromoActive": "N",
      "priceChangeCode": "L"
    },
    "isAvailable": true,
    "isPriceAvailable": true,
    "inPromo": true,
    "promotion": [
      {
        "techPromoId": "100936COLR",
        "promotionId": "100936",
        "promotionType": "3",
        "isPersonalized": "N",
        "publicationStartDate": "13-03-2024",
        "publicationEndDate": "26-03-2024"
      }
    ],
    "gtin": [
      "03154230808916",
      "07613036941631",
      "07613035290976",
      "03154230808909",
      "07613035290969"
    ],
    "topCategoryName": "Bereidingen/Charcuterie/Vis/Veggie",
    "topCategoryId": "105",
    "businessDomain": "RETAIL_BE",
    "IsPrivateLabel": false,
    "IsBiffe": false,
    "WeightconversionFactor": "0",
    "IsWeightArticle": false,
    "nutriscoreLabel": "C",
    "IsBio": false,
    "CountryOfOrigin": "FRANKRIJK",
    "IsExclusivelySoldInLuxembourg": false,
    "OrderUnit": "P",
    "ShortName": "HERTA AUTHENT NATUUR6SN",
    "IsNew": false,
    "RecentQuanityOfStockUnits": "1",
    "LongName": "HERTA Authentique ham natuur sn. 200g",
    "AlcoholVolume": "0",
    "FicCode": "E"
  },
  {
    "productId": "848908",
    "technicalArticleNumber": "4696254",
    "commercialArticleNumber": "30737",
    "name": "boerenham",
    "description": "*Gezouten\n*10m. gedroogde ham",
    "brand": "BONI",
    "seoBrand": "Boni Selection",
    "thumbNail": "https://static.colruytgroup.com/images/200x200/std.lang.all/27/70/asset-3172770.jpg",
    "fullImage": "https://static.colruytgroup.com/images/500x500/std.lang.all/27/70/asset-3172770.jpg",
    "squareImage": "https://static.colruytgroup.com/images/500x500sq/std.lang.all/27/70/asset-3172770.jpg",
    "content": "150g",
    "walkRouteSequenceNumber": 7844,
    "price": {
      "basicPrice": 3.39,
      "recommendedQuantity": "1.0",
      "measurementUnitPrice": 22.6,
      "measurementUnit": "K",
      "isRedPrice": false,
      "pricePerUOM": 22.6,
      "activationDate": "02-11-2023",
      "isPromoActive": "N",
      "priceChangeCode": "E"
    },
    "isAvailable": true,
    "isPriceAvailable": true,
    "inPromo": false,
    "gtin": [
      "05400141876741"
    ],
    "topCategoryName": "Bereidingen/Charcuterie/Vis/Veggie",
    "topCategoryId": "105",
    "businessDomain": "RETAIL_BE",
    "IsPrivateLabel": true,
    "IsBiffe": false,
    "WeightconversionFactor": "0",
    "IsWeightArticle": false,
    "nutriscoreLabel": "E",
    "IsBio": false,
    "CountryOfOrigin": "FRANKRIJK",
    "IsExclusivelySoldInLuxembourg": false,
    "OrderUnit": "P",
    "ShortName": "BONI BOERENHAM 150G",
    "IsNew": false,
    "EcoscoreLabel": "E",
    "RecentQuanityOfStockUnits": "1",
    "LongName": "BONI boerenham 150g",
    "AlcoholVolume": "0",
    "FicCode": "I",
    "EcoscoreValue": "12"
  },
  {
    "productId": "389982",
    "technicalArticleNumber": "3940924",
    "commercialArticleNumber": "27619",
    "name": "tonijn cocktail",
    "brand": "BONI",
    "seoBrand": "Boni Selection",
    "thumbNail": "https://static.colruytgroup.com/images/200x200/std.lang.all/71/56/asset-2617156.jpg",
    "fullImage": "https://static.colruytgroup.com/images/500x500/std.lang.all/71/56/asset-2617156.jpg",
    "squareImage": "https://static.colruytgroup.com/images/500x500sq/std.lang.all/71/56/asset-2617156.jpg",
    "content": "200g",
    "walkRouteSequenceNumber": 7937,
    "price": {
      "basicPrice": 2,
      "recommendedQuantity": "1.0",
      "measurementUnitPrice": 10,
      "measurementUnit": "K",
      "isRedPrice": false,
      "pricePerUOM": 10,
      "activationDate": "12-03-2024",
      "recordSource": "Offline",
      "isPromoActive": "N",
      "priceChangeCode": "E"
    },
    "isAvailable": true,
    "isPriceAvailable": true,
    "inPromo": false,
    "gtin": [
      "05400141807455",
      "05400141012699",
      "05400141351231"
    ],
    "topCategoryName": "Bereidingen/Charcuterie/Vis/Veggie",
    "topCategoryId": "105",
    "businessDomain": "RETAIL_BE",
    "IsPrivateLabel": true,
    "IsBiffe": false,
    "WeightconversionFactor": "0",
    "IsWeightArticle": false,
    "nutriscoreLabel": "D",
    "IsBio": false,
    "CountryOfOrigin": "BELGIË",
    "IsExclusivelySoldInLuxembourg": false,
    "OrderUnit": "P",
    "ShortName": "BONI TONIJNCOCKTAIL200G",
    "IsNew": false,
    "EcoscoreLabel": "C",
    "RecentQuanityOfStockUnits": "1",
    "LongName": "BONI tonijn cocktail 200g",
    "AlcoholVolume": "0",
    "FicCode": "I",
    "EcoscoreValue": "54"
  },
  {
    "productId": "153925",
    "technicalArticleNumber": "3266801",
    "commercialArticleNumber": "36581",
    "name": "pitasalade",
    "description": "*47 % varkensvlees\n*Met mayonaise",
    "brand": "BONI",
    "seoBrand": "Boni Selection",
    "thumbNail": "https://static.colruytgroup.com/images/200x200/std.lang.all/20/97/asset-2482097.jpg",
    "fullImage": "https://static.colruytgroup.com/images/500x500/std.lang.all/20/97/asset-2482097.jpg",
    "squareImage": "https://static.colruytgroup.com/images/500x500sq/std.lang.all/20/97/asset-2482097.jpg",
    "content": "200g",
    "walkRouteSequenceNumber": 7946,
    "price": {
      "basicPrice": 2.75,
      "recommendedQuantity": "1.0",
      "measurementUnitPrice": 13.75,
      "measurementUnit": "K",
      "isRedPrice": false,
      "pricePerUOM": 13.75,
      "activationDate": "20-02-2024",
      "recordSource": "Offline",
      "isPromoActive": "N",
      "priceChangeCode": "H"
    },
    "isAvailable": true,
    "isPriceAvailable": true,
    "inPromo": false,
    "gtin": [
      "05400141802399",
      "05400141188684",
      "05400141320312",
      "05400141351460",
      "05400141798142"
    ],
    "topCategoryName": "Bereidingen/Charcuterie/Vis/Veggie",
    "topCategoryId": "105",
    "businessDomain": "RETAIL_BE",
    "IsPrivateLabel": true,
    "IsBiffe": false,
    "WeightconversionFactor": "0",
    "IsWeightArticle": false,
    "nutriscoreLabel": "D",
    "IsBio": false,
    "CountryOfOrigin": "BELGIË",
    "IsExclusivelySoldInLuxembourg": false,
    "OrderUnit": "P",
    "ShortName": "BONI PITASALADE 200G",
    "IsNew": false,
    "EcoscoreLabel": "D",
    "RecentQuanityOfStockUnits": "1",
    "LongName": "BONI pitasalade 200g",
    "AlcoholVolume": "0",
    "FicCode": "I",
    "EcoscoreValue": "28"
  },
  {
    "productId": "737753",
    "technicalArticleNumber": "4500345",
    "commercialArticleNumber": "1393",
    "name": "kabeljauwhaasje graatl. MSC",
    "description": "*Wild, noordooste-\nlijk deel van de\nAtlantische Oceaan\n*met label MSC",
    "brand": "BONI",
    "seoBrand": "Boni Selection",
    "thumbNail": "https://static.colruytgroup.com/images/200x200/std.lang.all/13/44/asset-3271344.jpg",
    "fullImage": "https://static.colruytgroup.com/images/500x500/std.lang.all/13/44/asset-3271344.jpg",
    "squareImage": "https://static.colruytgroup.com/images/500x500sq/std.lang.all/13/44/asset-3271344.jpg",
    "content": "±200g",
    "walkRouteSequenceNumber": 7428,
    "price": {
      "basicPrice": 28.9,
      "recommendedQuantity": "1.0",
      "unit": "K",
      "measurementUnitPrice": 28.9,
      "measurementUnit": "K",
      "isRedPrice": false,
      "pricePerUOM": 28.9,
      "activationDate": "14-03-2024",
      "recordSource": "Offline",
      "isPromoActive": "N",
      "priceChangeCode": "H"
    },
    "isAvailable": true,
    "isPriceAvailable": true,
    "inPromo": false,
    "gtin": [
      "95400141756596",
      "05400141756593",
      "95400141887962"
    ],
    "topCategoryName": "Bereidingen/Charcuterie/Vis/Veggie",
    "topCategoryId": "105",
    "businessDomain": "RETAIL_BE",
    "IsPrivateLabel": true,
    "IsBiffe": false,
    "WeightconversionFactor": "200",
    "IsWeightArticle": true,
    "nutriscoreLabel": "A",
    "IsBio": false,
    "CountryOfOrigin": "BELGIË",
    "IsExclusivelySoldInLuxembourg": false,
    "OrderUnit": "P",
    "ShortName": "BONI KABEL.HAAS.+-200GW",
    "IsNew": false,
    "EcoscoreLabel": "E",
    "RecentQuanityOfStockUnits": "1",
    "LongName": "BONI kabeljauwhaasje graatl. MSC ±200g",
    "FicCode": "I",
    "EcoscoreValue": "4"
  },
  {
    "productId": "341600",
    "technicalArticleNumber": "3832089",
    "commercialArticleNumber": "27159",
    "name": "Bolzano salami",
    "description": "Milde salami in smaak met fijn gemalen\nstukjes vlees omhuld door een zwarte\ndarm, versneden in plakjes.",
    "brand": "BONI",
    "seoBrand": "Boni Selection",
    "thumbNail": "https://static.colruytgroup.com/images/200x200/std.lang.all/86/46/asset-3128646.jpg",
    "fullImage": "https://static.colruytgroup.com/images/500x500/std.lang.all/86/46/asset-3128646.jpg",
    "squareImage": "https://static.colruytgroup.com/images/500x500sq/std.lang.all/86/46/asset-3128646.jpg",
    "content": "200g",
    "walkRouteSequenceNumber": 7800,
    "price": {
      "basicPrice": 3.32,
      "recommendedQuantity": "1.0",
      "measurementUnitPrice": 16.6,
      "measurementUnit": "K",
      "isRedPrice": false,
      "pricePerUOM": 16.6,
      "activationDate": "14-03-2024",
      "recordSource": "Offline",
      "isPromoActive": "N",
      "priceChangeCode": "H"
    },
    "isAvailable": true,
    "isPriceAvailable": true,
    "inPromo": false,
    "gtin": [
      "05400141322224",
      "05400141368062",
      "05400141908923",
      "15400141322238"
    ],
    "topCategoryName": "Bereidingen/Charcuterie/Vis/Veggie",
    "topCategoryId": "105",
    "businessDomain": "RETAIL_BE",
    "IsPrivateLabel": true,
    "IsBiffe": false,
    "WeightconversionFactor": "0",
    "IsWeightArticle": false,
    "nutriscoreLabel": "E",
    "IsBio": false,
    "CountryOfOrigin": "BELGIË",
    "IsExclusivelySoldInLuxembourg": false,
    "OrderUnit": "P",
    "ShortName": "BONI BOLZANOSALAMI 200G",
    "IsNew": false,
    "EcoscoreLabel": "D",
    "RecentQuanityOfStockUnits": "1",
    "LongName": "BONI Bolzano salami 200g",
    "AlcoholVolume": "0",
    "FicCode": "I",
    "EcoscoreValue": "24"
  },
  {
    "productId": "862942",
    "technicalArticleNumber": "4714343",
    "commercialArticleNumber": "31890",
    "name": "Vegan gehakt",
    "brand": "BONI",
    "seoBrand": "Boni Selection",
    "thumbNail": "https://static.colruytgroup.com/images/200x200/std.lang.all/38/03/asset-3233803.jpg",
    "fullImage": "https://static.colruytgroup.com/images/500x500/std.lang.all/38/03/asset-3233803.jpg",
    "squareImage": "https://static.colruytgroup.com/images/500x500sq/std.lang.all/38/03/asset-3233803.jpg",
    "content": "200g",
    "walkRouteSequenceNumber": 7619,
    "price": {
      "basicPrice": 1.59,
      "recommendedQuantity": "1.0",
      "measurementUnitPrice": 7.95,
      "measurementUnit": "K",
      "isRedPrice": false,
      "pricePerUOM": 7.95,
      "activationDate": "22-03-2024",
      "recordSource": "Offline",
      "isPromoActive": "N",
      "priceChangeCode": "L"
    },
    "isAvailable": true,
    "isPriceAvailable": true,
    "inPromo": true,
    "promotion": [
      {
        "techPromoId": "100899COLR",
        "promotionId": "100899",
        "promotionType": "3",
        "isPersonalized": "N",
        "publicationStartDate": "13-03-2024",
        "publicationEndDate": "26-03-2024"
      }
    ],
    "gtin": [
      "05400141718072",
      "35400141718073",
      "15400141620617",
      "05400141620610"
    ],
    "topCategoryName": "Bereidingen/Charcuterie/Vis/Veggie",
    "topCategoryId": "105",
    "businessDomain": "RETAIL_BE",
    "IsPrivateLabel": true,
    "IsBiffe": false,
    "WeightconversionFactor": "0",
    "IsWeightArticle": false,
    "nutriscoreLabel": "A",
    "IsBio": false,
    "CountryOfOrigin": "NEDERLAND",
    "IsExclusivelySoldInLuxembourg": false,
    "OrderUnit": "P",
    "ShortName": "BONI VEGANGEHAKT 200G",
    "IsNew": false,
    "EcoscoreLabel": "C",
    "RecentQuanityOfStockUnits": "1,7",
    "LongName": "BONI Vegan gehakt 200g",
    "FicCode": "I",
    "EcoscoreValue": "57"
  },
  {
    "productId": "848211",
    "technicalArticleNumber": "4695476",
    "commercialArticleNumber": "27556",
    "name": "salade kip, pasta & dressing",
    "brand": "BONI",
    "seoBrand": "Boni Selection",
    "thumbNail": "https://static.colruytgroup.com/images/200x200/std.lang.all/12/51/asset-3161251.jpg",
    "fullImage": "https://static.colruytgroup.com/images/500x500/std.lang.all/12/51/asset-3161251.jpg",
    "squareImage": "https://static.colruytgroup.com/images/500x500sq/std.lang.all/12/51/asset-3161251.jpg",
    "content": "400g",
    "walkRouteSequenceNumber": 5299,
    "price": {
      "basicPrice": 4.29,
      "recommendedQuantity": "1.0",
      "quantityPrice": 4.13,
      "quantityPriceQuantity": "3.0",
      "measurementUnitPrice": 10.73,
      "measurementUnitQuantityPrice": 10.33,
      "measurementUnit": "K",
      "isRedPrice": false,
      "pricePerUOM": 10.73,
      "activationDate": "06-03-2024",
      "isPromoActive": "N",
      "priceChangeCode": "L",
      "quantityPricePerUOM": 10.33,
      "quantityActivationDate": "06-03-2024",
      "quantityPriceChangeCode": "E"
    },
    "isAvailable": true,
    "isPriceAvailable": true,
    "inPromo": false,
    "gtin": [
      "05400141512205",
      "05400141694567"
    ],
    "topCategoryName": "Bereidingen/Charcuterie/Vis/Veggie",
    "topCategoryId": "105",
    "businessDomain": "RETAIL_BE",
    "IsPrivateLabel": true,
    "IsBiffe": false,
    "WeightconversionFactor": "0",
    "IsWeightArticle": false,
    "nutriscoreLabel": "C",
    "IsBio": false,
    "CountryOfOrigin": "BELGIË",
    "IsExclusivelySoldInLuxembourg": false,
    "OrderUnit": "P",
    "ShortName": "BONI SALADE KIP 400G",
    "IsNew": false,
    "EcoscoreLabel": "C",
    "RecentQuanityOfStockUnits": "1",
    "LongName": "BONI salade kip, pasta & dressing 400g",
    "AlcoholVolume": "0",
    "FicCode": "I",
    "EcoscoreValue": "43"
  },
  {
    "productId": "2865",
    "technicalArticleNumber": "1015143",
    "commercialArticleNumber": "27425",
    "name": "kippenhapjes",
    "description": "*Gemarineerde en\ngebraden\nkippevleugeltjes\n*In de microgolfoven\noven, BBQ of koud",
    "brand": "BONI",
    "seoBrand": "Boni Selection",
    "thumbNail": "https://static.colruytgroup.com/images/200x200/std.lang.all/10/86/asset-3351086.jpg",
    "fullImage": "https://static.colruytgroup.com/images/500x500/std.lang.all/10/86/asset-3351086.jpg",
    "squareImage": "https://static.colruytgroup.com/images/500x500sq/std.lang.all/10/86/asset-3351086.jpg",
    "content": "500g",
    "walkRouteSequenceNumber": 6733,
    "price": {
      "basicPrice": 4.15,
      "recommendedQuantity": "1.0",
      "measurementUnitPrice": 8.3,
      "measurementUnit": "K",
      "isRedPrice": false,
      "pricePerUOM": 8.3,
      "activationDate": "19-03-2024",
      "recordSource": "Offline",
      "isPromoActive": "N",
      "priceChangeCode": "H"
    },
    "isAvailable": true,
    "isPriceAvailable": true,
    "inPromo": false,
    "gtin": [
      "05400141042719",
      "15400141377511",
      "15400141158929",
      "05400141377514",
      "05400141323559",
      "05400141158922",
      "15400141442028",
      "05400141719123",
      "15400141967996",
      "05400141442021"
    ],
    "topCategoryName": "Bereidingen/Charcuterie/Vis/Veggie",
    "topCategoryId": "105",
    "businessDomain": "RETAIL_BE",
    "IsPrivateLabel": true,
    "IsBiffe": false,
    "WeightconversionFactor": "0",
    "IsWeightArticle": false,
    "nutriscoreLabel": "D",
    "IsBio": false,
    "CountryOfOrigin": "BELGIË",
    "IsExclusivelySoldInLuxembourg": false,
    "OrderUnit": "P",
    "ShortName": "BONI KIPPENHAPJES 500G",
    "InSeason": true,
    "IsNew": false,
    "EcoscoreLabel": "C",
    "RecentQuanityOfStockUnits": "1,6",
    "LongName": "BONI kippenhapjes 500g",
    "AlcoholVolume": "0",
    "StartSeasonDate": "20/02/2001",
    "FicCode": "I",
    "EcoscoreValue": "44"
  },
  {
    "productId": "46610",
    "technicalArticleNumber": "2493299",
    "commercialArticleNumber": "39379",
    "name": "balletjes vegetarisch",
    "description": "*Balletjes",
    "brand": "BONI",
    "seoBrand": "Boni Selection",
    "thumbNail": "https://static.colruytgroup.com/images/200x200/std.lang.all/79/50/asset-3027950.jpg",
    "fullImage": "https://static.colruytgroup.com/images/500x500/std.lang.all/79/50/asset-3027950.jpg",
    "squareImage": "https://static.colruytgroup.com/images/500x500sq/std.lang.all/79/50/asset-3027950.jpg",
    "content": "204g",
    "walkRouteSequenceNumber": 7622,
    "price": {
      "basicPrice": 1.51,
      "recommendedQuantity": "1.0",
      "measurementUnitPrice": 7.41,
      "measurementUnit": "K",
      "isRedPrice": false,
      "pricePerUOM": 7.41,
      "activationDate": "06-01-2024",
      "recordSource": "Offline",
      "isPromoActive": "N",
      "priceChangeCode": "L"
    },
    "isAvailable": true,
    "isPriceAvailable": true,
    "inPromo": true,
    "promotion": [
      {
        "techPromoId": "100899COLR",
        "promotionId": "100899",
        "promotionType": "3",
        "isPersonalized": "N",
        "publicationStartDate": "13-03-2024",
        "publicationEndDate": "26-03-2024"
      }
    ],
    "gtin": [
      "05400141473971",
      "05400141800968",
      "05400141387322",
      "05400141204957",
      "05400141091533",
      "15400141941002",
      "15400141387329",
      "15400141473978",
      "35400141473972"
    ],
    "topCategoryName": "Bereidingen/Charcuterie/Vis/Veggie",
    "topCategoryId": "105",
    "businessDomain": "RETAIL_BE",
    "IsPrivateLabel": true,
    "IsBiffe": false,
    "WeightconversionFactor": "0",
    "IsWeightArticle": false,
    "nutriscoreLabel": "B",
    "IsBio": false,
    "CountryOfOrigin": "NEDERLAND",
    "IsExclusivelySoldInLuxembourg": false,
    "OrderUnit": "P",
    "ShortName": "BONI VEG.BALLETJES 12ST",
    "IsNew": false,
    "EcoscoreLabel": "C",
    "RecentQuanityOfStockUnits": "1",
    "LongName": "BONI balletjes vegetarisch 204g",
    "AlcoholVolume": "0",
    "FicCode": "I",
    "EcoscoreValue": "55"
  },
  {
    "productId": "243817",
    "technicalArticleNumber": "3520841",
    "commercialArticleNumber": "27413",
    "name": "boerenpaté",
    "description": "Deze pastei is zeer snijbaar en laat\nzich heel gemakkelijk op de boterham\nleggen. Is een typisch vlaams\noriginele boerenpastei.",
    "brand": "BONI",
    "seoBrand": "Boni Selection",
    "thumbNail": "https://static.colruytgroup.com/images/200x200/std.lang.all/42/39/asset-594239.jpg",
    "fullImage": "https://static.colruytgroup.com/images/500x500/std.lang.all/42/39/asset-594239.jpg",
    "squareImage": "https://static.colruytgroup.com/images/500x500sq/std.lang.all/42/39/asset-594239.jpg",
    "content": "200g",
    "walkRouteSequenceNumber": 7714,
    "price": {
      "basicPrice": 1.87,
      "recommendedQuantity": "1.0",
      "measurementUnitPrice": 9.35,
      "measurementUnit": "K",
      "isRedPrice": false,
      "pricePerUOM": 9.35,
      "activationDate": "08-03-2024",
      "recordSource": "Offline",
      "isPromoActive": "N",
      "priceChangeCode": "L"
    },
    "isAvailable": true,
    "isPriceAvailable": true,
    "inPromo": false,
    "gtin": [
      "05400141322453",
      "05400141364224"
    ],
    "topCategoryName": "Bereidingen/Charcuterie/Vis/Veggie",
    "topCategoryId": "105",
    "businessDomain": "RETAIL_BE",
    "IsPrivateLabel": true,
    "IsBiffe": false,
    "WeightconversionFactor": "0",
    "IsWeightArticle": false,
    "nutriscoreLabel": "E",
    "IsBio": false,
    "CountryOfOrigin": "BELGIË",
    "IsExclusivelySoldInLuxembourg": false,
    "OrderUnit": "P",
    "ShortName": "BONI BOERENPASTEI 200G",
    "IsNew": false,
    "EcoscoreLabel": "C",
    "RecentQuanityOfStockUnits": "1",
    "LongName": "BONI boerenpaté 200g",
    "AlcoholVolume": "0",
    "FicCode": "I",
    "EcoscoreValue": "47"
  },
  {
    "productId": "152013",
    "technicalArticleNumber": "3281592",
    "commercialArticleNumber": "31734",
    "name": "Superieur ham natuur sn.",
    "description": "*Frankrijk\n*Boterham, koude\nschotel",
    "brand": "HERTA",
    "seoBrand": "Herta",
    "thumbNail": "https://static.colruytgroup.com/images/200x200/std.lang.all/21/21/asset-582121.jpg",
    "fullImage": "https://static.colruytgroup.com/images/500x500/std.lang.all/21/21/asset-582121.jpg",
    "squareImage": "https://static.colruytgroup.com/images/500x500sq/std.lang.all/21/21/asset-582121.jpg",
    "content": "340g",
    "walkRouteSequenceNumber": 7868,
    "price": {
      "basicPrice": 6.59,
      "recommendedQuantity": "1.0",
      "measurementUnitPrice": 19.39,
      "measurementUnit": "K",
      "isRedPrice": false,
      "pricePerUOM": 19.39,
      "activationDate": "21-03-2024",
      "recordSource": "Offline",
      "isPromoActive": "N",
      "priceChangeCode": "H"
    },
    "isAvailable": true,
    "isPriceAvailable": true,
    "inPromo": true,
    "promotion": [
      {
        "techPromoId": "100936COLR",
        "promotionId": "100936",
        "promotionType": "3",
        "isPersonalized": "N",
        "publicationStartDate": "13-03-2024",
        "publicationEndDate": "26-03-2024"
      }
    ],
    "gtin": [
      "03154230808930",
      "05410573032813",
      "08005420125229",
      "07613036942874"
    ],
    "topCategoryName": "Bereidingen/Charcuterie/Vis/Veggie",
    "topCategoryId": "105",
    "businessDomain": "RETAIL_BE",
    "IsPrivateLabel": false,
    "IsBiffe": false,
    "WeightconversionFactor": "0",
    "IsWeightArticle": false,
    "nutriscoreLabel": "C",
    "IsBio": false,
    "CountryOfOrigin": "FRANKRIJK",
    "IsExclusivelySoldInLuxembourg": false,
    "OrderUnit": "P",
    "ShortName": "HERTA SUP NATUUR 340GR",
    "IsNew": false,
    "RecentQuanityOfStockUnits": "1",
    "LongName": "HERTA Superieur ham natuur sn. 340g",
    "AlcoholVolume": "0",
    "FicCode": "E"
  },
  {
    "productId": "206279",
    "technicalArticleNumber": "3518180",
    "commercialArticleNumber": "27108",
    "name": "gevogelteworst sneetjes",
    "brand": "BONI",
    "seoBrand": "Boni Selection",
    "thumbNail": "https://static.colruytgroup.com/images/200x200/std.lang.all/37/96/asset-3123796.jpg",
    "fullImage": "https://static.colruytgroup.com/images/500x500/std.lang.all/37/96/asset-3123796.jpg",
    "squareImage": "https://static.colruytgroup.com/images/500x500sq/std.lang.all/37/96/asset-3123796.jpg",
    "content": "150g",
    "walkRouteSequenceNumber": 7737,
    "price": {
      "basicPrice": 1.49,
      "recommendedQuantity": "1.0",
      "measurementUnitPrice": 9.94,
      "measurementUnit": "K",
      "isRedPrice": false,
      "pricePerUOM": 9.94,
      "activationDate": "05-12-2023",
      "recordSource": "Offline",
      "isPromoActive": "N",
      "priceChangeCode": "E"
    },
    "isAvailable": true,
    "isPriceAvailable": true,
    "inPromo": false,
    "gtin": [
      "05400141320442",
      "05400141364118",
      "05400141650228"
    ],
    "topCategoryName": "Bereidingen/Charcuterie/Vis/Veggie",
    "topCategoryId": "105",
    "businessDomain": "RETAIL_BE",
    "IsPrivateLabel": true,
    "IsBiffe": false,
    "WeightconversionFactor": "0",
    "IsWeightArticle": false,
    "nutriscoreLabel": "D",
    "IsBio": false,
    "CountryOfOrigin": "BELGIË",
    "IsExclusivelySoldInLuxembourg": false,
    "OrderUnit": "P",
    "ShortName": "BONI GEV KOOKWORST 150G",
    "IsNew": false,
    "EcoscoreLabel": "D",
    "RecentQuanityOfStockUnits": "1",
    "LongName": "BONI gevogelteworst sneetjes 150g",
    "AlcoholVolume": "0",
    "FicCode": "I",
    "EcoscoreValue": "22"
  },
  {
    "productId": "103884",
    "technicalArticleNumber": "3089635",
    "commercialArticleNumber": "31393",
    "name": "macaroni ham-4 kazen",
    "description": "*Met 4 % emmentaler,\n1,8 % gorgonzola,\n1,6 % mozzarella,\n1% pecorino, 12% ham\n*In de (micro)oven",
    "brand": "BONI",
    "seoBrand": "Boni Selection",
    "thumbNail": "https://static.colruytgroup.com/images/200x200/std.lang.all/10/94/asset-3351094.jpg",
    "fullImage": "https://static.colruytgroup.com/images/500x500/std.lang.all/10/94/asset-3351094.jpg",
    "squareImage": "https://static.colruytgroup.com/images/500x500sq/std.lang.all/10/94/asset-3351094.jpg",
    "content": "400g",
    "walkRouteSequenceNumber": 6644,
    "price": {
      "basicPrice": 3.19,
      "recommendedQuantity": "1.0",
      "measurementUnitPrice": 7.98,
      "measurementUnit": "K",
      "isRedPrice": false,
      "pricePerUOM": 7.98,
      "activationDate": "07-03-2024",
      "recordSource": "Offline",
      "isPromoActive": "N",
      "priceChangeCode": "E"
    },
    "isAvailable": true,
    "isPriceAvailable": true,
    "inPromo": false,
    "gtin": [
      "15400141963684",
      "15400141420378",
      "15400141115694",
      "05400141420371",
      "05400141115697",
      "05400141091366"
    ],
    "topCategoryName": "Bereidingen/Charcuterie/Vis/Veggie",
    "topCategoryId": "105",
    "businessDomain": "RETAIL_BE",
    "IsPrivateLabel": true,
    "IsBiffe": false,
    "WeightconversionFactor": "0",
    "IsWeightArticle": false,
    "nutriscoreLabel": "C",
    "IsBio": false,
    "CountryOfOrigin": "BELGIË",
    "IsExclusivelySoldInLuxembourg": false,
    "OrderUnit": "P",
    "ShortName": "BONI MAC. 4 KAZEN 400GR",
    "IsNew": false,
    "EcoscoreLabel": "B",
    "RecentQuanityOfStockUnits": "1",
    "LongName": "BONI macaroni ham-4 kazen 400g",
    "AlcoholVolume": "0",
    "FicCode": "I",
    "EcoscoreValue": "75"
  },
  {
    "productId": "148417",
    "technicalArticleNumber": "3325853",
    "commercialArticleNumber": "4921",
    "name": "gevogelteworst sneetjes",
    "brand": "MAYA",
    "seoBrand": "Maya",
    "thumbNail": "https://static.colruytgroup.com/images/200x200/std.lang.all/94/65/asset-699465.jpg",
    "fullImage": "https://static.colruytgroup.com/images/500x500/std.lang.all/94/65/asset-699465.jpg",
    "squareImage": "https://static.colruytgroup.com/images/500x500sq/std.lang.all/94/65/asset-699465.jpg",
    "content": "100g",
    "walkRouteSequenceNumber": 7740,
    "price": {
      "basicPrice": 1.99,
      "recommendedQuantity": "1.0",
      "measurementUnitPrice": 19.9,
      "measurementUnit": "K",
      "isRedPrice": false,
      "pricePerUOM": 19.9,
      "activationDate": "17-11-2023",
      "recordSource": "Offline",
      "isPromoActive": "N",
      "priceChangeCode": "L"
    },
    "isAvailable": true,
    "isPriceAvailable": true,
    "inPromo": true,
    "promotion": [
      {
        "techPromoId": "100970COLR",
        "promotionId": "100970",
        "promotionType": "4",
        "isPersonalized": "N",
        "publicationStartDate": "13-03-2024",
        "publicationEndDate": "26-03-2024"
      }
    ],
    "gtin": [
      "15413848532114",
      "05413848337828"
    ],
    "topCategoryName": "Bereidingen/Charcuterie/Vis/Veggie",
    "topCategoryId": "105",
    "businessDomain": "RETAIL_BE",
    "IsPrivateLabel": false,
    "IsBiffe": false,
    "WeightconversionFactor": "0",
    "IsWeightArticle": false,
    "nutriscoreLabel": "D",
    "IsBio": false,
    "CountryOfOrigin": "BELGIË",
    "IsExclusivelySoldInLuxembourg": false,
    "OrderUnit": "P",
    "ShortName": "MAYA WORST 100G",
    "IsNew": false,
    "EcoscoreLabel": "E",
    "RecentQuanityOfStockUnits": "1",
    "LongName": "MAYA gevogelteworst sneetjes 100g",
    "AlcoholVolume": "0",
    "FicCode": "E",
    "EcoscoreValue": "0"
  },
  {
    "productId": "788689",
    "technicalArticleNumber": "4592818",
    "commercialArticleNumber": "29149",
    "name": "Disney kipworstj familypack",
    "description": "*Familypack",
    "brand": "AOSTE",
    "seoBrand": "Aoste Disney",
    "thumbNail": "https://static.colruytgroup.com/images/200x200/std.lang.all/00/37/asset-2790037.jpg",
    "fullImage": "https://static.colruytgroup.com/images/500x500/std.lang.all/00/37/asset-2790037.jpg",
    "squareImage": "https://static.colruytgroup.com/images/500x500sq/std.lang.all/00/37/asset-2790037.jpg",
    "content": "240g",
    "walkRouteSequenceNumber": 7726,
    "price": {
      "basicPrice": 5.39,
      "recommendedQuantity": "1.0",
      "measurementUnitPrice": 22.46,
      "measurementUnit": "K",
      "isRedPrice": false,
      "pricePerUOM": 22.46,
      "activationDate": "28-02-2024",
      "recordSource": "Offline",
      "isPromoActive": "N",
      "priceChangeCode": "E"
    },
    "isAvailable": true,
    "isPriceAvailable": true,
    "inPromo": false,
    "gtin": [
      "05411761359972",
      "05410916359973"
    ],
    "topCategoryName": "Bereidingen/Charcuterie/Vis/Veggie",
    "topCategoryId": "105",
    "businessDomain": "RETAIL_BE",
    "IsPrivateLabel": false,
    "IsBiffe": false,
    "WeightconversionFactor": "0",
    "IsWeightArticle": false,
    "nutriscoreLabel": "C",
    "IsBio": false,
    "CountryOfOrigin": "BELGIË",
    "IsExclusivelySoldInLuxembourg": false,
    "OrderUnit": "P",
    "ShortName": "AOST DISN KIPWORST240G",
    "IsNew": false,
    "EcoscoreLabel": "E",
    "RecentQuanityOfStockUnits": "1",
    "LongName": "AOSTE Disney kipworstj familypack 240g",
    "FicCode": "E",
    "EcoscoreValue": "0"
  },
  {
    "productId": "859830",
    "technicalArticleNumber": "4710390",
    "commercialArticleNumber": "3091",
    "name": "salami Milano GV",
    "description": "*Glutenvrij",
    "brand": "BONI",
    "seoBrand": "Boni Selection",
    "thumbNail": "https://static.colruytgroup.com/images/200x200/std.lang.all/26/23/asset-3222623.jpg",
    "fullImage": "https://static.colruytgroup.com/images/500x500/std.lang.all/26/23/asset-3222623.jpg",
    "squareImage": "https://static.colruytgroup.com/images/500x500sq/std.lang.all/26/23/asset-3222623.jpg",
    "content": "150g",
    "walkRouteSequenceNumber": 7803,
    "price": {
      "basicPrice": 2.68,
      "recommendedQuantity": "1.0",
      "measurementUnitPrice": 17.87,
      "measurementUnit": "K",
      "isRedPrice": false,
      "pricePerUOM": 17.87,
      "activationDate": "19-03-2024",
      "recordSource": "Offline",
      "isPromoActive": "N",
      "priceChangeCode": "L"
    },
    "isAvailable": true,
    "isPriceAvailable": true,
    "inPromo": false,
    "gtin": [
      "05400141491968",
      "15400141491965"
    ],
    "topCategoryName": "Bereidingen/Charcuterie/Vis/Veggie",
    "topCategoryId": "105",
    "businessDomain": "RETAIL_BE",
    "IsPrivateLabel": true,
    "IsBiffe": false,
    "WeightconversionFactor": "0",
    "IsWeightArticle": false,
    "nutriscoreLabel": "E",
    "IsBio": false,
    "CountryOfOrigin": "BELGIË",
    "IsExclusivelySoldInLuxembourg": false,
    "OrderUnit": "P",
    "ShortName": "BONI GV SAL MILANO 150G",
    "IsNew": false,
    "EcoscoreLabel": "E",
    "RecentQuanityOfStockUnits": "1",
    "LongName": "BONI salami Milano GV 150g",
    "AlcoholVolume": "0",
    "FicCode": "I",
    "EcoscoreValue": "16"
  },
  {
    "productId": "164152",
    "technicalArticleNumber": "3386085",
    "commercialArticleNumber": "34028",
    "name": "Parijse worst sneetjes",
    "brand": "BONI",
    "seoBrand": "Boni Selection",
    "thumbNail": "https://static.colruytgroup.com/images/200x200/std.lang.all/96/07/asset-2139607.jpg",
    "fullImage": "https://static.colruytgroup.com/images/500x500/std.lang.all/96/07/asset-2139607.jpg",
    "squareImage": "https://static.colruytgroup.com/images/500x500sq/std.lang.all/96/07/asset-2139607.jpg",
    "content": "150g",
    "walkRouteSequenceNumber": 7745,
    "price": {
      "basicPrice": 2.89,
      "recommendedQuantity": "1.0",
      "measurementUnitPrice": 19.27,
      "measurementUnit": "K",
      "isRedPrice": false,
      "pricePerUOM": 19.27,
      "activationDate": "27-02-2024",
      "recordSource": "Offline",
      "isPromoActive": "N",
      "priceChangeCode": "H"
    },
    "isAvailable": true,
    "isPriceAvailable": true,
    "inPromo": false,
    "gtin": [
      "05400141319699",
      "05400141377057"
    ],
    "topCategoryName": "Bereidingen/Charcuterie/Vis/Veggie",
    "topCategoryId": "105",
    "businessDomain": "RETAIL_BE",
    "IsPrivateLabel": true,
    "IsBiffe": false,
    "WeightconversionFactor": "0",
    "IsWeightArticle": false,
    "nutriscoreLabel": "D",
    "IsBio": false,
    "CountryOfOrigin": "BELGIË",
    "IsExclusivelySoldInLuxembourg": false,
    "OrderUnit": "P",
    "ShortName": "BONI PARIJZERWORST 150G",
    "IsNew": false,
    "EcoscoreLabel": "E",
    "RecentQuanityOfStockUnits": "1",
    "LongName": "BONI Parijse worst sneetjes 150g",
    "AlcoholVolume": "0",
    "FicCode": "I",
    "EcoscoreValue": "19"
  },
  {
    "productId": "643692",
    "technicalArticleNumber": "4338625",
    "commercialArticleNumber": "27139",
    "name": "strassbourg",
    "description": "- Broodbeleg\n- Varkenvlees",
    "brand": "BONI",
    "seoBrand": "Boni Selection",
    "thumbNail": "https://static.colruytgroup.com/images/200x200/std.lang.all/43/48/asset-2284348.jpg",
    "fullImage": "https://static.colruytgroup.com/images/500x500/std.lang.all/43/48/asset-2284348.jpg",
    "squareImage": "https://static.colruytgroup.com/images/500x500sq/std.lang.all/43/48/asset-2284348.jpg",
    "content": "200g",
    "walkRouteSequenceNumber": 7731,
    "price": {
      "basicPrice": 2.25,
      "recommendedQuantity": "1.0",
      "measurementUnitPrice": 11.25,
      "measurementUnit": "K",
      "isRedPrice": false,
      "pricePerUOM": 11.25,
      "activationDate": "20-01-2024",
      "recordSource": "Offline",
      "isPromoActive": "N",
      "priceChangeCode": "L"
    },
    "isAvailable": true,
    "isPriceAvailable": true,
    "inPromo": false,
    "gtin": [
      "05400141850116"
    ],
    "topCategoryName": "Bereidingen/Charcuterie/Vis/Veggie",
    "topCategoryId": "105",
    "businessDomain": "RETAIL_BE",
    "IsPrivateLabel": true,
    "IsBiffe": false,
    "WeightconversionFactor": "0",
    "IsWeightArticle": false,
    "nutriscoreLabel": "D",
    "IsBio": false,
    "CountryOfOrigin": "BELGIË",
    "IsExclusivelySoldInLuxembourg": false,
    "OrderUnit": "P",
    "ShortName": "BONI STRASBOURG 200G",
    "IsNew": false,
    "EcoscoreLabel": "D",
    "RecentQuanityOfStockUnits": "1",
    "LongName": "BONI strassbourg 200g",
    "AlcoholVolume": "0",
    "FicCode": "N",
    "EcoscoreValue": "24"
  },
  {
    "productId": "782402",
    "technicalArticleNumber": "4579503",
    "commercialArticleNumber": "1192",
    "name": "baguette lookboter",
    "brand": "FARMLAND",
    "seoBrand": "Farmland",
    "thumbNail": "https://static.colruytgroup.com/images/200x200/std.lang.all/11/57/asset-2781157.jpg",
    "fullImage": "https://static.colruytgroup.com/images/500x500/std.lang.all/11/57/asset-2781157.jpg",
    "squareImage": "https://static.colruytgroup.com/images/500x500sq/std.lang.all/11/57/asset-2781157.jpg",
    "content": "175g",
    "walkRouteSequenceNumber": 6042,
    "price": {
      "basicPrice": 0.99,
      "recommendedQuantity": "1.0",
      "measurementUnitPrice": 5.66,
      "measurementUnit": "K",
      "isRedPrice": false,
      "pricePerUOM": 5.66,
      "activationDate": "14-11-2023",
      "isPromoActive": "N",
      "priceChangeCode": "E"
    },
    "isAvailable": true,
    "isPriceAvailable": true,
    "inPromo": false,
    "gtin": [
      "04034900036810",
      "04034900136817"
    ],
    "topCategoryName": "Bereidingen/Charcuterie/Vis/Veggie",
    "topCategoryId": "105",
    "businessDomain": "RETAIL_BE",
    "IsPrivateLabel": false,
    "IsBiffe": false,
    "WeightconversionFactor": "0",
    "IsWeightArticle": false,
    "IsBio": false,
    "CountryOfOrigin": "DUITSLAND",
    "IsExclusivelySoldInLuxembourg": false,
    "OrderUnit": "P",
    "ShortName": "FARM BAGUE.LOOKBOT.175G",
    "InSeason": true,
    "IsNew": false,
    "RecentQuanityOfStockUnits": "9,1",
    "LongName": "FARMLAND baguette lookboter 175g",
    "StartSeasonDate": "10/11/2022",
    "FicCode": "E"
  },
  {
    "productId": "629674",
    "technicalArticleNumber": "4314887",
    "commercialArticleNumber": "23833",
    "name": "serranoham met roomkaas",
    "description": "*Rolletje van\nserranoham\nmet roomkaas naturel",
    "brand": "BONI",
    "seoBrand": "Boni Selection",
    "thumbNail": "https://static.colruytgroup.com/images/200x200/std.lang.all/31/47/asset-2443147.jpg",
    "fullImage": "https://static.colruytgroup.com/images/500x500/std.lang.all/31/47/asset-2443147.jpg",
    "squareImage": "https://static.colruytgroup.com/images/500x500sq/std.lang.all/31/47/asset-2443147.jpg",
    "content": "100g",
    "walkRouteSequenceNumber": 7670,
    "price": {
      "basicPrice": 2.89,
      "recommendedQuantity": "1.0",
      "measurementUnitPrice": 28.9,
      "measurementUnit": "K",
      "isRedPrice": false,
      "pricePerUOM": 28.9,
      "activationDate": "03-01-2024",
      "recordSource": "Offline",
      "isPromoActive": "N",
      "priceChangeCode": "E"
    },
    "isAvailable": true,
    "isPriceAvailable": true,
    "inPromo": false,
    "gtin": [
      "05400141451313",
      "15400141451310"
    ],
    "topCategoryName": "Bereidingen/Charcuterie/Vis/Veggie",
    "topCategoryId": "105",
    "businessDomain": "RETAIL_BE",
    "IsPrivateLabel": true,
    "IsBiffe": false,
    "WeightconversionFactor": "0",
    "IsWeightArticle": false,
    "nutriscoreLabel": "E",
    "IsBio": false,
    "CountryOfOrigin": "NEDERLAND",
    "IsExclusivelySoldInLuxembourg": false,
    "OrderUnit": "P",
    "ShortName": "BONI SER.HAM RO.KA100G",
    "IsNew": false,
    "EcoscoreLabel": "E",
    "RecentQuanityOfStockUnits": "1",
    "LongName": "BONI serranoham met roomkaas 100g",
    "FicCode": "I",
    "EcoscoreValue": "0"
  },
  {
    "productId": "341795",
    "technicalArticleNumber": "3734511",
    "commercialArticleNumber": "41076",
    "name": "Wrap kip pesto",
    "description": "*Wrap met gerooster.\nkipblokjes,mayonaise\nspitskool, tomaat,\ngroene pesto, zonge-\ndroogde tomaten",
    "brand": "BONI",
    "seoBrand": "Boni Selection",
    "thumbNail": "https://static.colruytgroup.com/images/200x200/std.lang.all/68/00/asset-2246800.jpg",
    "fullImage": "https://static.colruytgroup.com/images/500x500/std.lang.all/68/00/asset-2246800.jpg",
    "squareImage": "https://static.colruytgroup.com/images/500x500sq/std.lang.all/68/00/asset-2246800.jpg",
    "content": "170g",
    "walkRouteSequenceNumber": 5310,
    "price": {
      "basicPrice": 2.99,
      "recommendedQuantity": "1.0",
      "measurementUnitPrice": 17.59,
      "measurementUnit": "K",
      "isRedPrice": false,
      "pricePerUOM": 17.59,
      "activationDate": "23-03-2024",
      "recordSource": "Offline",
      "isPromoActive": "N",
      "priceChangeCode": "H"
    },
    "isAvailable": true,
    "isPriceAvailable": true,
    "inPromo": false,
    "gtin": [
      "15400141715153",
      "05400141851625",
      "15400141185093",
      "15400141185512",
      "15400141851622",
      "05400141185515",
      "05400141715156",
      "05400141185096"
    ],
    "topCategoryName": "Bereidingen/Charcuterie/Vis/Veggie",
    "topCategoryId": "105",
    "businessDomain": "RETAIL_BE",
    "IsPrivateLabel": true,
    "IsBiffe": false,
    "WeightconversionFactor": "0",
    "IsWeightArticle": false,
    "nutriscoreLabel": "C",
    "IsBio": false,
    "CountryOfOrigin": "BELGIË",
    "IsExclusivelySoldInLuxembourg": false,
    "OrderUnit": "P",
    "ShortName": "BONI WRAP KIP PESTO170G",
    "IsNew": false,
    "EcoscoreLabel": "D",
    "RecentQuanityOfStockUnits": "1,4",
    "LongName": "BONI Wrap kip pesto 170g",
    "AlcoholVolume": "0",
    "FicCode": "I",
    "EcoscoreValue": "36"
  },
  {
    "productId": "137841",
    "technicalArticleNumber": "3173760",
    "commercialArticleNumber": "37159",
    "name": "Vleessalade",
    "description": "Smeersalade met vlees",
    "brand": "DÉLIO",
    "seoBrand": "Délio",
    "thumbNail": "https://static.colruytgroup.com/images/200x200/std.lang.all/27/77/asset-3172777.jpg",
    "fullImage": "https://static.colruytgroup.com/images/500x500/std.lang.all/27/77/asset-3172777.jpg",
    "squareImage": "https://static.colruytgroup.com/images/500x500sq/std.lang.all/27/77/asset-3172777.jpg",
    "content": "200g",
    "walkRouteSequenceNumber": 7925,
    "price": {
      "basicPrice": 2.49,
      "recommendedQuantity": "1.0",
      "measurementUnitPrice": 12.45,
      "measurementUnit": "K",
      "isRedPrice": false,
      "pricePerUOM": 12.45,
      "activationDate": "23-03-2024",
      "recordSource": "Offline",
      "isPromoActive": "N",
      "priceChangeCode": "E"
    },
    "isAvailable": true,
    "isPriceAvailable": true,
    "inPromo": false,
    "gtin": [
      "15411153010112",
      "05411153010115"
    ],
    "topCategoryName": "Bereidingen/Charcuterie/Vis/Veggie",
    "topCategoryId": "105",
    "businessDomain": "RETAIL_BE",
    "IsPrivateLabel": false,
    "IsBiffe": false,
    "WeightconversionFactor": "0",
    "IsWeightArticle": false,
    "nutriscoreLabel": "D",
    "IsBio": false,
    "CountryOfOrigin": "BELGIË",
    "IsExclusivelySoldInLuxembourg": false,
    "OrderUnit": "P",
    "ShortName": "DELIO VLEESSALADE 200G",
    "IsNew": false,
    "EcoscoreLabel": "C",
    "RecentQuanityOfStockUnits": "1",
    "LongName": "DÉLIO Vleessalade 200g",
    "AlcoholVolume": "0",
    "FicCode": "E",
    "EcoscoreValue": "41"
  },
  {
    "productId": "158382",
    "technicalArticleNumber": "3266006",
    "commercialArticleNumber": "36492",
    "name": "salade krab surimi",
    "description": "*10 % krab,\n40 % surimi\n*Met mayonaise",
    "brand": "BONI",
    "seoBrand": "Boni Selection",
    "thumbNail": "https://static.colruytgroup.com/images/200x200/std.lang.all/82/58/asset-2428258.jpg",
    "fullImage": "https://static.colruytgroup.com/images/500x500/std.lang.all/82/58/asset-2428258.jpg",
    "squareImage": "https://static.colruytgroup.com/images/500x500sq/std.lang.all/82/58/asset-2428258.jpg",
    "content": "200g",
    "walkRouteSequenceNumber": 7934,
    "price": {
      "basicPrice": 3.12,
      "recommendedQuantity": "1.0",
      "measurementUnitPrice": 15.6,
      "measurementUnit": "K",
      "isRedPrice": false,
      "pricePerUOM": 15.6,
      "activationDate": "10-02-2024",
      "recordSource": "Offline",
      "isPromoActive": "N",
      "priceChangeCode": "H"
    },
    "isAvailable": true,
    "isPriceAvailable": true,
    "inPromo": false,
    "gtin": [
      "05400141325560",
      "05400141351293",
      "05400141188134",
      "05400141800418"
    ],
    "topCategoryName": "Bereidingen/Charcuterie/Vis/Veggie",
    "topCategoryId": "105",
    "businessDomain": "RETAIL_BE",
    "IsPrivateLabel": true,
    "IsBiffe": false,
    "WeightconversionFactor": "0",
    "IsWeightArticle": false,
    "nutriscoreLabel": "D",
    "IsBio": false,
    "CountryOfOrigin": "BELGIË",
    "IsExclusivelySoldInLuxembourg": false,
    "OrderUnit": "P",
    "ShortName": "BONI KRAB SURIMISAL200G",
    "IsNew": false,
    "EcoscoreLabel": "C",
    "RecentQuanityOfStockUnits": "1",
    "LongName": "BONI salade krab surimi 200g",
    "AlcoholVolume": "0",
    "FicCode": "I",
    "EcoscoreValue": "54"
  },
  {
    "productId": "90857",
    "technicalArticleNumber": "2953647",
    "commercialArticleNumber": "38784",
    "name": "pizza Prosciutto",
    "description": "*Ham, emmentaler\n*In de oven",
    "brand": "EVERYDAY",
    "seoBrand": "Everyday",
    "thumbNail": "https://static.colruytgroup.com/images/200x200/std.lang.all/43/06/asset-2294306.jpg",
    "fullImage": "https://static.colruytgroup.com/images/500x500/std.lang.all/43/06/asset-2294306.jpg",
    "squareImage": "https://static.colruytgroup.com/images/500x500sq/std.lang.all/43/06/asset-2294306.jpg",
    "content": "450g",
    "walkRouteSequenceNumber": 6683,
    "price": {
      "basicPrice": 2.39,
      "recommendedQuantity": "1.0",
      "measurementUnitPrice": 5.32,
      "measurementUnit": "K",
      "isRedPrice": false,
      "pricePerUOM": 5.32,
      "activationDate": "17-02-2024",
      "recordSource": "Offline",
      "isPromoActive": "N",
      "priceChangeCode": "E"
    },
    "isAvailable": true,
    "isPriceAvailable": true,
    "inPromo": false,
    "gtin": [
      "15400141838814",
      "05400141044096",
      "05400141376814",
      "05400141417111",
      "05400141838817",
      "15400141854593"
    ],
    "topCategoryName": "Bereidingen/Charcuterie/Vis/Veggie",
    "topCategoryId": "105",
    "businessDomain": "RETAIL_BE",
    "IsPrivateLabel": true,
    "IsBiffe": false,
    "WeightconversionFactor": "0",
    "IsWeightArticle": false,
    "nutriscoreLabel": "D",
    "IsBio": false,
    "CountryOfOrigin": "FRANKRIJK",
    "IsExclusivelySoldInLuxembourg": false,
    "OrderUnit": "P",
    "ShortName": "EVD PIZZA PROSC. 450G",
    "IsNew": false,
    "EcoscoreLabel": "C",
    "RecentQuanityOfStockUnits": "1",
    "LongName": "EVERYDAY pizza Prosciutto 450g",
    "AlcoholVolume": "0",
    "FicCode": "I",
    "EcoscoreValue": "52"
  },
  {
    "productId": "482708",
    "technicalArticleNumber": "3998305",
    "commercialArticleNumber": "1110",
    "name": "bladerdeeg",
    "description": "*Vers bladerdeeg\n*Met margarine\n*Rond\n*Met bakpapier",
    "brand": "HERTA",
    "seoBrand": "Herta",
    "thumbNail": "https://static.colruytgroup.com/images/200x200/nl_be/80/50/asset-2368050.jpg",
    "fullImage": "https://static.colruytgroup.com/images/500x500/nl_be/80/50/asset-2368050.jpg",
    "squareImage": "https://static.colruytgroup.com/images/500x500sq/nl_be/80/50/asset-2368050.jpg",
    "content": "230g",
    "walkRouteSequenceNumber": 6050,
    "price": {
      "basicPrice": 1.89,
      "recommendedQuantity": "1.0",
      "measurementUnitPrice": 8.22,
      "measurementUnit": "K",
      "isRedPrice": false,
      "pricePerUOM": 8.22,
      "activationDate": "17-02-2024",
      "recordSource": "Offline",
      "isPromoActive": "N",
      "priceChangeCode": "E"
    },
    "isAvailable": true,
    "isPriceAvailable": true,
    "inPromo": true,
    "promotion": [
      {
        "techPromoId": "100936COLR",
        "promotionId": "100936",
        "promotionType": "3",
        "isPersonalized": "N",
        "publicationStartDate": "13-03-2024",
        "publicationEndDate": "26-03-2024"
      }
    ],
    "gtin": [
      "05410573002274",
      "03023296773943",
      "03154230600541",
      "03154230600558"
    ],
    "topCategoryName": "Bereidingen/Charcuterie/Vis/Veggie",
    "topCategoryId": "105",
    "businessDomain": "RETAIL_BE",
    "IsPrivateLabel": false,
    "IsBiffe": false,
    "WeightconversionFactor": "0",
    "IsWeightArticle": false,
    "nutriscoreLabel": "D",
    "IsBio": false,
    "CountryOfOrigin": "ZWITSERLAND",
    "IsExclusivelySoldInLuxembourg": false,
    "OrderUnit": "P",
    "ShortName": "HERT BLADERDEEG MAR230G",
    "IsNew": false,
    "RecentQuanityOfStockUnits": "1,10",
    "LongName": "HERTA bladerdeeg 230g",
    "FicCode": "E"
  },
  {
    "productId": "290533",
    "technicalArticleNumber": "3679825",
    "commercialArticleNumber": "27454",
    "name": "Disney Mickey kippenworst 5st",
    "description": "*Mickey kippen-\nworstjes\n*5x30g",
    "brand": "AOSTE",
    "seoBrand": "Aoste",
    "thumbNail": "https://static.colruytgroup.com/images/200x200/std.lang.all/71/84/asset-3357184.jpg",
    "fullImage": "https://static.colruytgroup.com/images/500x500/std.lang.all/71/84/asset-3357184.jpg",
    "squareImage": "https://static.colruytgroup.com/images/500x500sq/std.lang.all/71/84/asset-3357184.jpg",
    "content": "150g",
    "walkRouteSequenceNumber": 7727,
    "price": {
      "basicPrice": 3.79,
      "recommendedQuantity": "1.0",
      "measurementUnitPrice": 25.27,
      "measurementUnit": "K",
      "isRedPrice": false,
      "pricePerUOM": 25.27,
      "activationDate": "06-03-2024",
      "recordSource": "Offline",
      "isPromoActive": "N",
      "priceChangeCode": "H"
    },
    "isAvailable": true,
    "isPriceAvailable": true,
    "inPromo": false,
    "gtin": [
      "05411761273216",
      "05410916284824"
    ],
    "topCategoryName": "Bereidingen/Charcuterie/Vis/Veggie",
    "topCategoryId": "105",
    "businessDomain": "RETAIL_BE",
    "IsPrivateLabel": false,
    "IsBiffe": false,
    "WeightconversionFactor": "0",
    "IsWeightArticle": false,
    "nutriscoreLabel": "C",
    "IsBio": false,
    "CountryOfOrigin": "BELGIË",
    "IsExclusivelySoldInLuxembourg": false,
    "OrderUnit": "P",
    "ShortName": "AOSTE MICKEY KIPWRST150",
    "IsNew": false,
    "EcoscoreLabel": "E",
    "RecentQuanityOfStockUnits": "1",
    "LongName": "AOSTE Disney Mickey kippenworst 5st 150g",
    "AlcoholVolume": "0",
    "FicCode": "E",
    "EcoscoreValue": "15"
  },
  {
    "productId": "210528",
    "technicalArticleNumber": "3520497",
    "commercialArticleNumber": "27377",
    "name": "Cobourg ham gerookt",
    "description": "*België\n*Ham\n*Gerookt\n*Boterham, koud\nbuffet",
    "brand": "BONI",
    "seoBrand": "Boni Selection",
    "thumbNail": "https://static.colruytgroup.com/images/200x200/std.lang.all/86/43/asset-3128643.jpg",
    "fullImage": "https://static.colruytgroup.com/images/500x500/std.lang.all/86/43/asset-3128643.jpg",
    "squareImage": "https://static.colruytgroup.com/images/500x500sq/std.lang.all/86/43/asset-3128643.jpg",
    "content": "225g",
    "walkRouteSequenceNumber": 7789,
    "price": {
      "basicPrice": 2.98,
      "recommendedQuantity": "1.0",
      "measurementUnitPrice": 13.25,
      "measurementUnit": "K",
      "isRedPrice": false,
      "pricePerUOM": 13.25,
      "activationDate": "16-01-2024",
      "recordSource": "Offline",
      "isPromoActive": "N",
      "priceChangeCode": "H"
    },
    "isAvailable": true,
    "isPriceAvailable": true,
    "inPromo": false,
    "gtin": [
      "05400141321395",
      "05400141364194",
      "15400141856795"
    ],
    "topCategoryName": "Bereidingen/Charcuterie/Vis/Veggie",
    "topCategoryId": "105",
    "businessDomain": "RETAIL_BE",
    "IsPrivateLabel": true,
    "IsBiffe": false,
    "WeightconversionFactor": "0",
    "IsWeightArticle": false,
    "nutriscoreLabel": "E",
    "IsBio": false,
    "CountryOfOrigin": "BELGIË",
    "IsExclusivelySoldInLuxembourg": false,
    "OrderUnit": "P",
    "ShortName": "BONI GER COBOURG 225G",
    "IsNew": false,
    "EcoscoreLabel": "D",
    "RecentQuanityOfStockUnits": "1",
    "LongName": "BONI Cobourg ham gerookt 225g",
    "AlcoholVolume": "0",
    "FicCode": "I",
    "EcoscoreValue": "28"
  },
  {
    "productId": "158481",
    "technicalArticleNumber": "3266009",
    "commercialArticleNumber": "36486",
    "name": "groentesalade",
    "description": "*57 % groentemix\n*Met mayonaise",
    "brand": "BONI",
    "seoBrand": "Boni Selection",
    "thumbNail": "https://static.colruytgroup.com/images/200x200/std.lang.all/25/92/asset-2732592.jpg",
    "fullImage": "https://static.colruytgroup.com/images/500x500/std.lang.all/25/92/asset-2732592.jpg",
    "squareImage": "https://static.colruytgroup.com/images/500x500sq/std.lang.all/25/92/asset-2732592.jpg",
    "content": "200g",
    "walkRouteSequenceNumber": 7933,
    "price": {
      "basicPrice": 2.11,
      "recommendedQuantity": "1.0",
      "measurementUnitPrice": 10.55,
      "measurementUnit": "K",
      "isRedPrice": false,
      "pricePerUOM": 10.55,
      "activationDate": "17-11-2023",
      "isPromoActive": "N",
      "priceChangeCode": "E"
    },
    "isAvailable": true,
    "isPriceAvailable": true,
    "inPromo": false,
    "gtin": [
      "05400141790184",
      "05400141655988",
      "05400141351255",
      "05400141188660"
    ],
    "topCategoryName": "Bereidingen/Charcuterie/Vis/Veggie",
    "topCategoryId": "105",
    "businessDomain": "RETAIL_BE",
    "IsPrivateLabel": true,
    "IsBiffe": false,
    "WeightconversionFactor": "0",
    "IsWeightArticle": false,
    "nutriscoreLabel": "D",
    "IsBio": false,
    "CountryOfOrigin": "BELGIË",
    "IsExclusivelySoldInLuxembourg": false,
    "OrderUnit": "P",
    "ShortName": "BONI GROENTENSALADE200G",
    "IsNew": false,
    "EcoscoreLabel": "B",
    "RecentQuanityOfStockUnits": "1",
    "LongName": "BONI groentesalade 200g",
    "AlcoholVolume": "0",
    "FicCode": "I",
    "EcoscoreValue": "70"
  },
  {
    "productId": "207235",
    "technicalArticleNumber": "3520652",
    "commercialArticleNumber": "27399",
    "name": "salami fijnkost",
    "description": "*België\n*66 % vlees,\ngedroogd, gerookt",
    "brand": "BONI",
    "seoBrand": "Boni Selection",
    "thumbNail": "https://static.colruytgroup.com/images/200x200/std.lang.all/37/90/asset-3123790.jpg",
    "fullImage": "https://static.colruytgroup.com/images/500x500/std.lang.all/37/90/asset-3123790.jpg",
    "squareImage": "https://static.colruytgroup.com/images/500x500sq/std.lang.all/37/90/asset-3123790.jpg",
    "content": "300g",
    "walkRouteSequenceNumber": 7806,
    "price": {
      "basicPrice": 3.43,
      "recommendedQuantity": "1.0",
      "measurementUnitPrice": 11.44,
      "measurementUnit": "K",
      "isRedPrice": false,
      "pricePerUOM": 11.44,
      "activationDate": "23-03-2024",
      "recordSource": "Folder",
      "isPromoActive": "N",
      "priceChangeCode": "E"
    },
    "isAvailable": true,
    "isPriceAvailable": true,
    "inPromo": false,
    "gtin": [
      "05400141650235",
      "05400141454314",
      "05400141364200",
      "05400141321791"
    ],
    "topCategoryName": "Bereidingen/Charcuterie/Vis/Veggie",
    "topCategoryId": "105",
    "businessDomain": "RETAIL_BE",
    "IsPrivateLabel": true,
    "IsBiffe": false,
    "WeightconversionFactor": "0",
    "IsWeightArticle": false,
    "nutriscoreLabel": "E",
    "IsBio": false,
    "CountryOfOrigin": "BELGIË",
    "IsExclusivelySoldInLuxembourg": false,
    "OrderUnit": "P",
    "ShortName": "BONI FIJNKOST 300G",
    "IsNew": false,
    "EcoscoreLabel": "D",
    "RecentQuanityOfStockUnits": "1",
    "LongName": "BONI salami fijnkost 300g",
    "AlcoholVolume": "0",
    "FicCode": "I",
    "EcoscoreValue": "25"
  },
  {
    "productId": "25300",
    "technicalArticleNumber": "1889967",
    "commercialArticleNumber": "35802",
    "name": "Bistro Patron droge worst",
    "description": "*België\n*Droge worst",
    "brand": "AOSTE",
    "seoBrand": "Aoste",
    "thumbNail": "https://static.colruytgroup.com/images/200x200/std.lang.all/23/93/asset-2882393.jpg",
    "fullImage": "https://static.colruytgroup.com/images/500x500/std.lang.all/23/93/asset-2882393.jpg",
    "squareImage": "https://static.colruytgroup.com/images/500x500sq/std.lang.all/23/93/asset-2882393.jpg",
    "content": "230g",
    "walkRouteSequenceNumber": 7785,
    "price": {
      "basicPrice": 4.49,
      "recommendedQuantity": "1.0",
      "measurementUnitPrice": 19.53,
      "measurementUnit": "K",
      "isRedPrice": false,
      "pricePerUOM": 19.53,
      "activationDate": "29-02-2024",
      "recordSource": "Offline",
      "isPromoActive": "N",
      "priceChangeCode": "E"
    },
    "isAvailable": true,
    "isPriceAvailable": true,
    "inPromo": false,
    "gtin": [
      "05410916119461",
      "05411363101641",
      "05411363111398"
    ],
    "topCategoryName": "Bereidingen/Charcuterie/Vis/Veggie",
    "topCategoryId": "105",
    "businessDomain": "RETAIL_BE",
    "IsPrivateLabel": false,
    "IsBiffe": false,
    "WeightconversionFactor": "0",
    "IsWeightArticle": false,
    "nutriscoreLabel": "E",
    "IsBio": false,
    "CountryOfOrigin": "BELGIË",
    "IsExclusivelySoldInLuxembourg": false,
    "OrderUnit": "P",
    "ShortName": "AOSTE BISTRO PATRON230G",
    "IsNew": false,
    "EcoscoreLabel": "D",
    "RecentQuanityOfStockUnits": "1",
    "LongName": "AOSTE Bistro Patron droge worst 230g",
    "AlcoholVolume": "0",
    "FicCode": "E",
    "EcoscoreValue": "35"
  },
  {
    "productId": "839770",
    "technicalArticleNumber": "4683468",
    "commercialArticleNumber": "6017",
    "name": "garnalen Jumbo ASC",
    "description": "*Aquacultuur uit\nVietnam, Honduras,\nVenezuela, Ecuador\nIndonesië\n*met label ASC",
    "brand": "BONI",
    "seoBrand": "Boni Selection",
    "thumbNail": "https://static.colruytgroup.com/images/200x200/std.lang.all/24/11/asset-3242411.jpg",
    "fullImage": "https://static.colruytgroup.com/images/500x500/std.lang.all/24/11/asset-3242411.jpg",
    "squareImage": "https://static.colruytgroup.com/images/500x500sq/std.lang.all/24/11/asset-3242411.jpg",
    "content": "150g",
    "walkRouteSequenceNumber": 7544,
    "price": {
      "basicPrice": 3.99,
      "recommendedQuantity": "1.0",
      "measurementUnitPrice": 26.6,
      "measurementUnit": "K",
      "isRedPrice": false,
      "pricePerUOM": 26.6,
      "activationDate": "13-03-2024",
      "isPromoActive": "N",
      "priceChangeCode": "H"
    },
    "isAvailable": true,
    "isPriceAvailable": true,
    "inPromo": false,
    "gtin": [
      "05400141513110",
      "15400141513117"
    ],
    "topCategoryName": "Bereidingen/Charcuterie/Vis/Veggie",
    "topCategoryId": "105",
    "businessDomain": "RETAIL_BE",
    "IsPrivateLabel": true,
    "IsBiffe": false,
    "WeightconversionFactor": "0",
    "IsWeightArticle": false,
    "nutriscoreLabel": "D",
    "IsBio": false,
    "CountryOfOrigin": "BELGIË",
    "IsExclusivelySoldInLuxembourg": false,
    "OrderUnit": "P",
    "ShortName": "BONI JUMBO GARNALEN150G",
    "IsNew": false,
    "EcoscoreLabel": "E",
    "RecentQuanityOfStockUnits": "1,6",
    "LongName": "BONI garnalen Jumbo ASC 150g",
    "AlcoholVolume": "0",
    "FicCode": "I",
    "EcoscoreValue": "18"
  },
  {
    "productId": "62607",
    "technicalArticleNumber": "2785795",
    "commercialArticleNumber": "32561",
    "name": "lasagne bolognese",
    "description": "*Met 20 % Belgisch\nvarkensvlees, met\nItaliaanse tomaten\n*In de oven,\nmicrogolfoven",
    "brand": "BONI",
    "seoBrand": "Boni Selection",
    "thumbNail": "https://static.colruytgroup.com/images/200x200/std.lang.all/10/91/asset-3351091.jpg",
    "fullImage": "https://static.colruytgroup.com/images/500x500/std.lang.all/10/91/asset-3351091.jpg",
    "squareImage": "https://static.colruytgroup.com/images/500x500sq/std.lang.all/10/91/asset-3351091.jpg",
    "content": "1kg",
    "walkRouteSequenceNumber": 6609,
    "price": {
      "basicPrice": 4.99,
      "recommendedQuantity": "1.0",
      "quantityPrice": 4.08,
      "quantityPriceQuantity": "2.0",
      "measurementUnitPrice": 4.99,
      "measurementUnitQuantityPrice": 4.08,
      "measurementUnit": "K",
      "isRedPrice": false,
      "pricePerUOM": 4.99,
      "activationDate": "14-03-2024",
      "recordSource": "Offline",
      "isPromoActive": "N",
      "priceChangeCode": "E",
      "quantityPricePerUOM": 4.08,
      "quantityActivationDate": "14-03-2024",
      "quantityPriceChangeCode": "H"
    },
    "isAvailable": true,
    "isPriceAvailable": true,
    "inPromo": false,
    "gtin": [
      "05400141042894",
      "15400141986171",
      "15400141421900",
      "15400141115786",
      "05400141421903",
      "05400141115789",
      "15400141726142",
      "05400141726145"
    ],
    "topCategoryName": "Bereidingen/Charcuterie/Vis/Veggie",
    "topCategoryId": "105",
    "businessDomain": "RETAIL_BE",
    "IsPrivateLabel": true,
    "IsBiffe": false,
    "WeightconversionFactor": "0",
    "IsWeightArticle": false,
    "nutriscoreLabel": "C",
    "IsBio": false,
    "CountryOfOrigin": "BELGIË",
    "IsExclusivelySoldInLuxembourg": false,
    "OrderUnit": "P",
    "ShortName": "BONI LASAGNE 1KG 20P",
    "IsNew": false,
    "EcoscoreLabel": "C",
    "RecentQuanityOfStockUnits": "1",
    "LongName": "BONI lasagne bolognese 1kg",
    "AlcoholVolume": "0",
    "FicCode": "I",
    "EcoscoreValue": "49"
  },
  {
    "productId": "43654",
    "technicalArticleNumber": "2428191",
    "commercialArticleNumber": "22811",
    "name": "worstenbrood",
    "description": "*Met 43% frikandel\n*In de oven",
    "brand": "BONI",
    "seoBrand": "Boni Selection",
    "thumbNail": "https://static.colruytgroup.com/images/200x200/std.lang.all/28/11/asset-3352811.jpg",
    "fullImage": "https://static.colruytgroup.com/images/500x500/std.lang.all/28/11/asset-3352811.jpg",
    "squareImage": "https://static.colruytgroup.com/images/500x500sq/std.lang.all/28/11/asset-3352811.jpg",
    "content": "2x125g",
    "walkRouteSequenceNumber": 6630,
    "price": {
      "basicPrice": 2.29,
      "recommendedQuantity": "1.0",
      "measurementUnitPrice": 9.16,
      "measurementUnit": "K",
      "isRedPrice": false,
      "pricePerUOM": 9.16,
      "activationDate": "28-02-2024",
      "recordSource": "Offline",
      "isPromoActive": "N",
      "priceChangeCode": "E"
    },
    "isAvailable": true,
    "isPriceAvailable": true,
    "inPromo": false,
    "gtin": [
      "05400141187397",
      "05400141124781",
      "05400141228113",
      "15400141187394",
      "05400141125597",
      "15400141595519",
      "05400141595512"
    ],
    "topCategoryName": "Bereidingen/Charcuterie/Vis/Veggie",
    "topCategoryId": "105",
    "businessDomain": "RETAIL_BE",
    "IsPrivateLabel": true,
    "IsBiffe": false,
    "WeightconversionFactor": "0",
    "IsWeightArticle": false,
    "nutriscoreLabel": "D",
    "IsBio": false,
    "CountryOfOrigin": "NEDERLAND",
    "IsExclusivelySoldInLuxembourg": false,
    "OrderUnit": "P",
    "ShortName": "BONI WORSTENB.2X125G",
    "InSeason": true,
    "IsNew": false,
    "EcoscoreLabel": "D",
    "RecentQuanityOfStockUnits": "1,12",
    "LongName": "BONI worstenbrood 2x125g",
    "AlcoholVolume": "0",
    "StartSeasonDate": "01/07/2022",
    "FicCode": "I",
    "EcoscoreValue": "22"
  },
  {
    "productId": "618057",
    "technicalArticleNumber": "4294997",
    "commercialArticleNumber": "27080",
    "name": "pandaworst",
    "brand": "BONI",
    "seoBrand": "Boni Selection",
    "thumbNail": "https://static.colruytgroup.com/images/200x200/std.lang.all/26/61/asset-3222661.jpg",
    "fullImage": "https://static.colruytgroup.com/images/500x500/std.lang.all/26/61/asset-3222661.jpg",
    "squareImage": "https://static.colruytgroup.com/images/500x500sq/std.lang.all/26/61/asset-3222661.jpg",
    "content": "100g",
    "walkRouteSequenceNumber": 7743,
    "price": {
      "basicPrice": 1.89,
      "recommendedQuantity": "1.0",
      "measurementUnitPrice": 18.9,
      "measurementUnit": "K",
      "isRedPrice": false,
      "pricePerUOM": 18.9,
      "activationDate": "17-11-2023",
      "isPromoActive": "N",
      "priceChangeCode": "E"
    },
    "isAvailable": true,
    "isPriceAvailable": true,
    "inPromo": false,
    "gtin": [
      "05400141419108",
      "05400141609141"
    ],
    "topCategoryName": "Bereidingen/Charcuterie/Vis/Veggie",
    "topCategoryId": "105",
    "businessDomain": "RETAIL_BE",
    "IsPrivateLabel": true,
    "IsBiffe": false,
    "WeightconversionFactor": "0",
    "IsWeightArticle": false,
    "nutriscoreLabel": "D",
    "IsBio": false,
    "CountryOfOrigin": "BELGIË",
    "IsExclusivelySoldInLuxembourg": false,
    "OrderUnit": "P",
    "ShortName": "BONI PANDAWORST 100G",
    "IsNew": false,
    "EcoscoreLabel": "E",
    "RecentQuanityOfStockUnits": "1",
    "LongName": "BONI pandaworst 100g",
    "AlcoholVolume": "0",
    "FicCode": "I",
    "EcoscoreValue": "0"
  },
  {
    "productId": "618057",
    "technicalArticleNumber": "4294997",
    "commercialArticleNumber": "27080",
    "name": "pandaworst",
    "brand": "BONI",
    "seoBrand": "Boni Selection",
    "thumbNail": "https://static.colruytgroup.com/images/200x200/std.lang.all/26/61/asset-3222661.jpg",
    "fullImage": "https://static.colruytgroup.com/images/500x500/std.lang.all/26/61/asset-3222661.jpg",
    "squareImage": "https://static.colruytgroup.com/images/500x500sq/std.lang.all/26/61/asset-3222661.jpg",
    "content": "100g",
    "walkRouteSequenceNumber": 7743,
    "price": {
      "basicPrice": 1.89,
      "recommendedQuantity": "1.0",
      "measurementUnitPrice": 18.9,
      "measurementUnit": "K",
      "isRedPrice": false,
      "pricePerUOM": 18.9,
      "activationDate": "17-11-2023",
      "isPromoActive": "N",
      "priceChangeCode": "E"
    },
    "isAvailable": true,
    "isPriceAvailable": true,
    "inPromo": false,
    "gtin": [
      "05400141419108",
      "05400141609141"
    ],
    "topCategoryName": "Bereidingen/Charcuterie/Vis/Veggie",
    "topCategoryId": "105",
    "businessDomain": "RETAIL_BE",
    "IsPrivateLabel": true,
    "IsBiffe": false,
    "WeightconversionFactor": "0",
    "IsWeightArticle": false,
    "nutriscoreLabel": "D",
    "IsBio": false,
    "CountryOfOrigin": "BELGIË",
    "IsExclusivelySoldInLuxembourg": false,
    "OrderUnit": "P",
    "ShortName": "BONI PANDAWORST 100G",
    "IsNew": false,
    "EcoscoreLabel": "E",
    "RecentQuanityOfStockUnits": "1",
    "LongName": "BONI pandaworst 100g",
    "AlcoholVolume": "0",
    "FicCode": "I",
    "EcoscoreValue": "0"
  },
  {
    "productId": "108735",
    "technicalArticleNumber": "3152633",
    "commercialArticleNumber": "16743",
    "name": "3 haring maatjes met ui MSC",
    "description": "*Gevangen in NO deel\nAtlantische Oceaan.\n*Schoongemaakte\nharing, met ui\n*met label MSC",
    "brand": "BONI",
    "seoBrand": "Boni Selection",
    "thumbNail": "https://static.colruytgroup.com/images/200x200/std.lang.all/56/39/asset-3265639.jpg",
    "fullImage": "https://static.colruytgroup.com/images/500x500/std.lang.all/56/39/asset-3265639.jpg",
    "squareImage": "https://static.colruytgroup.com/images/500x500sq/std.lang.all/56/39/asset-3265639.jpg",
    "walkRouteSequenceNumber": 7435,
    "price": {
      "basicPrice": 2.99,
      "recommendedQuantity": "1.0",
      "measurementUnitPrice": 13.29,
      "measurementUnit": "K",
      "isRedPrice": false,
      "pricePerUOM": 13.29,
      "activationDate": "16-03-2024",
      "recordSource": "Offline",
      "isPromoActive": "N",
      "priceChangeCode": "H"
    },
    "isAvailable": true,
    "isPriceAvailable": true,
    "inPromo": false,
    "gtin": [
      "05400141378566",
      "05400141602029",
      "05400141662306"
    ],
    "topCategoryName": "Bereidingen/Charcuterie/Vis/Veggie",
    "topCategoryId": "105",
    "businessDomain": "RETAIL_BE",
    "IsPrivateLabel": true,
    "IsBiffe": false,
    "WeightconversionFactor": "0",
    "IsWeightArticle": false,
    "nutriscoreLabel": "D",
    "IsBio": false,
    "CountryOfOrigin": "NEDERLAND",
    "IsExclusivelySoldInLuxembourg": false,
    "OrderUnit": "P",
    "ShortName": "BONI MAATJES 3ST.MET UI",
    "InSeason": true,
    "IsNew": false,
    "EcoscoreLabel": "B",
    "RecentQuanityOfStockUnits": "1",
    "LongName": "BONI 3 haring maatjes met ui MSC",
    "AlcoholVolume": "0",
    "StartSeasonDate": "25/05/2022",
    "FicCode": "I",
    "EcoscoreValue": "66"
  },
  {
    "productId": "123100",
    "technicalArticleNumber": "3213374",
    "commercialArticleNumber": "15189",
    "name": "miniworstjes parmezaan",
    "description": "*Frankrijk\n*Met parmezaan\n*Aperitief, snack,\ntapas",
    "brand": "BONI",
    "seoBrand": "Boni Selection",
    "thumbNail": "https://static.colruytgroup.com/images/200x200/std.lang.all/34/27/asset-3223427.jpg",
    "fullImage": "https://static.colruytgroup.com/images/500x500/std.lang.all/34/27/asset-3223427.jpg",
    "squareImage": "https://static.colruytgroup.com/images/500x500sq/std.lang.all/34/27/asset-3223427.jpg",
    "content": "150g",
    "walkRouteSequenceNumber": 6708,
    "price": {
      "basicPrice": 3.79,
      "recommendedQuantity": "1.0",
      "measurementUnitPrice": 25.27,
      "measurementUnit": "K",
      "isRedPrice": false,
      "pricePerUOM": 25.27,
      "activationDate": "17-11-2023",
      "isPromoActive": "N",
      "priceChangeCode": "E"
    },
    "isAvailable": true,
    "isPriceAvailable": true,
    "inPromo": false,
    "gtin": [
      "05425007096569",
      "05400141451665",
      "05400141187991",
      "05400141374193",
      "15400141374190",
      "15400141918912",
      "05400141793215"
    ],
    "topCategoryName": "Bereidingen/Charcuterie/Vis/Veggie",
    "topCategoryId": "105",
    "businessDomain": "RETAIL_BE",
    "IsPrivateLabel": true,
    "IsBiffe": false,
    "WeightconversionFactor": "0",
    "IsWeightArticle": false,
    "nutriscoreLabel": "E",
    "IsBio": false,
    "CountryOfOrigin": "FRANKRIJK",
    "IsExclusivelySoldInLuxembourg": false,
    "OrderUnit": "P",
    "ShortName": "BONI SALAMI PARMES150G",
    "IsNew": false,
    "EcoscoreLabel": "D",
    "RecentQuanityOfStockUnits": "1,1",
    "LongName": "BONI miniworstjes parmezaan 150g",
    "AlcoholVolume": "0",
    "FicCode": "I",
    "EcoscoreValue": "26"
  },
  {
    "productId": "158653",
    "technicalArticleNumber": "3281372",
    "commercialArticleNumber": "44337",
    "name": "chorizo zacht",
    "description": "*Spanje\n*Zacht",
    "brand": "BONI",
    "seoBrand": "Boni Selection",
    "thumbNail": "https://static.colruytgroup.com/images/200x200/std.lang.all/50/89/asset-2515089.jpg",
    "fullImage": "https://static.colruytgroup.com/images/500x500/std.lang.all/50/89/asset-2515089.jpg",
    "squareImage": "https://static.colruytgroup.com/images/500x500sq/std.lang.all/50/89/asset-2515089.jpg",
    "content": "225g",
    "walkRouteSequenceNumber": 7776,
    "price": {
      "basicPrice": 2.59,
      "recommendedQuantity": "1.0",
      "measurementUnitPrice": 11.52,
      "measurementUnit": "K",
      "isRedPrice": false,
      "pricePerUOM": 11.52,
      "activationDate": "19-03-2024",
      "recordSource": "Offline",
      "isPromoActive": "N",
      "priceChangeCode": "L"
    },
    "isAvailable": true,
    "isPriceAvailable": true,
    "inPromo": false,
    "gtin": [
      "05400141894912",
      "05400141319583",
      "95400141894984",
      "05400141866179"
    ],
    "topCategoryName": "Bereidingen/Charcuterie/Vis/Veggie",
    "topCategoryId": "105",
    "businessDomain": "RETAIL_BE",
    "IsPrivateLabel": true,
    "IsBiffe": false,
    "WeightconversionFactor": "0",
    "IsWeightArticle": false,
    "nutriscoreLabel": "E",
    "IsBio": false,
    "CountryOfOrigin": "SPANJE",
    "IsExclusivelySoldInLuxembourg": false,
    "OrderUnit": "P",
    "ShortName": "BONI CHORIZO ZACHT 225G",
    "IsNew": false,
    "EcoscoreLabel": "E",
    "RecentQuanityOfStockUnits": "1",
    "LongName": "BONI chorizo zacht 225g",
    "AlcoholVolume": "0",
    "FicCode": "I",
    "EcoscoreValue": "19"
  },
  {
    "productId": "549854",
    "technicalArticleNumber": "4179690",
    "commercialArticleNumber": "27409",
    "name": "kalfsworst",
    "brand": "BONI",
    "seoBrand": "Boni Selection",
    "thumbNail": "https://static.colruytgroup.com/images/200x200/std.lang.all/86/47/asset-3128647.jpg",
    "fullImage": "https://static.colruytgroup.com/images/500x500/std.lang.all/86/47/asset-3128647.jpg",
    "squareImage": "https://static.colruytgroup.com/images/500x500sq/std.lang.all/86/47/asset-3128647.jpg",
    "content": "200g",
    "walkRouteSequenceNumber": 7736,
    "price": {
      "basicPrice": 2.92,
      "recommendedQuantity": "1.0",
      "measurementUnitPrice": 14.6,
      "measurementUnit": "K",
      "isRedPrice": false,
      "pricePerUOM": 14.6,
      "activationDate": "13-03-2024",
      "recordSource": "Offline",
      "isPromoActive": "N",
      "priceChangeCode": "H"
    },
    "isAvailable": true,
    "isPriceAvailable": true,
    "inPromo": false,
    "gtin": [
      "05400141364217",
      "05400141331622",
      "05400141363043"
    ],
    "topCategoryName": "Bereidingen/Charcuterie/Vis/Veggie",
    "topCategoryId": "105",
    "businessDomain": "RETAIL_BE",
    "IsPrivateLabel": true,
    "IsBiffe": false,
    "WeightconversionFactor": "0",
    "IsWeightArticle": false,
    "nutriscoreLabel": "D",
    "IsBio": false,
    "CountryOfOrigin": "BELGIË",
    "IsExclusivelySoldInLuxembourg": false,
    "OrderUnit": "P",
    "ShortName": "BONI KALFSWORST 200GR",
    "IsNew": false,
    "EcoscoreLabel": "D",
    "RecentQuanityOfStockUnits": "1",
    "LongName": "BONI kalfsworst 200g",
    "AlcoholVolume": "0",
    "FicCode": "I",
    "EcoscoreValue": "24"
  },
  {
    "productId": "11787",
    "technicalArticleNumber": "1389274",
    "commercialArticleNumber": "27963",
    "name": "Cappelletti met rauwe ham",
    "description": "*Verse pasta,\n36 % vulling: rauwe\nham\n*In de kookpot",
    "brand": "BONI",
    "seoBrand": "Boni Selection",
    "thumbNail": "https://static.colruytgroup.com/images/200x200/std.lang.all/28/22/asset-3352822.jpg",
    "fullImage": "https://static.colruytgroup.com/images/500x500/std.lang.all/28/22/asset-3352822.jpg",
    "squareImage": "https://static.colruytgroup.com/images/500x500sq/std.lang.all/28/22/asset-3352822.jpg",
    "content": "500g",
    "walkRouteSequenceNumber": 6660,
    "price": {
      "basicPrice": 3.13,
      "recommendedQuantity": "1.0",
      "quantityPrice": 2.39,
      "quantityPriceQuantity": "2.0",
      "measurementUnitPrice": 6.26,
      "measurementUnitQuantityPrice": 4.78,
      "measurementUnit": "K",
      "isRedPrice": false,
      "pricePerUOM": 6.26,
      "activationDate": "20-03-2024",
      "recordSource": "Folder",
      "isPromoActive": "N",
      "priceChangeCode": "L",
      "quantityPricePerUOM": 4.78,
      "quantityActivationDate": "20-03-2024",
      "quantityPriceChangeCode": "E"
    },
    "isAvailable": true,
    "isPriceAvailable": true,
    "inPromo": false,
    "gtin": [
      "05400141589740",
      "05400141572247",
      "15400141572244",
      "05400141187427",
      "05400141074598",
      "15400141377733",
      "05400141377736",
      "15400141241027",
      "05400141241020",
      "15400141589747"
    ],
    "topCategoryName": "Bereidingen/Charcuterie/Vis/Veggie",
    "topCategoryId": "105",
    "businessDomain": "RETAIL_BE",
    "IsPrivateLabel": true,
    "IsBiffe": false,
    "WeightconversionFactor": "0",
    "IsWeightArticle": false,
    "nutriscoreLabel": "C",
    "IsBio": false,
    "CountryOfOrigin": "BELGIË",
    "IsExclusivelySoldInLuxembourg": false,
    "OrderUnit": "P",
    "ShortName": "BONI CAPPEL. PROS.500G",
    "IsNew": false,
    "EcoscoreLabel": "E",
    "RecentQuanityOfStockUnits": "1,12",
    "LongName": "BONI Cappelletti met rauwe ham 500g",
    "AlcoholVolume": "0",
    "FicCode": "I",
    "EcoscoreValue": "17"
  },
  {
    "productId": "53633",
    "technicalArticleNumber": "2359965",
    "commercialArticleNumber": "26238",
    "name": "crèmepaté",
    "description": "*België",
    "brand": "AOSTE",
    "seoBrand": "Aoste",
    "thumbNail": "https://static.colruytgroup.com/images/200x200/std.lang.all/48/86/asset-2884886.jpg",
    "fullImage": "https://static.colruytgroup.com/images/500x500/std.lang.all/48/86/asset-2884886.jpg",
    "squareImage": "https://static.colruytgroup.com/images/500x500sq/std.lang.all/48/86/asset-2884886.jpg",
    "content": "150g",
    "walkRouteSequenceNumber": 7710,
    "price": {
      "basicPrice": 2.89,
      "recommendedQuantity": "1.0",
      "measurementUnitPrice": 19.27,
      "measurementUnit": "K",
      "isRedPrice": false,
      "pricePerUOM": 19.27,
      "activationDate": "28-02-2024",
      "recordSource": "Offline",
      "isPromoActive": "N",
      "priceChangeCode": "E"
    },
    "isAvailable": true,
    "isPriceAvailable": true,
    "inPromo": false,
    "gtin": [
      "05411328055798",
      "05411328191823"
    ],
    "topCategoryName": "Bereidingen/Charcuterie/Vis/Veggie",
    "topCategoryId": "105",
    "businessDomain": "RETAIL_BE",
    "IsPrivateLabel": false,
    "IsBiffe": false,
    "WeightconversionFactor": "0",
    "IsWeightArticle": false,
    "nutriscoreLabel": "E",
    "IsBio": false,
    "CountryOfOrigin": "BELGIË",
    "IsExclusivelySoldInLuxembourg": false,
    "OrderUnit": "P",
    "ShortName": "AOSTE CREMEPATE 150G",
    "IsNew": false,
    "EcoscoreLabel": "D",
    "RecentQuanityOfStockUnits": "1",
    "LongName": "AOSTE crèmepaté 150g",
    "AlcoholVolume": "0",
    "FicCode": "E",
    "EcoscoreValue": "39"
  },
  {
    "productId": "2101",
    "technicalArticleNumber": "27805",
    "commercialArticleNumber": "27805",
    "name": "Tagliatelle met verse eieren",
    "description": "*Verse pasta\n*In de kookpot",
    "brand": "BONI",
    "seoBrand": "Boni Selection",
    "thumbNail": "https://static.colruytgroup.com/images/200x200/std.lang.all/03/92/asset-3380392.jpg",
    "fullImage": "https://static.colruytgroup.com/images/500x500/std.lang.all/03/92/asset-3380392.jpg",
    "squareImage": "https://static.colruytgroup.com/images/500x500sq/std.lang.all/03/92/asset-3380392.jpg",
    "content": "500g",
    "walkRouteSequenceNumber": 6692,
    "price": {
      "basicPrice": 2.29,
      "recommendedQuantity": "1.0",
      "quantityPrice": 1.71,
      "quantityPriceQuantity": "2.0",
      "measurementUnitPrice": 4.58,
      "measurementUnitQuantityPrice": 3.42,
      "measurementUnit": "K",
      "isRedPrice": false,
      "pricePerUOM": 4.58,
      "activationDate": "20-03-2024",
      "recordSource": "Offline",
      "isPromoActive": "N",
      "priceChangeCode": "E",
      "quantityPricePerUOM": 3.42,
      "quantityActivationDate": "20-03-2024",
      "quantityPriceChangeCode": "E"
    },
    "isAvailable": true,
    "isPriceAvailable": true,
    "inPromo": false,
    "gtin": [
      "05400141074628",
      "05400141084344",
      "05400141241112",
      "05400141253467",
      "05400141378054",
      "15400141241119",
      "15400141253464",
      "15400141783497",
      "05400141783490"
    ],
    "topCategoryName": "Bereidingen/Charcuterie/Vis/Veggie",
    "topCategoryId": "105",
    "businessDomain": "RETAIL_BE",
    "IsPrivateLabel": true,
    "IsBiffe": false,
    "WeightconversionFactor": "0",
    "IsWeightArticle": false,
    "nutriscoreLabel": "A",
    "IsBio": false,
    "CountryOfOrigin": "BELGIË",
    "IsExclusivelySoldInLuxembourg": false,
    "OrderUnit": "P",
    "ShortName": "BONI VERSE TAGLIAT.500G",
    "IsNew": false,
    "EcoscoreLabel": "A",
    "RecentQuanityOfStockUnits": "1,12",
    "LongName": "BONI Tagliatelle met verse eieren 500g",
    "AlcoholVolume": "0",
    "FicCode": "I",
    "EcoscoreValue": "80"
  },
  {
    "productId": "269386",
    "technicalArticleNumber": "3635306",
    "commercialArticleNumber": "31093",
    "name": "Focaccia tomaat basilicum",
    "description": "*Met tomaat en\nbasilicum\n*8-10 minuten in\nde oven op 180°C",
    "brand": "BONI",
    "seoBrand": "Boni Selection",
    "thumbNail": "https://static.colruytgroup.com/images/200x200/std.lang.all/47/81/asset-2084781.jpg",
    "fullImage": "https://static.colruytgroup.com/images/500x500/std.lang.all/47/81/asset-2084781.jpg",
    "squareImage": "https://static.colruytgroup.com/images/500x500sq/std.lang.all/47/81/asset-2084781.jpg",
    "content": "2x165g",
    "walkRouteSequenceNumber": 6719,
    "price": {
      "basicPrice": 2.59,
      "recommendedQuantity": "1.0",
      "measurementUnitPrice": 7.85,
      "measurementUnit": "K",
      "isRedPrice": true,
      "redPriceReason": "Promo",
      "pricePerUOM": 7.85,
      "activationDate": "13-03-2024",
      "isPromoActive": "Y",
      "priceChangeCode": "L"
    },
    "isAvailable": true,
    "isPriceAvailable": true,
    "inPromo": false,
    "gtin": [
      "05400141535853",
      "05400141080506",
      "05400141159448"
    ],
    "topCategoryName": "Bereidingen/Charcuterie/Vis/Veggie",
    "topCategoryId": "105",
    "businessDomain": "RETAIL_BE",
    "IsPrivateLabel": true,
    "IsBiffe": false,
    "WeightconversionFactor": "0",
    "IsWeightArticle": false,
    "nutriscoreLabel": "C",
    "IsBio": false,
    "CountryOfOrigin": "NEDERLAND",
    "IsExclusivelySoldInLuxembourg": false,
    "OrderUnit": "P",
    "ShortName": "BONI FOCACCIA 2X165G",
    "InSeason": true,
    "IsNew": false,
    "EcoscoreLabel": "B",
    "RecentQuanityOfStockUnits": "1",
    "LongName": "BONI Focaccia tomaat basilicum 2x165g",
    "AlcoholVolume": "0",
    "StartSeasonDate": "31/01/2018",
    "FicCode": "I",
    "EcoscoreValue": "60"
  },
  {
    "productId": "143556",
    "technicalArticleNumber": "3304577",
    "commercialArticleNumber": "26640",
    "name": "filet d'Anvers",
    "description": "*België\n*Gerookt, gezouten\n*Boterham, carpaccio",
    "brand": "BONI",
    "seoBrand": "Boni Selection",
    "thumbNail": "https://static.colruytgroup.com/images/200x200/std.lang.all/27/64/asset-3362764.jpg",
    "fullImage": "https://static.colruytgroup.com/images/500x500/std.lang.all/27/64/asset-3362764.jpg",
    "squareImage": "https://static.colruytgroup.com/images/500x500sq/std.lang.all/27/64/asset-3362764.jpg",
    "content": "150g",
    "walkRouteSequenceNumber": 7793,
    "price": {
      "basicPrice": 3.99,
      "recommendedQuantity": "1.0",
      "measurementUnitPrice": 26.6,
      "measurementUnit": "K",
      "isRedPrice": false,
      "pricePerUOM": 26.6,
      "activationDate": "16-01-2024",
      "recordSource": "Offline",
      "isPromoActive": "N",
      "priceChangeCode": "E"
    },
    "isAvailable": true,
    "isPriceAvailable": true,
    "inPromo": false,
    "gtin": [
      "05400141355543",
      "15400141857587",
      "05400141386417"
    ],
    "topCategoryName": "Bereidingen/Charcuterie/Vis/Veggie",
    "topCategoryId": "105",
    "businessDomain": "RETAIL_BE",
    "IsPrivateLabel": true,
    "IsBiffe": false,
    "WeightconversionFactor": "0",
    "IsWeightArticle": false,
    "nutriscoreLabel": "D",
    "IsBio": false,
    "CountryOfOrigin": "BELGIË",
    "IsExclusivelySoldInLuxembourg": false,
    "OrderUnit": "P",
    "ShortName": "BONI FIL D ANVERS 150G",
    "IsNew": false,
    "EcoscoreLabel": "E",
    "RecentQuanityOfStockUnits": "1",
    "LongName": "BONI filet d'Anvers 150g",
    "AlcoholVolume": "0",
    "FicCode": "I",
    "EcoscoreValue": "0"
  },
  {
    "productId": "892931",
    "technicalArticleNumber": "4754897",
    "commercialArticleNumber": "4861",
    "name": "Nuggets vegan",
    "brand": "BONI",
    "seoBrand": "Boni Selection",
    "thumbNail": "https://static.colruytgroup.com/images/200x200/std.lang.all/42/10/asset-3354210.jpg",
    "fullImage": "https://static.colruytgroup.com/images/500x500/std.lang.all/42/10/asset-3354210.jpg",
    "squareImage": "https://static.colruytgroup.com/images/500x500sq/std.lang.all/42/10/asset-3354210.jpg",
    "content": "200g",
    "walkRouteSequenceNumber": 7614,
    "price": {
      "basicPrice": 1.61,
      "recommendedQuantity": "1.0",
      "measurementUnitPrice": 8.05,
      "measurementUnit": "K",
      "isRedPrice": false,
      "pricePerUOM": 8.05,
      "activationDate": "01-12-2023",
      "recordSource": "Offline",
      "isPromoActive": "N",
      "priceChangeCode": "L"
    },
    "isAvailable": true,
    "isPriceAvailable": true,
    "inPromo": true,
    "promotion": [
      {
        "techPromoId": "100899COLR",
        "promotionId": "100899",
        "promotionType": "3",
        "isPersonalized": "N",
        "publicationStartDate": "13-03-2024",
        "publicationEndDate": "26-03-2024"
      }
    ],
    "gtin": [
      "05400141585124",
      "15400141585121"
    ],
    "topCategoryName": "Bereidingen/Charcuterie/Vis/Veggie",
    "topCategoryId": "105",
    "businessDomain": "RETAIL_BE",
    "IsPrivateLabel": true,
    "IsBiffe": false,
    "WeightconversionFactor": "0",
    "IsWeightArticle": false,
    "nutriscoreLabel": "A",
    "IsBio": false,
    "CountryOfOrigin": "NEDERLAND",
    "IsExclusivelySoldInLuxembourg": false,
    "OrderUnit": "P",
    "ShortName": "BONI NUGGETS VEGAN 200G",
    "IsNew": false,
    "EcoscoreLabel": "B",
    "RecentQuanityOfStockUnits": "1",
    "LongName": "BONI Nuggets vegan 200g",
    "AlcoholVolume": "0",
    "FicCode": "I",
    "EcoscoreValue": "68"
  },
  {
    "productId": "795500",
    "technicalArticleNumber": "4604865",
    "commercialArticleNumber": "21687",
    "name": "gerookte makreel",
    "brand": "BONI",
    "seoBrand": "Boni Selection",
    "thumbNail": "https://static.colruytgroup.com/images/200x200/std.lang.all/01/22/asset-3240122.jpg",
    "fullImage": "https://static.colruytgroup.com/images/500x500/std.lang.all/01/22/asset-3240122.jpg",
    "squareImage": "https://static.colruytgroup.com/images/500x500sq/std.lang.all/01/22/asset-3240122.jpg",
    "content": "300g",
    "walkRouteSequenceNumber": 7466,
    "price": {
      "basicPrice": 2.55,
      "recommendedQuantity": "1.0",
      "measurementUnitPrice": 8.5,
      "measurementUnit": "K",
      "isRedPrice": false,
      "pricePerUOM": 8.5,
      "activationDate": "15-03-2024",
      "recordSource": "Offline",
      "isPromoActive": "N",
      "priceChangeCode": "L"
    },
    "isAvailable": true,
    "isPriceAvailable": true,
    "inPromo": false,
    "gtin": [
      "05400141433685"
    ],
    "topCategoryName": "Bereidingen/Charcuterie/Vis/Veggie",
    "topCategoryId": "105",
    "businessDomain": "RETAIL_BE",
    "IsPrivateLabel": true,
    "IsBiffe": false,
    "WeightconversionFactor": "0",
    "IsWeightArticle": false,
    "nutriscoreLabel": "D",
    "IsBio": false,
    "CountryOfOrigin": "DENEMARKEN",
    "IsExclusivelySoldInLuxembourg": false,
    "OrderUnit": "P",
    "ShortName": "BONI GER.MAKREEL 300G",
    "IsNew": false,
    "EcoscoreLabel": "C",
    "RecentQuanityOfStockUnits": "1",
    "LongName": "BONI gerookte makreel 300g",
    "FicCode": "I",
    "EcoscoreValue": "58"
  },
  {
    "productId": "38072",
    "technicalArticleNumber": "1800015",
    "commercialArticleNumber": "34155",
    "name": "lunchworst GV",
    "description": "*Nederland\n*Gekookt, gerookt\n*100 % varkensvlees\n*Boterham, snack\n*Glutenvrij",
    "brand": "ZANDVLIET",
    "seoBrand": "Zandvliet",
    "thumbNail": "https://static.colruytgroup.com/images/200x200/std.lang.all/55/59/asset-3315559.jpg",
    "fullImage": "https://static.colruytgroup.com/images/500x500/std.lang.all/55/59/asset-3315559.jpg",
    "squareImage": "https://static.colruytgroup.com/images/500x500sq/std.lang.all/55/59/asset-3315559.jpg",
    "content": "350g",
    "walkRouteSequenceNumber": 7719,
    "price": {
      "basicPrice": 3.29,
      "recommendedQuantity": "1.0",
      "measurementUnitPrice": 9.4,
      "measurementUnit": "K",
      "isRedPrice": false,
      "pricePerUOM": 9.4,
      "activationDate": "15-11-2023",
      "isPromoActive": "N",
      "priceChangeCode": "E"
    },
    "isAvailable": true,
    "isPriceAvailable": true,
    "inPromo": false,
    "gtin": [
      "00000087244335",
      "08724400003806",
      "08724400001710"
    ],
    "topCategoryName": "Bereidingen/Charcuterie/Vis/Veggie",
    "topCategoryId": "105",
    "businessDomain": "RETAIL_BE",
    "IsPrivateLabel": false,
    "IsBiffe": false,
    "WeightconversionFactor": "0",
    "IsWeightArticle": false,
    "nutriscoreLabel": "E",
    "IsBio": false,
    "CountryOfOrigin": "BELGIË",
    "IsExclusivelySoldInLuxembourg": false,
    "OrderUnit": "P",
    "ShortName": "ZANDVL LUNCHWORST350GR",
    "IsNew": false,
    "EcoscoreLabel": "D",
    "RecentQuanityOfStockUnits": "1",
    "LongName": "ZANDVLIET lunchworst GV 350g",
    "AlcoholVolume": "0",
    "FicCode": "E",
    "EcoscoreValue": "21"
  },
  {
    "productId": "340391",
    "technicalArticleNumber": "3820839",
    "commercialArticleNumber": "40508",
    "name": "focaccia kruidenboter",
    "description": "*broodproduct met\nknoflook, mozzarella",
    "brand": "BONI",
    "seoBrand": "Boni Selection",
    "thumbNail": "https://static.colruytgroup.com/images/200x200/std.lang.all/10/99/asset-3351099.jpg",
    "fullImage": "https://static.colruytgroup.com/images/500x500/std.lang.all/10/99/asset-3351099.jpg",
    "squareImage": "https://static.colruytgroup.com/images/500x500sq/std.lang.all/10/99/asset-3351099.jpg",
    "content": "300g",
    "walkRouteSequenceNumber": 6717,
    "price": {
      "basicPrice": 2.59,
      "recommendedQuantity": "1.0",
      "measurementUnitPrice": 8.64,
      "measurementUnit": "K",
      "isRedPrice": true,
      "redPriceReason": "Promo",
      "pricePerUOM": 8.64,
      "activationDate": "13-03-2024",
      "isPromoActive": "Y",
      "priceChangeCode": "L"
    },
    "isAvailable": true,
    "isPriceAvailable": true,
    "inPromo": false,
    "gtin": [
      "05400141550283",
      "05400141235913",
      "05400141410846",
      "05400141179187",
      "15400141410843"
    ],
    "topCategoryName": "Bereidingen/Charcuterie/Vis/Veggie",
    "topCategoryId": "105",
    "businessDomain": "RETAIL_BE",
    "IsPrivateLabel": true,
    "IsBiffe": false,
    "WeightconversionFactor": "0",
    "IsWeightArticle": false,
    "nutriscoreLabel": "D",
    "IsBio": false,
    "CountryOfOrigin": "NEDERLAND",
    "IsExclusivelySoldInLuxembourg": false,
    "OrderUnit": "P",
    "ShortName": "BONI FOC.KR.BOT2X150",
    "IsNew": false,
    "EcoscoreLabel": "C",
    "RecentQuanityOfStockUnits": "1",
    "LongName": "BONI focaccia kruidenboter 300g",
    "AlcoholVolume": "0",
    "FicCode": "I",
    "EcoscoreValue": "59"
  },
  {
    "productId": "422003",
    "technicalArticleNumber": "3936838",
    "commercialArticleNumber": "27613",
    "name": "San Daniel",
    "description": "San Daniele, à partir de cuisses de\nporc national, salées et affinées dans\nune zone typique pour une période de\n14 mois minimum. A la fin de\nl'affinage, le jambons sont désossés,",
    "brand": "BONI",
    "seoBrand": "Boni Selection",
    "thumbNail": "https://static.colruytgroup.com/images/200x200/std.lang.all/99/71/asset-1619971.jpg",
    "fullImage": "https://static.colruytgroup.com/images/500x500/std.lang.all/99/71/asset-1619971.jpg",
    "squareImage": "https://static.colruytgroup.com/images/500x500sq/std.lang.all/99/71/asset-1619971.jpg",
    "content": "90g",
    "walkRouteSequenceNumber": 7839,
    "price": {
      "basicPrice": 3.29,
      "recommendedQuantity": "1.0",
      "measurementUnitPrice": 36.56,
      "measurementUnit": "K",
      "isRedPrice": false,
      "pricePerUOM": 36.56,
      "activationDate": "19-03-2024",
      "recordSource": "Offline",
      "isPromoActive": "N",
      "priceChangeCode": "L"
    },
    "isAvailable": true,
    "isPriceAvailable": true,
    "inPromo": false,
    "gtin": [
      "15400141372417",
      "15400141004837",
      "05400141372410",
      "05400141004830"
    ],
    "topCategoryName": "Bereidingen/Charcuterie/Vis/Veggie",
    "topCategoryId": "105",
    "businessDomain": "RETAIL_BE",
    "IsPrivateLabel": true,
    "IsBiffe": false,
    "WeightconversionFactor": "0",
    "IsWeightArticle": false,
    "nutriscoreLabel": "E",
    "IsBio": false,
    "CountryOfOrigin": "BELGIË",
    "IsExclusivelySoldInLuxembourg": false,
    "OrderUnit": "P",
    "ShortName": "BONI SAN DANIEL 90GR",
    "IsNew": false,
    "EcoscoreLabel": "E",
    "RecentQuanityOfStockUnits": "1",
    "LongName": "BONI San Daniel 90g",
    "AlcoholVolume": "0",
    "FicCode": "I",
    "EcoscoreValue": "2"
  },
  {
    "productId": "103239",
    "technicalArticleNumber": "3086336",
    "commercialArticleNumber": "40227",
    "name": "kabeljauwfilet graatloos MSC",
    "description": "*Wild, noord-\noostelijk deel van\nAtlantische oceaan\n*Graatloos, 2 stuks\n*met label MSC",
    "brand": "BONI",
    "seoBrand": "Boni Selection",
    "thumbNail": "https://static.colruytgroup.com/images/200x200/std.lang.all/77/89/asset-3197789.jpg",
    "fullImage": "https://static.colruytgroup.com/images/500x500/std.lang.all/77/89/asset-3197789.jpg",
    "squareImage": "https://static.colruytgroup.com/images/500x500sq/std.lang.all/77/89/asset-3197789.jpg",
    "content": "±300g",
    "walkRouteSequenceNumber": 7430,
    "price": {
      "basicPrice": 22.77,
      "recommendedQuantity": "0.3",
      "unit": "K",
      "quantityPrice": 19.59,
      "quantityPriceQuantity": "1.0",
      "measurementUnitPrice": 22.77,
      "measurementUnitQuantityPrice": 19.59,
      "measurementUnit": "K",
      "isRedPrice": false,
      "pricePerUOM": 22.77,
      "activationDate": "21-03-2024",
      "recordSource": "Offline",
      "isPromoActive": "N",
      "priceChangeCode": "E",
      "quantityPricePerUOM": 19.59,
      "quantityActivationDate": "21-03-2024",
      "quantityPriceChangeCode": "H"
    },
    "isAvailable": true,
    "isPriceAvailable": true,
    "inPromo": false,
    "gtin": [
      "95400141036872",
      "05400141036879"
    ],
    "topCategoryName": "Bereidingen/Charcuterie/Vis/Veggie",
    "topCategoryId": "105",
    "businessDomain": "RETAIL_BE",
    "IsPrivateLabel": true,
    "IsBiffe": false,
    "WeightconversionFactor": "300",
    "IsWeightArticle": true,
    "nutriscoreLabel": "A",
    "IsBio": false,
    "CountryOfOrigin": "BELGIË",
    "IsExclusivelySoldInLuxembourg": false,
    "OrderUnit": "P",
    "ShortName": "BONI KABELJ.FIL+-300G W",
    "IsNew": false,
    "EcoscoreLabel": "E",
    "RecentQuanityOfStockUnits": "1",
    "LongName": "BONI kabeljauwfilet graatloos MSC ±300g",
    "AlcoholVolume": "0",
    "FicCode": "I",
    "EcoscoreValue": "8"
  },
  {
    "productId": "102300",
    "technicalArticleNumber": "3115202",
    "commercialArticleNumber": "42878",
    "name": "spekrepen kalkoen gerookt",
    "description": "*België\n*Gerookt",
    "brand": "BONI",
    "seoBrand": "Boni Selection",
    "thumbNail": "https://static.colruytgroup.com/images/200x200/std.lang.all/86/48/asset-3348648.jpg",
    "fullImage": "https://static.colruytgroup.com/images/500x500/std.lang.all/86/48/asset-3348648.jpg",
    "squareImage": "https://static.colruytgroup.com/images/500x500sq/std.lang.all/86/48/asset-3348648.jpg",
    "content": "2x75g",
    "walkRouteSequenceNumber": 7847,
    "price": {
      "basicPrice": 3.79,
      "recommendedQuantity": "1.0",
      "measurementUnitPrice": 25.27,
      "measurementUnit": "K",
      "isRedPrice": false,
      "pricePerUOM": 25.27,
      "activationDate": "04-10-2023",
      "recordSource": "Offline",
      "isPromoActive": "N",
      "priceChangeCode": "E"
    },
    "isAvailable": true,
    "isPriceAvailable": true,
    "inPromo": false,
    "gtin": [
      "05400141071832",
      "05400141187960",
      "05400141375923",
      "15400141918837"
    ],
    "topCategoryName": "Bereidingen/Charcuterie/Vis/Veggie",
    "topCategoryId": "105",
    "businessDomain": "RETAIL_BE",
    "IsPrivateLabel": true,
    "IsBiffe": false,
    "WeightconversionFactor": "0",
    "IsWeightArticle": false,
    "nutriscoreLabel": "D",
    "IsBio": false,
    "CountryOfOrigin": "BELGIË",
    "IsExclusivelySoldInLuxembourg": false,
    "OrderUnit": "P",
    "ShortName": "BONI KALKOENSPEK2X75GR",
    "IsNew": false,
    "EcoscoreLabel": "D",
    "RecentQuanityOfStockUnits": "1",
    "LongName": "BONI spekrepen kalkoen gerookt 2x75g",
    "AlcoholVolume": "0",
    "FicCode": "I",
    "EcoscoreValue": "21"
  },
  {
    "productId": "907665",
    "technicalArticleNumber": "4758895",
    "commercialArticleNumber": "3013",
    "name": "gnocchi",
    "brand": "RANA",
    "seoBrand": "Giovanni Rana",
    "thumbNail": "https://static.colruytgroup.com/images/200x200/std.lang.all/81/02/asset-3378102.jpg",
    "fullImage": "https://static.colruytgroup.com/images/500x500/std.lang.all/81/02/asset-3378102.jpg",
    "squareImage": "https://static.colruytgroup.com/images/500x500sq/std.lang.all/81/02/asset-3378102.jpg",
    "content": "400g",
    "walkRouteSequenceNumber": 6696,
    "price": {
      "basicPrice": 3.49,
      "recommendedQuantity": "1.0",
      "measurementUnitPrice": 8.73,
      "measurementUnit": "K",
      "isRedPrice": false,
      "pricePerUOM": 8.73,
      "activationDate": "20-03-2024",
      "isPromoActive": "N",
      "priceChangeCode": "H"
    },
    "isAvailable": true,
    "isPriceAvailable": true,
    "inPromo": false,
    "gtin": [
      "08001665720373"
    ],
    "topCategoryName": "Bereidingen/Charcuterie/Vis/Veggie",
    "topCategoryId": "105",
    "businessDomain": "RETAIL_BE",
    "IsPrivateLabel": false,
    "IsBiffe": false,
    "WeightconversionFactor": "0",
    "IsWeightArticle": false,
    "IsBio": false,
    "CountryOfOrigin": "ITALIË",
    "IsExclusivelySoldInLuxembourg": false,
    "OrderUnit": "P",
    "ShortName": "RANA GNOCCHI 400G",
    "IsNew": false,
    "EcoscoreLabel": "B",
    "RecentQuanityOfStockUnits": "1",
    "LongName": "RANA gnocchi 400g",
    "AlcoholVolume": "0",
    "FicCode": "E",
    "EcoscoreValue": "77"
  },
  {
    "productId": "122359",
    "technicalArticleNumber": "3188225",
    "commercialArticleNumber": "26734",
    "name": "Minestrone",
    "description": "Verse minestronesoep. Opwarmen in een\nsteelpannetje of in de microgolfoven.",
    "brand": "BONI",
    "seoBrand": "Boni Selection",
    "thumbNail": "https://static.colruytgroup.com/images/200x200/std.lang.all/09/70/asset-3350970.jpg",
    "fullImage": "https://static.colruytgroup.com/images/500x500/std.lang.all/09/70/asset-3350970.jpg",
    "squareImage": "https://static.colruytgroup.com/images/500x500sq/std.lang.all/09/70/asset-3350970.jpg",
    "content": "950ml",
    "walkRouteSequenceNumber": 6635,
    "price": {
      "basicPrice": 2.99,
      "recommendedQuantity": "1.0",
      "measurementUnitPrice": 3.15,
      "measurementUnit": "L",
      "isRedPrice": false,
      "pricePerUOM": 3.15,
      "activationDate": "31-01-2024",
      "isPromoActive": "N",
      "priceChangeCode": "H"
    },
    "isAvailable": true,
    "isPriceAvailable": true,
    "inPromo": false,
    "gtin": [
      "05400141158854",
      "05400141628357",
      "05400141022667",
      "05400141425208",
      "05400141700367"
    ],
    "topCategoryName": "Bereidingen/Charcuterie/Vis/Veggie",
    "topCategoryId": "105",
    "businessDomain": "RETAIL_BE",
    "IsPrivateLabel": true,
    "IsBiffe": false,
    "WeightconversionFactor": "0",
    "IsWeightArticle": false,
    "nutriscoreLabel": "C",
    "IsBio": false,
    "CountryOfOrigin": "BELGIË",
    "IsExclusivelySoldInLuxembourg": false,
    "OrderUnit": "P",
    "ShortName": "BONI MINES.SOEP950ML",
    "InSeason": true,
    "IsNew": false,
    "EcoscoreLabel": "A",
    "RecentQuanityOfStockUnits": "1",
    "LongName": "BONI Minestrone 950ml",
    "AlcoholVolume": "0",
    "StartSeasonDate": "21/09/2020",
    "FicCode": "I",
    "EcoscoreValue": "100"
  },
  {
    "productId": "809242",
    "technicalArticleNumber": "4631489",
    "commercialArticleNumber": "10978",
    "name": "duopack salami-kaas",
    "brand": "DELIMELO",
    "seoBrand": "Delimelo",
    "thumbNail": "https://static.colruytgroup.com/images/200x200/std.lang.all/60/24/asset-2946024.jpg",
    "fullImage": "https://static.colruytgroup.com/images/500x500/std.lang.all/60/24/asset-2946024.jpg",
    "squareImage": "https://static.colruytgroup.com/images/500x500sq/std.lang.all/60/24/asset-2946024.jpg",
    "content": "325g",
    "walkRouteSequenceNumber": 5586,
    "price": {
      "basicPrice": 6.99,
      "recommendedQuantity": "1.0",
      "measurementUnitPrice": 21.51,
      "measurementUnit": "K",
      "isRedPrice": false,
      "pricePerUOM": 21.51,
      "activationDate": "17-02-2024",
      "recordSource": "Online",
      "isPromoActive": "N",
      "priceChangeCode": "E"
    },
    "isAvailable": true,
    "isPriceAvailable": true,
    "inPromo": false,
    "gtin": [
      "05420030616371",
      "05420030616388"
    ],
    "topCategoryName": "Bereidingen/Charcuterie/Vis/Veggie",
    "topCategoryId": "105",
    "businessDomain": "RETAIL_BE",
    "IsPrivateLabel": false,
    "IsBiffe": false,
    "WeightconversionFactor": "0",
    "IsWeightArticle": false,
    "IsBio": false,
    "CountryOfOrigin": "BELGIË",
    "IsExclusivelySoldInLuxembourg": false,
    "OrderUnit": "P",
    "ShortName": "DELI SALAMI-KAAS 325G",
    "IsNew": false,
    "RecentQuanityOfStockUnits": "1",
    "LongName": "DELIMELO duopack salami-kaas 325g",
    "FicCode": "E"
  },
  {
    "productId": "120015",
    "technicalArticleNumber": "3073005",
    "commercialArticleNumber": "31434",
    "name": "Tagliatelle carbonara",
    "description": "* 9 % spekblokjes\n* Microgolfoven",
    "brand": "BONI",
    "seoBrand": "Boni Selection",
    "thumbNail": "https://static.colruytgroup.com/images/200x200/std.lang.all/87/43/asset-3208743.jpg",
    "fullImage": "https://static.colruytgroup.com/images/500x500/std.lang.all/87/43/asset-3208743.jpg",
    "squareImage": "https://static.colruytgroup.com/images/500x500sq/std.lang.all/87/43/asset-3208743.jpg",
    "content": "450g",
    "walkRouteSequenceNumber": 6601,
    "price": {
      "basicPrice": 3.39,
      "recommendedQuantity": "1.0",
      "measurementUnitPrice": 7.54,
      "measurementUnit": "K",
      "isRedPrice": false,
      "pricePerUOM": 7.54,
      "activationDate": "19-03-2024",
      "recordSource": "Offline",
      "isPromoActive": "N",
      "priceChangeCode": "H"
    },
    "isAvailable": true,
    "isPriceAvailable": true,
    "inPromo": false,
    "gtin": [
      "05400141042603",
      "15400141358343",
      "05400141159523",
      "05400141156348",
      "05400141358346"
    ],
    "topCategoryName": "Bereidingen/Charcuterie/Vis/Veggie",
    "topCategoryId": "105",
    "businessDomain": "RETAIL_BE",
    "IsPrivateLabel": true,
    "IsBiffe": false,
    "WeightconversionFactor": "0",
    "IsWeightArticle": false,
    "nutriscoreLabel": "C",
    "IsBio": false,
    "CountryOfOrigin": "BELGIË",
    "IsExclusivelySoldInLuxembourg": false,
    "OrderUnit": "P",
    "ShortName": "BONI TAGL CARBONAR 450",
    "IsNew": false,
    "EcoscoreLabel": "B",
    "RecentQuanityOfStockUnits": "1",
    "LongName": "BONI Tagliatelle carbonara 450g",
    "AlcoholVolume": "0",
    "FicCode": "I",
    "EcoscoreValue": "70"
  },
  {
    "productId": "118038",
    "technicalArticleNumber": "3072106",
    "commercialArticleNumber": "8541",
    "name": "ansjovisfilet olie nat. MSC",
    "description": "*Wild, Middellandse\nen Zwarte zee\n*met label MSC",
    "brand": "BONI",
    "seoBrand": "Boni Selection",
    "thumbNail": "https://static.colruytgroup.com/images/200x200/std.lang.all/01/63/asset-2730163.jpg",
    "fullImage": "https://static.colruytgroup.com/images/500x500/std.lang.all/01/63/asset-2730163.jpg",
    "squareImage": "https://static.colruytgroup.com/images/500x500sq/std.lang.all/01/63/asset-2730163.jpg",
    "content": "200g",
    "walkRouteSequenceNumber": 7472,
    "price": {
      "basicPrice": 2.99,
      "recommendedQuantity": "1.0",
      "measurementUnitPrice": 14.95,
      "measurementUnit": "K",
      "isRedPrice": false,
      "pricePerUOM": 14.95,
      "activationDate": "15-02-2024",
      "recordSource": "Offline",
      "isPromoActive": "N",
      "priceChangeCode": "E"
    },
    "isAvailable": true,
    "isPriceAvailable": true,
    "inPromo": false,
    "gtin": [
      "05400141339550",
      "15400141477280",
      "15400141963530",
      "05400141413168",
      "05400141477283",
      "15400141939528",
      "05400141208801"
    ],
    "topCategoryName": "Bereidingen/Charcuterie/Vis/Veggie",
    "topCategoryId": "105",
    "businessDomain": "RETAIL_BE",
    "IsPrivateLabel": true,
    "IsBiffe": false,
    "WeightconversionFactor": "0",
    "IsWeightArticle": false,
    "nutriscoreLabel": "D",
    "IsBio": false,
    "CountryOfOrigin": "SPANJE",
    "IsExclusivelySoldInLuxembourg": false,
    "OrderUnit": "P",
    "ShortName": "BONI ANSJ. NATUUR 200G",
    "IsNew": false,
    "EcoscoreLabel": "B",
    "RecentQuanityOfStockUnits": "1,10",
    "LongName": "BONI ansjovisfilet olie nat. MSC 200g",
    "AlcoholVolume": "0",
    "FicCode": "I",
    "EcoscoreValue": "72"
  },
  {
    "productId": "118023",
    "technicalArticleNumber": "3072068",
    "commercialArticleNumber": "31350",
    "name": "quiche lorraine",
    "description": "*Eieren, 7,3 % spek,\n7,3 % ham, ui\n*In de oven",
    "brand": "BONI",
    "seoBrand": "Boni Selection",
    "thumbNail": "https://static.colruytgroup.com/images/200x200/std.lang.all/10/92/asset-3351092.jpg",
    "fullImage": "https://static.colruytgroup.com/images/500x500/std.lang.all/10/92/asset-3351092.jpg",
    "squareImage": "https://static.colruytgroup.com/images/500x500sq/std.lang.all/10/92/asset-3351092.jpg",
    "content": "300g",
    "walkRouteSequenceNumber": 6724,
    "price": {
      "basicPrice": 2.24,
      "recommendedQuantity": "1.0",
      "measurementUnitPrice": 7.47,
      "measurementUnit": "K",
      "isRedPrice": false,
      "pricePerUOM": 7.47,
      "activationDate": "30-01-2024",
      "recordSource": "Offline",
      "isPromoActive": "N",
      "priceChangeCode": "L"
    },
    "isAvailable": true,
    "isPriceAvailable": true,
    "inPromo": false,
    "gtin": [
      "05400141421019",
      "05400141159462",
      "05400141299366"
    ],
    "topCategoryName": "Bereidingen/Charcuterie/Vis/Veggie",
    "topCategoryId": "105",
    "businessDomain": "RETAIL_BE",
    "IsPrivateLabel": true,
    "IsBiffe": false,
    "WeightconversionFactor": "0",
    "IsWeightArticle": false,
    "nutriscoreLabel": "D",
    "IsBio": false,
    "CountryOfOrigin": "BELGIË",
    "IsExclusivelySoldInLuxembourg": false,
    "OrderUnit": "P",
    "ShortName": "BONI QUICHE LORR 300GR",
    "IsNew": false,
    "EcoscoreLabel": "C",
    "RecentQuanityOfStockUnits": "1",
    "LongName": "BONI quiche lorraine 300g",
    "AlcoholVolume": "0",
    "FicCode": "I",
    "EcoscoreValue": "50"
  },
  {
    "productId": "11423",
    "technicalArticleNumber": "1373450",
    "commercialArticleNumber": "27447",
    "name": "gekookte ham",
    "description": "*België\n*Gekookt\n*Boterham, koud\nbuffet, in salades,\nwarme gerechten",
    "brand": "BONI BIO",
    "seoBrand": "Boni Selection Bio",
    "thumbNail": "https://static.colruytgroup.com/images/200x200/std.lang.all/61/02/asset-3356102.jpg",
    "fullImage": "https://static.colruytgroup.com/images/500x500/std.lang.all/61/02/asset-3356102.jpg",
    "squareImage": "https://static.colruytgroup.com/images/500x500sq/std.lang.all/61/02/asset-3356102.jpg",
    "content": "150g",
    "walkRouteSequenceNumber": 7864,
    "price": {
      "basicPrice": 4.75,
      "recommendedQuantity": "1.0",
      "measurementUnitPrice": 31.67,
      "measurementUnit": "K",
      "isRedPrice": false,
      "pricePerUOM": 31.67,
      "activationDate": "13-12-2023",
      "recordSource": "Offline",
      "isPromoActive": "N",
      "priceChangeCode": "E"
    },
    "isAvailable": true,
    "isPriceAvailable": true,
    "inPromo": false,
    "gtin": [
      "05400141325683",
      "25400141364600",
      "05400141364606"
    ],
    "topCategoryName": "Bereidingen/Charcuterie/Vis/Veggie",
    "topCategoryId": "105",
    "businessDomain": "RETAIL_BE",
    "IsPrivateLabel": true,
    "IsBiffe": false,
    "WeightconversionFactor": "0",
    "IsWeightArticle": false,
    "nutriscoreLabel": "D",
    "IsBio": true,
    "CountryOfOrigin": "BELGIË",
    "IsExclusivelySoldInLuxembourg": false,
    "OrderUnit": "P",
    "ShortName": "BONI BIO GEK HAM 150GR",
    "IsNew": false,
    "EcoscoreLabel": "D",
    "RecentQuanityOfStockUnits": "1",
    "LongName": "BONI BIO gekookte ham 150g",
    "AlcoholVolume": "0",
    "FicCode": "I",
    "EcoscoreValue": "32"
  },
  {
    "productId": "159973",
    "technicalArticleNumber": "3286566",
    "commercialArticleNumber": "32979",
    "name": "spekblokjes gerookt",
    "description": "*Frankrijk\n*Gerookt",
    "brand": "HERTA",
    "seoBrand": "Herta",
    "thumbNail": "https://static.colruytgroup.com/images/200x200/std.lang.all/42/52/asset-3414252.jpg",
    "fullImage": "https://static.colruytgroup.com/images/500x500/std.lang.all/42/52/asset-3414252.jpg",
    "squareImage": "https://static.colruytgroup.com/images/500x500sq/std.lang.all/42/52/asset-3414252.jpg",
    "content": "200g",
    "walkRouteSequenceNumber": 7747,
    "price": {
      "basicPrice": 2.69,
      "recommendedQuantity": "1.0",
      "measurementUnitPrice": 13.45,
      "measurementUnit": "K",
      "isRedPrice": false,
      "pricePerUOM": 13.45,
      "activationDate": "08-02-2024",
      "recordSource": "Offline",
      "isPromoActive": "N",
      "priceChangeCode": "E"
    },
    "isAvailable": true,
    "isPriceAvailable": true,
    "inPromo": true,
    "promotion": [
      {
        "techPromoId": "100936COLR",
        "promotionId": "100936",
        "promotionType": "3",
        "isPersonalized": "N",
        "publicationStartDate": "13-03-2024",
        "publicationEndDate": "26-03-2024"
      }
    ],
    "gtin": [
      "03154230813965",
      "08005420112687",
      "07613036955331",
      "05410573037313",
      "07613036955324"
    ],
    "topCategoryName": "Bereidingen/Charcuterie/Vis/Veggie",
    "topCategoryId": "105",
    "businessDomain": "RETAIL_BE",
    "IsPrivateLabel": false,
    "IsBiffe": false,
    "WeightconversionFactor": "0",
    "IsWeightArticle": false,
    "nutriscoreLabel": "D",
    "IsBio": false,
    "CountryOfOrigin": "BELGIË",
    "IsExclusivelySoldInLuxembourg": false,
    "OrderUnit": "P",
    "ShortName": "HERTA GER SPEKBLOK 200G",
    "IsNew": false,
    "RecentQuanityOfStockUnits": "1",
    "LongName": "HERTA spekblokjes gerookt 200g",
    "AlcoholVolume": "0",
    "FicCode": "E"
  },
  {
    "productId": "90879",
    "technicalArticleNumber": "2953703",
    "commercialArticleNumber": "38785",
    "name": "pizza 3 formaggi",
    "description": "*Emmentaler, cheddar\nmozzarella\n*In de oven",
    "brand": "EVERYDAY",
    "seoBrand": "Everyday",
    "thumbNail": "https://static.colruytgroup.com/images/200x200/std.lang.all/70/19/asset-827019.jpg",
    "fullImage": "https://static.colruytgroup.com/images/500x500/std.lang.all/70/19/asset-827019.jpg",
    "squareImage": "https://static.colruytgroup.com/images/500x500sq/std.lang.all/70/19/asset-827019.jpg",
    "content": "450g",
    "walkRouteSequenceNumber": 6684,
    "price": {
      "basicPrice": 2.39,
      "recommendedQuantity": "1.0",
      "measurementUnitPrice": 5.32,
      "measurementUnit": "K",
      "isRedPrice": false,
      "pricePerUOM": 5.32,
      "activationDate": "12-07-2023",
      "recordSource": "Offline",
      "isPromoActive": "N",
      "priceChangeCode": "L"
    },
    "isAvailable": true,
    "isPriceAvailable": true,
    "inPromo": false,
    "gtin": [
      "15400141828624",
      "15400141837787",
      "15400141855354",
      "15400141972624",
      "05400141044102",
      "05400141069891",
      "05400141376807",
      "05400141837780",
      "05400141359237"
    ],
    "topCategoryName": "Bereidingen/Charcuterie/Vis/Veggie",
    "topCategoryId": "105",
    "businessDomain": "RETAIL_BE",
    "IsPrivateLabel": true,
    "IsBiffe": false,
    "WeightconversionFactor": "0",
    "IsWeightArticle": false,
    "nutriscoreLabel": "D",
    "IsBio": false,
    "CountryOfOrigin": "FRANKRIJK",
    "IsExclusivelySoldInLuxembourg": false,
    "OrderUnit": "P",
    "ShortName": "EVD PIZZA 3 FORM. 450G",
    "IsNew": false,
    "EcoscoreLabel": "C",
    "RecentQuanityOfStockUnits": "1",
    "LongName": "EVERYDAY pizza 3 formaggi 450g",
    "AlcoholVolume": "0",
    "FicCode": "I",
    "EcoscoreValue": "50"
  },
  {
    "productId": "436841",
    "technicalArticleNumber": "3981454",
    "commercialArticleNumber": "27656",
    "name": "gv scampi dille",
    "brand": "BONI",
    "seoBrand": "Boni Selection",
    "thumbNail": "https://static.colruytgroup.com/images/200x200/std.lang.all/19/04/asset-2461904.jpg",
    "fullImage": "https://static.colruytgroup.com/images/500x500/std.lang.all/19/04/asset-2461904.jpg",
    "squareImage": "https://static.colruytgroup.com/images/500x500sq/std.lang.all/19/04/asset-2461904.jpg",
    "content": "160g",
    "walkRouteSequenceNumber": 7940,
    "price": {
      "basicPrice": 3.49,
      "recommendedQuantity": "1.0",
      "measurementUnitPrice": 21.82,
      "measurementUnit": "K",
      "isRedPrice": false,
      "pricePerUOM": 21.82,
      "activationDate": "12-12-2023",
      "isPromoActive": "N",
      "priceChangeCode": "H"
    },
    "isAvailable": true,
    "isPriceAvailable": true,
    "inPromo": false,
    "gtin": [
      "05400141241563",
      "05400141333862",
      "05400141803112"
    ],
    "topCategoryName": "Bereidingen/Charcuterie/Vis/Veggie",
    "topCategoryId": "105",
    "businessDomain": "RETAIL_BE",
    "IsPrivateLabel": true,
    "IsBiffe": false,
    "WeightconversionFactor": "0",
    "IsWeightArticle": false,
    "nutriscoreLabel": "D",
    "IsBio": false,
    "CountryOfOrigin": "BELGIË",
    "IsExclusivelySoldInLuxembourg": false,
    "OrderUnit": "P",
    "ShortName": "BONI GV SCAMPI DIL 160G",
    "IsNew": false,
    "EcoscoreLabel": "C",
    "RecentQuanityOfStockUnits": "1",
    "LongName": "BONI gv scampi dille 160g",
    "AlcoholVolume": "0",
    "FicCode": "I",
    "EcoscoreValue": "49"
  },
  {
    "productId": "98629",
    "technicalArticleNumber": "2806661",
    "commercialArticleNumber": "17446",
    "name": "paardenfilet sneetjes",
    "description": "*België\n*Gerookt, gezouten",
    "brand": "BONI",
    "seoBrand": "Boni Selection",
    "thumbNail": "https://static.colruytgroup.com/images/200x200/std.lang.all/36/88/asset-3353688.jpg",
    "fullImage": "https://static.colruytgroup.com/images/500x500/std.lang.all/36/88/asset-3353688.jpg",
    "squareImage": "https://static.colruytgroup.com/images/500x500sq/std.lang.all/36/88/asset-3353688.jpg",
    "content": "150g",
    "walkRouteSequenceNumber": 7792,
    "price": {
      "basicPrice": 4.2,
      "recommendedQuantity": "1.0",
      "measurementUnitPrice": 28,
      "measurementUnit": "K",
      "isRedPrice": false,
      "pricePerUOM": 28,
      "activationDate": "07-02-2024",
      "recordSource": "Offline",
      "isPromoActive": "N",
      "priceChangeCode": "H"
    },
    "isAvailable": true,
    "isPriceAvailable": true,
    "inPromo": false,
    "gtin": [
      "15400141912514",
      "05400141196795",
      "05400141026993",
      "15400141323747",
      "05400141367560"
    ],
    "topCategoryName": "Bereidingen/Charcuterie/Vis/Veggie",
    "topCategoryId": "105",
    "businessDomain": "RETAIL_BE",
    "IsPrivateLabel": true,
    "IsBiffe": false,
    "WeightconversionFactor": "0",
    "IsWeightArticle": false,
    "nutriscoreLabel": "D",
    "IsBio": false,
    "CountryOfOrigin": "BELGIË",
    "IsExclusivelySoldInLuxembourg": false,
    "OrderUnit": "P",
    "ShortName": "BONI PAARDEFILET 150G",
    "IsNew": false,
    "RecentQuanityOfStockUnits": "1",
    "LongName": "BONI paardenfilet sneetjes 150g",
    "AlcoholVolume": "0",
    "FicCode": "I"
  },
  {
    "productId": "86590",
    "technicalArticleNumber": "2947752",
    "commercialArticleNumber": "3425",
    "name": "rondo spin-kaas veg",
    "description": "*Burger\n*Met spinazie,\nvegetarische kaas,\nbasilicum\n*Veggie",
    "brand": "GARDEN GOURMET",
    "seoBrand": "Garden Gourmet",
    "thumbNail": "https://static.colruytgroup.com/images/200x200/std.lang.all/26/72/asset-3252672.jpg",
    "fullImage": "https://static.colruytgroup.com/images/500x500/std.lang.all/26/72/asset-3252672.jpg",
    "squareImage": "https://static.colruytgroup.com/images/500x500sq/std.lang.all/26/72/asset-3252672.jpg",
    "content": "180g",
    "walkRouteSequenceNumber": 7606,
    "price": {
      "basicPrice": 2.49,
      "recommendedQuantity": "1.0",
      "measurementUnitPrice": 13.84,
      "measurementUnit": "K",
      "isRedPrice": false,
      "pricePerUOM": 13.84,
      "activationDate": "23-03-2024",
      "recordSource": "Folder",
      "isPromoActive": "N",
      "priceChangeCode": "E"
    },
    "isAvailable": true,
    "isPriceAvailable": true,
    "inPromo": false,
    "gtin": [
      "07290012521317",
      "07613039676431",
      "07613287100177"
    ],
    "topCategoryName": "Bereidingen/Charcuterie/Vis/Veggie",
    "topCategoryId": "105",
    "businessDomain": "RETAIL_BE",
    "IsPrivateLabel": false,
    "IsBiffe": false,
    "WeightconversionFactor": "0",
    "IsWeightArticle": false,
    "nutriscoreLabel": "C",
    "IsBio": false,
    "CountryOfOrigin": "TSJECHIË (REPUBLIEK)",
    "IsExclusivelySoldInLuxembourg": false,
    "OrderUnit": "P",
    "ShortName": "GG SPIN-KAAS RONDO 180G",
    "IsNew": false,
    "RecentQuanityOfStockUnits": "1",
    "LongName": "GARDEN GOURMET rondo spin-kaas veg 180g",
    "AlcoholVolume": "0",
    "FicCode": "E"
  },
  {
    "productId": "339577",
    "technicalArticleNumber": "3822762",
    "commercialArticleNumber": "21126",
    "name": "wokreepjes vegetarisch",
    "description": "*Op basis van\nplantaardige\neiwitten",
    "brand": "BONI",
    "seoBrand": "Boni Selection",
    "thumbNail": "https://static.colruytgroup.com/images/200x200/std.lang.all/81/44/asset-3028144.jpg",
    "fullImage": "https://static.colruytgroup.com/images/500x500/std.lang.all/81/44/asset-3028144.jpg",
    "squareImage": "https://static.colruytgroup.com/images/500x500sq/std.lang.all/81/44/asset-3028144.jpg",
    "content": "200g",
    "walkRouteSequenceNumber": 7621,
    "price": {
      "basicPrice": 1.88,
      "recommendedQuantity": "1.0",
      "measurementUnitPrice": 9.4,
      "measurementUnit": "K",
      "isRedPrice": false,
      "pricePerUOM": 9.4,
      "activationDate": "19-03-2024",
      "recordSource": "Offline",
      "isPromoActive": "N",
      "priceChangeCode": "H"
    },
    "isAvailable": true,
    "isPriceAvailable": true,
    "inPromo": true,
    "promotion": [
      {
        "techPromoId": "100899COLR",
        "promotionId": "100899",
        "promotionType": "3",
        "isPersonalized": "N",
        "publicationStartDate": "13-03-2024",
        "publicationEndDate": "26-03-2024"
      }
    ],
    "gtin": [
      "05400141449273",
      "15400141449270",
      "15400141516590",
      "05400141156522",
      "15400141344070",
      "05400141344073",
      "05400141210989",
      "05400141516579",
      "05400141926880",
      "15400141926887",
      "35400141516570"
    ],
    "topCategoryName": "Bereidingen/Charcuterie/Vis/Veggie",
    "topCategoryId": "105",
    "businessDomain": "RETAIL_BE",
    "IsPrivateLabel": true,
    "IsBiffe": false,
    "WeightconversionFactor": "0",
    "IsWeightArticle": false,
    "nutriscoreLabel": "B",
    "IsBio": false,
    "CountryOfOrigin": "NEDERLAND",
    "IsExclusivelySoldInLuxembourg": false,
    "OrderUnit": "P",
    "ShortName": "BONI VEG.WOKREEPJ.200G",
    "IsNew": false,
    "EcoscoreLabel": "C",
    "RecentQuanityOfStockUnits": "1",
    "LongName": "BONI wokreepjes vegetarisch 200g",
    "AlcoholVolume": "0",
    "FicCode": "I",
    "EcoscoreValue": "57"
  },
  {
    "productId": "83511",
    "technicalArticleNumber": "2935833",
    "commercialArticleNumber": "38797",
    "name": "tonijnsalade",
    "description": "Salade met tonijn en ei",
    "brand": "DÉLIO",
    "seoBrand": "Délio",
    "thumbNail": "https://static.colruytgroup.com/images/200x200/std.lang.all/27/76/asset-3172776.jpg",
    "fullImage": "https://static.colruytgroup.com/images/500x500/std.lang.all/27/76/asset-3172776.jpg",
    "squareImage": "https://static.colruytgroup.com/images/500x500sq/std.lang.all/27/76/asset-3172776.jpg",
    "content": "180g",
    "walkRouteSequenceNumber": 7915,
    "price": {
      "basicPrice": 2.79,
      "recommendedQuantity": "1.0",
      "measurementUnitPrice": 15.5,
      "measurementUnit": "K",
      "isRedPrice": false,
      "pricePerUOM": 15.5,
      "activationDate": "23-03-2024",
      "recordSource": "Offline",
      "isPromoActive": "N",
      "priceChangeCode": "E"
    },
    "isAvailable": true,
    "isPriceAvailable": true,
    "inPromo": false,
    "gtin": [
      "05411153009089",
      "15411153009086"
    ],
    "topCategoryName": "Bereidingen/Charcuterie/Vis/Veggie",
    "topCategoryId": "105",
    "businessDomain": "RETAIL_BE",
    "IsPrivateLabel": false,
    "IsBiffe": false,
    "WeightconversionFactor": "0",
    "IsWeightArticle": false,
    "nutriscoreLabel": "C",
    "IsBio": false,
    "CountryOfOrigin": "BELGIË",
    "IsExclusivelySoldInLuxembourg": false,
    "OrderUnit": "P",
    "ShortName": "D TONIJNSALADE 180G",
    "IsNew": false,
    "EcoscoreLabel": "B",
    "RecentQuanityOfStockUnits": "1",
    "LongName": "DÉLIO tonijnsalade 180g",
    "AlcoholVolume": "0",
    "FicCode": "E",
    "EcoscoreValue": "60"
  },
  {
    "productId": "795505",
    "technicalArticleNumber": "4604975",
    "commercialArticleNumber": "21822",
    "name": "gerookte makreelhaasje",
    "brand": "BONI",
    "seoBrand": "Boni Selection",
    "thumbNail": "https://static.colruytgroup.com/images/200x200/std.lang.all/91/38/asset-2879138.jpg",
    "fullImage": "https://static.colruytgroup.com/images/500x500/std.lang.all/91/38/asset-2879138.jpg",
    "squareImage": "https://static.colruytgroup.com/images/500x500sq/std.lang.all/91/38/asset-2879138.jpg",
    "content": "150g",
    "walkRouteSequenceNumber": 7478,
    "price": {
      "basicPrice": 3.99,
      "recommendedQuantity": "1.0",
      "measurementUnitPrice": 26.6,
      "measurementUnit": "K",
      "isRedPrice": false,
      "pricePerUOM": 26.6,
      "activationDate": "13-03-2024",
      "recordSource": "Offline",
      "isPromoActive": "N",
      "priceChangeCode": "L"
    },
    "isAvailable": true,
    "isPriceAvailable": true,
    "inPromo": false,
    "gtin": [
      "05400141433678"
    ],
    "topCategoryName": "Bereidingen/Charcuterie/Vis/Veggie",
    "topCategoryId": "105",
    "businessDomain": "RETAIL_BE",
    "IsPrivateLabel": true,
    "IsBiffe": false,
    "WeightconversionFactor": "0",
    "IsWeightArticle": false,
    "nutriscoreLabel": "D",
    "IsBio": false,
    "CountryOfOrigin": "VERENIGD KONINKRIJK",
    "IsExclusivelySoldInLuxembourg": false,
    "OrderUnit": "P",
    "ShortName": "BONI GER.MAKREELHAAS150",
    "IsNew": false,
    "EcoscoreLabel": "C",
    "RecentQuanityOfStockUnits": "1",
    "LongName": "BONI gerookte makreelhaasje 150g",
    "FicCode": "I",
    "EcoscoreValue": "58"
  },
  {
    "productId": "162235",
    "technicalArticleNumber": "3266168",
    "commercialArticleNumber": "36577",
    "name": "kipsalade Mexicana",
    "description": "*49 % kip\n*Met Mexicaanse saus",
    "brand": "BONI",
    "seoBrand": "Boni Selection",
    "thumbNail": "https://static.colruytgroup.com/images/200x200/std.lang.all/93/34/asset-2459334.jpg",
    "fullImage": "https://static.colruytgroup.com/images/500x500/std.lang.all/93/34/asset-2459334.jpg",
    "squareImage": "https://static.colruytgroup.com/images/500x500sq/std.lang.all/93/34/asset-2459334.jpg",
    "content": "200g",
    "walkRouteSequenceNumber": 7949,
    "price": {
      "basicPrice": 2.65,
      "recommendedQuantity": "1.0",
      "measurementUnitPrice": 13.25,
      "measurementUnit": "K",
      "isRedPrice": false,
      "pricePerUOM": 13.25,
      "activationDate": "17-11-2023",
      "isPromoActive": "N",
      "priceChangeCode": "E"
    },
    "isAvailable": true,
    "isPriceAvailable": true,
    "inPromo": false,
    "gtin": [
      "05400141615807",
      "05400141351422",
      "05400141189391",
      "05400141800937"
    ],
    "topCategoryName": "Bereidingen/Charcuterie/Vis/Veggie",
    "topCategoryId": "105",
    "businessDomain": "RETAIL_BE",
    "IsPrivateLabel": true,
    "IsBiffe": false,
    "WeightconversionFactor": "0",
    "IsWeightArticle": false,
    "nutriscoreLabel": "D",
    "IsBio": false,
    "CountryOfOrigin": "BELGIË",
    "IsExclusivelySoldInLuxembourg": false,
    "OrderUnit": "P",
    "ShortName": "BONI MEX KIPSALADE200G",
    "IsNew": false,
    "EcoscoreLabel": "E",
    "RecentQuanityOfStockUnits": "1",
    "LongName": "BONI kipsalade Mexicana 200g",
    "AlcoholVolume": "0",
    "FicCode": "I",
    "EcoscoreValue": "19"
  },
  {
    "productId": "556005",
    "technicalArticleNumber": "4190258",
    "commercialArticleNumber": "27567",
    "name": "Boerenpaté",
    "description": "Halfgrove paté in snede 170g",
    "brand": "EVERYDAY",
    "seoBrand": "Everyday",
    "thumbNail": "https://static.colruytgroup.com/images/200x200/std.lang.all/20/47/asset-2042047.jpg",
    "fullImage": "https://static.colruytgroup.com/images/500x500/std.lang.all/20/47/asset-2042047.jpg",
    "squareImage": "https://static.colruytgroup.com/images/500x500sq/std.lang.all/20/47/asset-2042047.jpg",
    "content": "170g",
    "walkRouteSequenceNumber": 7712,
    "price": {
      "basicPrice": 1.49,
      "recommendedQuantity": "1.0",
      "measurementUnitPrice": 8.77,
      "measurementUnit": "K",
      "isRedPrice": false,
      "pricePerUOM": 8.77,
      "activationDate": "28-02-2024",
      "recordSource": "Offline",
      "isPromoActive": "N",
      "priceChangeCode": "L"
    },
    "isAvailable": true,
    "isPriceAvailable": true,
    "inPromo": false,
    "gtin": [
      "05400141343403",
      "15400141343400"
    ],
    "topCategoryName": "Bereidingen/Charcuterie/Vis/Veggie",
    "topCategoryId": "105",
    "businessDomain": "RETAIL_BE",
    "IsPrivateLabel": true,
    "IsBiffe": false,
    "WeightconversionFactor": "0",
    "IsWeightArticle": false,
    "nutriscoreLabel": "D",
    "IsBio": false,
    "CountryOfOrigin": "BELGIË",
    "IsExclusivelySoldInLuxembourg": false,
    "OrderUnit": "P",
    "ShortName": "EVD BOERENPATE 170G",
    "IsNew": false,
    "EcoscoreLabel": "E",
    "RecentQuanityOfStockUnits": "1",
    "LongName": "EVERYDAY Boerenpaté 170g",
    "AlcoholVolume": "0",
    "FicCode": "I",
    "EcoscoreValue": "19"
  },
  {
    "productId": "126107",
    "technicalArticleNumber": "3228386",
    "commercialArticleNumber": "35938",
    "name": "blokpaté sneetjes",
    "description": "*België\n*Boterham,\naperitief, op toast",
    "brand": "BONI",
    "seoBrand": "Boni Selection",
    "thumbNail": "https://static.colruytgroup.com/images/200x200/std.lang.all/27/84/asset-3362784.jpg",
    "fullImage": "https://static.colruytgroup.com/images/500x500/std.lang.all/27/84/asset-3362784.jpg",
    "squareImage": "https://static.colruytgroup.com/images/500x500sq/std.lang.all/27/84/asset-3362784.jpg",
    "content": "150g",
    "walkRouteSequenceNumber": 7708,
    "price": {
      "basicPrice": 1.85,
      "recommendedQuantity": "1.0",
      "measurementUnitPrice": 12.34,
      "measurementUnit": "K",
      "isRedPrice": false,
      "pricePerUOM": 12.34,
      "activationDate": "17-02-2024",
      "recordSource": "Offline",
      "isPromoActive": "N",
      "priceChangeCode": "E"
    },
    "isAvailable": true,
    "isPriceAvailable": true,
    "inPromo": false,
    "gtin": [
      "05400141445312",
      "05400141624533",
      "05400141189261",
      "05400141370720",
      "15400141917731",
      "05400141777673"
    ],
    "topCategoryName": "Bereidingen/Charcuterie/Vis/Veggie",
    "topCategoryId": "105",
    "businessDomain": "RETAIL_BE",
    "IsPrivateLabel": true,
    "IsBiffe": false,
    "WeightconversionFactor": "0",
    "IsWeightArticle": false,
    "nutriscoreLabel": "D",
    "IsBio": false,
    "CountryOfOrigin": "BELGIË",
    "IsExclusivelySoldInLuxembourg": false,
    "OrderUnit": "P",
    "ShortName": "BONI BLOKPATE 150GR",
    "IsNew": false,
    "EcoscoreLabel": "E",
    "RecentQuanityOfStockUnits": "1",
    "LongName": "BONI blokpaté sneetjes 150g",
    "AlcoholVolume": "0",
    "FicCode": "I",
    "EcoscoreValue": "19"
  },
  {
    "productId": "98930",
    "technicalArticleNumber": "2902456",
    "commercialArticleNumber": "8563",
    "name": "gerookte heilbot sneden",
    "description": "*Wild",
    "brand": "BONI",
    "seoBrand": "Boni Selection",
    "thumbNail": "https://static.colruytgroup.com/images/200x200/std.lang.all/55/47/asset-2905547.jpg",
    "fullImage": "https://static.colruytgroup.com/images/500x500/std.lang.all/55/47/asset-2905547.jpg",
    "squareImage": "https://static.colruytgroup.com/images/500x500sq/std.lang.all/55/47/asset-2905547.jpg",
    "content": "150g",
    "walkRouteSequenceNumber": 7477,
    "price": {
      "basicPrice": 5.19,
      "recommendedQuantity": "1.0",
      "measurementUnitPrice": 34.6,
      "measurementUnit": "K",
      "isRedPrice": false,
      "pricePerUOM": 34.6,
      "activationDate": "13-03-2024",
      "isPromoActive": "Y",
      "priceChangeCode": "E"
    },
    "isAvailable": true,
    "isPriceAvailable": true,
    "inPromo": true,
    "promotion": [
      {
        "techPromoId": "100858COLR",
        "promotionId": "100858",
        "promotionType": "3",
        "isPersonalized": "N",
        "publicationStartDate": "13-03-2024",
        "publicationEndDate": "26-03-2024"
      }
    ],
    "gtin": [
      "15400141941019",
      "05400141507096",
      "15400141507093",
      "15400141066286",
      "05400141340679",
      "15400141938828",
      "05400141066289",
      "05400141250725"
    ],
    "topCategoryName": "Bereidingen/Charcuterie/Vis/Veggie",
    "topCategoryId": "105",
    "businessDomain": "RETAIL_BE",
    "IsPrivateLabel": true,
    "IsBiffe": false,
    "WeightconversionFactor": "0",
    "IsWeightArticle": false,
    "nutriscoreLabel": "D",
    "IsBio": false,
    "CountryOfOrigin": "BELGIË",
    "IsExclusivelySoldInLuxembourg": false,
    "OrderUnit": "P",
    "ShortName": "BONI HEILBOT 150GR",
    "InSeason": true,
    "IsNew": false,
    "EcoscoreLabel": "E",
    "RecentQuanityOfStockUnits": "1,6",
    "LongName": "BONI gerookte heilbot sneden 150g",
    "AlcoholVolume": "0",
    "StartSeasonDate": "06/07/2015",
    "FicCode": "I",
    "EcoscoreValue": "18"
  },
  {
    "productId": "57357",
    "technicalArticleNumber": "2339942",
    "commercialArticleNumber": "18520",
    "name": "saucis.d'Arden.IGP z.look",
    "description": "*België\n*Salami zonder look",
    "brand": "MARCASSOU",
    "seoBrand": "Marcassou",
    "thumbNail": "https://static.colruytgroup.com/images/200x200/std.lang.all/73/53/asset-3357353.jpg",
    "fullImage": "https://static.colruytgroup.com/images/500x500/std.lang.all/73/53/asset-3357353.jpg",
    "squareImage": "https://static.colruytgroup.com/images/500x500sq/std.lang.all/73/53/asset-3357353.jpg",
    "content": "270g",
    "walkRouteSequenceNumber": 6801,
    "price": {
      "basicPrice": 4.66,
      "recommendedQuantity": "1.0",
      "measurementUnitPrice": 17.26,
      "measurementUnit": "K",
      "isRedPrice": false,
      "pricePerUOM": 17.26,
      "activationDate": "09-03-2024",
      "recordSource": "Offline",
      "isPromoActive": "N",
      "priceChangeCode": "H"
    },
    "isAvailable": true,
    "isPriceAvailable": true,
    "inPromo": false,
    "gtin": [
      "05410916343217",
      "05411761343216",
      "05411328121189",
      "05411328120991"
    ],
    "topCategoryName": "Bereidingen/Charcuterie/Vis/Veggie",
    "topCategoryId": "105",
    "businessDomain": "RETAIL_BE",
    "IsPrivateLabel": false,
    "IsBiffe": false,
    "WeightconversionFactor": "0",
    "IsWeightArticle": false,
    "nutriscoreLabel": "E",
    "IsBio": false,
    "CountryOfOrigin": "BELGIË",
    "IsExclusivelySoldInLuxembourg": false,
    "OrderUnit": "P",
    "ShortName": "MARC SALAMI Z.LOOK 270G",
    "IsNew": false,
    "EcoscoreLabel": "C",
    "RecentQuanityOfStockUnits": "1",
    "LongName": "MARCASSOU saucis.d'Arden.IGP z.look 270g",
    "AlcoholVolume": "0",
    "FicCode": "E",
    "EcoscoreValue": "57"
  },
  {
    "productId": "185831",
    "technicalArticleNumber": "3456666",
    "commercialArticleNumber": "30659",
    "name": "kip zoetzuur saus rijst",
    "description": "*Basmatirijst,\n20% kip, zoetzure\nsaus, ananas, ui\n*Microgolfoven",
    "brand": "BONI",
    "seoBrand": "Boni Selection",
    "thumbNail": "https://static.colruytgroup.com/images/200x200/std.lang.all/86/27/asset-3308627.jpg",
    "fullImage": "https://static.colruytgroup.com/images/500x500/std.lang.all/86/27/asset-3308627.jpg",
    "squareImage": "https://static.colruytgroup.com/images/500x500sq/std.lang.all/86/27/asset-3308627.jpg",
    "content": "400g",
    "walkRouteSequenceNumber": 6671,
    "price": {
      "basicPrice": 3.49,
      "recommendedQuantity": "1.0",
      "measurementUnitPrice": 8.73,
      "measurementUnit": "K",
      "isRedPrice": false,
      "pricePerUOM": 8.73,
      "activationDate": "03-02-2024",
      "recordSource": "Offline",
      "isPromoActive": "N",
      "priceChangeCode": "L"
    },
    "isAvailable": true,
    "isPriceAvailable": true,
    "inPromo": false,
    "gtin": [
      "05400141562842",
      "15400141832218",
      "15400141825807",
      "15400141159384",
      "15400141095101",
      "05400141832211",
      "05400141381672",
      "05400141095104",
      "05400141159387"
    ],
    "topCategoryName": "Bereidingen/Charcuterie/Vis/Veggie",
    "topCategoryId": "105",
    "businessDomain": "RETAIL_BE",
    "IsPrivateLabel": true,
    "IsBiffe": false,
    "WeightconversionFactor": "0",
    "IsWeightArticle": false,
    "nutriscoreLabel": "C",
    "IsBio": false,
    "CountryOfOrigin": "BELGIË",
    "IsExclusivelySoldInLuxembourg": false,
    "OrderUnit": "P",
    "ShortName": "BONI KIP ZOETZUUR 400G",
    "InSeason": true,
    "IsNew": false,
    "RecentQuanityOfStockUnits": "1",
    "LongName": "BONI kip zoetzuur saus rijst 400g",
    "AlcoholVolume": "0",
    "StartSeasonDate": "23/06/2022",
    "FicCode": "I"
  },
  {
    "productId": "546869",
    "technicalArticleNumber": "4174987",
    "commercialArticleNumber": "10808",
    "name": "Kippenspiesjes",
    "brand": "BONI",
    "seoBrand": "Boni Selection",
    "thumbNail": "https://static.colruytgroup.com/images/200x200/std.lang.all/96/57/asset-2109657.jpg",
    "fullImage": "https://static.colruytgroup.com/images/500x500/std.lang.all/96/57/asset-2109657.jpg",
    "squareImage": "https://static.colruytgroup.com/images/500x500sq/std.lang.all/96/57/asset-2109657.jpg",
    "content": "195g",
    "walkRouteSequenceNumber": 6720,
    "price": {
      "basicPrice": 3.49,
      "recommendedQuantity": "1.0",
      "measurementUnitPrice": 17.9,
      "measurementUnit": "K",
      "isRedPrice": false,
      "pricePerUOM": 17.9,
      "activationDate": "28-11-2023",
      "recordSource": "Offline",
      "isPromoActive": "N",
      "priceChangeCode": "E"
    },
    "isAvailable": true,
    "isPriceAvailable": true,
    "inPromo": false,
    "gtin": [
      "05400141761665",
      "15400141761662",
      "05400141893670",
      "05400141392661",
      "08710991001796",
      "08710991001802",
      "15400141392668",
      "15400141893677"
    ],
    "topCategoryName": "Bereidingen/Charcuterie/Vis/Veggie",
    "topCategoryId": "105",
    "businessDomain": "RETAIL_BE",
    "IsPrivateLabel": true,
    "IsBiffe": false,
    "WeightconversionFactor": "0",
    "IsWeightArticle": false,
    "nutriscoreLabel": "D",
    "IsBio": false,
    "CountryOfOrigin": "NEDERLAND",
    "IsExclusivelySoldInLuxembourg": false,
    "OrderUnit": "P",
    "ShortName": "BONI KIPPENSPIESJES195G",
    "IsNew": false,
    "EcoscoreLabel": "E",
    "RecentQuanityOfStockUnits": "1,7",
    "LongName": "BONI Kippenspiesjes 195g",
    "FicCode": "I",
    "EcoscoreValue": "6"
  },
  {
    "productId": "243827",
    "technicalArticleNumber": "3520858",
    "commercialArticleNumber": "27414",
    "name": "crèmepaté GV",
    "description": "smeerbare pastei, voldoet aan\nkwaliteitslabel Vlevico, volgens oud\nreceptuur. Zeer lekker tussen\nboterham, op toastjes, etc\n*Glutenvrij",
    "brand": "BONI",
    "seoBrand": "Boni Selection",
    "thumbNail": "https://static.colruytgroup.com/images/200x200/std.lang.all/27/87/asset-3362787.jpg",
    "fullImage": "https://static.colruytgroup.com/images/500x500/std.lang.all/27/87/asset-3362787.jpg",
    "squareImage": "https://static.colruytgroup.com/images/500x500sq/std.lang.all/27/87/asset-3362787.jpg",
    "content": "200g",
    "walkRouteSequenceNumber": 7709,
    "price": {
      "basicPrice": 1.75,
      "recommendedQuantity": "1.0",
      "measurementUnitPrice": 8.75,
      "measurementUnit": "K",
      "isRedPrice": false,
      "pricePerUOM": 8.75,
      "activationDate": "17-02-2024",
      "recordSource": "Offline",
      "isPromoActive": "N",
      "priceChangeCode": "E"
    },
    "isAvailable": true,
    "isPriceAvailable": true,
    "inPromo": false,
    "gtin": [
      "05400141373332",
      "05400141320633",
      "05400141322460"
    ],
    "topCategoryName": "Bereidingen/Charcuterie/Vis/Veggie",
    "topCategoryId": "105",
    "businessDomain": "RETAIL_BE",
    "IsPrivateLabel": true,
    "IsBiffe": false,
    "WeightconversionFactor": "0",
    "IsWeightArticle": false,
    "nutriscoreLabel": "E",
    "IsBio": false,
    "CountryOfOrigin": "BELGIË",
    "IsExclusivelySoldInLuxembourg": false,
    "OrderUnit": "P",
    "ShortName": "BONI GV CREMEPASTEI200G",
    "IsNew": false,
    "EcoscoreLabel": "C",
    "RecentQuanityOfStockUnits": "1",
    "LongName": "BONI crèmepaté GV 200g",
    "AlcoholVolume": "0",
    "FicCode": "I",
    "EcoscoreValue": "44"
  },
  {
    "productId": "57459",
    "technicalArticleNumber": "2478595",
    "commercialArticleNumber": "38447",
    "name": "Antipasto Italiano",
    "description": "*Italië\n*Assortiment: coppa,\nProsciutto crudo,\nsalami Milano\n*Boterham, aperitief",
    "brand": "BONI",
    "seoBrand": "Boni Selection",
    "thumbNail": "https://static.colruytgroup.com/images/200x200/std.lang.all/98/80/asset-2269880.jpg",
    "fullImage": "https://static.colruytgroup.com/images/500x500/std.lang.all/98/80/asset-2269880.jpg",
    "squareImage": "https://static.colruytgroup.com/images/500x500sq/std.lang.all/98/80/asset-2269880.jpg",
    "content": "150g",
    "walkRouteSequenceNumber": 7824,
    "price": {
      "basicPrice": 4.99,
      "recommendedQuantity": "1.0",
      "quantityPrice": 4.19,
      "quantityPriceQuantity": "2.0",
      "measurementUnitPrice": 33.27,
      "measurementUnitQuantityPrice": 27.94,
      "measurementUnit": "K",
      "isRedPrice": false,
      "pricePerUOM": 33.27,
      "activationDate": "23-03-2024",
      "isPromoActive": "Y",
      "priceChangeCode": "E",
      "quantityPricePerUOM": 27.94,
      "quantityActivationDate": "23-03-2024",
      "quantityPriceChangeCode": "E"
    },
    "isAvailable": true,
    "isPriceAvailable": true,
    "inPromo": false,
    "gtin": [
      "15400141916604",
      "05400141380323",
      "05400141190922",
      "08026627152443"
    ],
    "topCategoryName": "Bereidingen/Charcuterie/Vis/Veggie",
    "topCategoryId": "105",
    "businessDomain": "RETAIL_BE",
    "IsPrivateLabel": true,
    "IsBiffe": false,
    "WeightconversionFactor": "0",
    "IsWeightArticle": false,
    "nutriscoreLabel": "E",
    "IsBio": false,
    "CountryOfOrigin": "ITALIË",
    "IsExclusivelySoldInLuxembourg": false,
    "OrderUnit": "P",
    "ShortName": "BONI ANTIPASTO ITAL150G",
    "InSeason": true,
    "IsNew": false,
    "EcoscoreLabel": "E",
    "RecentQuanityOfStockUnits": "1",
    "LongName": "BONI Antipasto Italiano 150g",
    "AlcoholVolume": "0",
    "StartSeasonDate": "19/12/2012",
    "FicCode": "I",
    "EcoscoreValue": "0"
  },
  {
    "productId": "88123",
    "technicalArticleNumber": "2975249",
    "commercialArticleNumber": "1004",
    "name": "taboulé paprika-tomaat",
    "description": "*Met griesmeel,\ntomaat, paprika\n*Koud te serveren",
    "brand": "BONI",
    "seoBrand": "Boni Selection",
    "thumbNail": "https://static.colruytgroup.com/images/200x200/std.lang.all/76/14/asset-2797614.jpg",
    "fullImage": "https://static.colruytgroup.com/images/500x500/std.lang.all/76/14/asset-2797614.jpg",
    "squareImage": "https://static.colruytgroup.com/images/500x500sq/std.lang.all/76/14/asset-2797614.jpg",
    "content": "500g",
    "walkRouteSequenceNumber": 5295,
    "price": {
      "basicPrice": 2.99,
      "recommendedQuantity": "1.0",
      "measurementUnitPrice": 5.98,
      "measurementUnit": "K",
      "isRedPrice": false,
      "pricePerUOM": 5.98,
      "activationDate": "28-12-2023",
      "isPromoActive": "N",
      "priceChangeCode": "E"
    },
    "isAvailable": true,
    "isPriceAvailable": true,
    "inPromo": false,
    "gtin": [
      "15400141140733",
      "05400141140736",
      "05400141044171",
      "15400141339229",
      "05400141339222"
    ],
    "topCategoryName": "Bereidingen/Charcuterie/Vis/Veggie",
    "topCategoryId": "105",
    "businessDomain": "RETAIL_BE",
    "IsPrivateLabel": true,
    "IsBiffe": false,
    "WeightconversionFactor": "0",
    "IsWeightArticle": false,
    "nutriscoreLabel": "C",
    "IsBio": false,
    "CountryOfOrigin": "FRANKRIJK",
    "IsExclusivelySoldInLuxembourg": false,
    "OrderUnit": "P",
    "ShortName": "BONI TABOULE ORIEN.500G",
    "IsNew": false,
    "EcoscoreLabel": "A",
    "RecentQuanityOfStockUnits": "1",
    "LongName": "BONI taboulé paprika-tomaat 500g",
    "AlcoholVolume": "0",
    "FicCode": "I",
    "EcoscoreValue": "92"
  },
  {
    "productId": "788699",
    "technicalArticleNumber": "4592829",
    "commercialArticleNumber": "29157",
    "name": "pizzadeeg",
    "description": "*Pizzadeeg dun\nen rond",
    "brand": "HERTA",
    "seoBrand": "Herta",
    "thumbNail": "https://static.colruytgroup.com/images/200x200/std.lang.all/40/87/asset-2954087.jpg",
    "fullImage": "https://static.colruytgroup.com/images/500x500/std.lang.all/40/87/asset-2954087.jpg",
    "squareImage": "https://static.colruytgroup.com/images/500x500sq/std.lang.all/40/87/asset-2954087.jpg",
    "content": "265g",
    "walkRouteSequenceNumber": 6044,
    "price": {
      "basicPrice": 2.59,
      "recommendedQuantity": "1.0",
      "measurementUnitPrice": 9.78,
      "measurementUnit": "K",
      "isRedPrice": false,
      "pricePerUOM": 9.78,
      "activationDate": "14-03-2024",
      "recordSource": "Offline",
      "isPromoActive": "Y",
      "priceChangeCode": "E"
    },
    "isAvailable": true,
    "isPriceAvailable": true,
    "inPromo": true,
    "promotion": [
      {
        "techPromoId": "100936COLR",
        "promotionId": "100936",
        "promotionType": "3",
        "isPersonalized": "N",
        "publicationStartDate": "13-03-2024",
        "publicationEndDate": "26-03-2024"
      }
    ],
    "gtin": [
      "03154230600572",
      "03154230600589"
    ],
    "topCategoryName": "Bereidingen/Charcuterie/Vis/Veggie",
    "topCategoryId": "105",
    "businessDomain": "RETAIL_BE",
    "IsPrivateLabel": false,
    "IsBiffe": false,
    "WeightconversionFactor": "0",
    "IsWeightArticle": false,
    "nutriscoreLabel": "B",
    "IsBio": false,
    "CountryOfOrigin": "ZWITSERLAND",
    "IsExclusivelySoldInLuxembourg": false,
    "OrderUnit": "P",
    "ShortName": "HERT PIZZA DEEG 265G",
    "IsNew": false,
    "RecentQuanityOfStockUnits": "1,8",
    "LongName": "HERTA pizzadeeg 265g",
    "FicCode": "E"
  },
  {
    "productId": "307083",
    "technicalArticleNumber": "3746082",
    "commercialArticleNumber": "27261",
    "name": "peperfilet",
    "description": "Filet omhuld met pepermantel",
    "brand": "BONI",
    "seoBrand": "Boni Selection",
    "thumbNail": "https://static.colruytgroup.com/images/200x200/std.lang.all/29/54/asset-3362954.jpg",
    "fullImage": "https://static.colruytgroup.com/images/500x500/std.lang.all/29/54/asset-3362954.jpg",
    "squareImage": "https://static.colruytgroup.com/images/500x500sq/std.lang.all/29/54/asset-3362954.jpg",
    "content": "150g",
    "walkRouteSequenceNumber": 7797,
    "price": {
      "basicPrice": 3.69,
      "recommendedQuantity": "1.0",
      "measurementUnitPrice": 24.6,
      "measurementUnit": "K",
      "isRedPrice": false,
      "pricePerUOM": 24.6,
      "activationDate": "13-01-2023",
      "isPromoActive": "N",
      "priceChangeCode": "H"
    },
    "isAvailable": true,
    "isPriceAvailable": true,
    "inPromo": false,
    "gtin": [
      "05400141326093",
      "05400141375985"
    ],
    "topCategoryName": "Bereidingen/Charcuterie/Vis/Veggie",
    "topCategoryId": "105",
    "businessDomain": "RETAIL_BE",
    "IsPrivateLabel": true,
    "IsBiffe": false,
    "WeightconversionFactor": "0",
    "IsWeightArticle": false,
    "nutriscoreLabel": "E",
    "IsBio": false,
    "CountryOfOrigin": "BELGIË",
    "IsExclusivelySoldInLuxembourg": false,
    "OrderUnit": "P",
    "ShortName": "BONI PEPERFILET 150GR",
    "IsNew": false,
    "EcoscoreLabel": "D",
    "RecentQuanityOfStockUnits": "1",
    "LongName": "BONI peperfilet 150g",
    "AlcoholVolume": "0",
    "FicCode": "I",
    "EcoscoreValue": "27"
  },
  {
    "productId": "184524",
    "technicalArticleNumber": "3458880",
    "commercialArticleNumber": "30683",
    "name": "schelvishaasje graatl. MSC",
    "description": "*Noordoostelijk deel\nAtlantische Oceaan\n*Graatloos\n*met label MSC",
    "brand": "BONI",
    "seoBrand": "Boni Selection",
    "thumbNail": "https://static.colruytgroup.com/images/200x200/std.lang.all/03/04/asset-3340304.jpg",
    "fullImage": "https://static.colruytgroup.com/images/500x500/std.lang.all/03/04/asset-3340304.jpg",
    "squareImage": "https://static.colruytgroup.com/images/500x500sq/std.lang.all/03/04/asset-3340304.jpg",
    "content": "±250g",
    "walkRouteSequenceNumber": 7431,
    "price": {
      "basicPrice": 29.95,
      "recommendedQuantity": "1.0",
      "unit": "K",
      "measurementUnitPrice": 29.95,
      "measurementUnit": "K",
      "isRedPrice": false,
      "pricePerUOM": 29.95,
      "activationDate": "13-03-2024",
      "recordSource": "Offline",
      "isPromoActive": "N",
      "priceChangeCode": "H"
    },
    "isAvailable": true,
    "isPriceAvailable": true,
    "inPromo": false,
    "gtin": [
      "15400141294283",
      "05400141041569",
      "95400141690661",
      "05400141077261",
      "95400141041562",
      "95400141077271",
      "95400141025944",
      "95400141006738",
      "05400141294286",
      "95400141294289",
      "05400141690668"
    ],
    "topCategoryName": "Bereidingen/Charcuterie/Vis/Veggie",
    "topCategoryId": "105",
    "businessDomain": "RETAIL_BE",
    "IsPrivateLabel": true,
    "IsBiffe": false,
    "WeightconversionFactor": "250",
    "IsWeightArticle": true,
    "nutriscoreLabel": "A",
    "IsBio": false,
    "CountryOfOrigin": "IJSLAND",
    "IsExclusivelySoldInLuxembourg": false,
    "OrderUnit": "P",
    "ShortName": "BONI SCHELVISHAAS.250GW",
    "InSeason": true,
    "IsNew": false,
    "EcoscoreLabel": "D",
    "RecentQuanityOfStockUnits": "1",
    "LongName": "BONI schelvishaasje graatl. MSC ±250g",
    "AlcoholVolume": "0",
    "StartSeasonDate": "25/08/2022",
    "FicCode": "I",
    "EcoscoreValue": "36"
  },
  {
    "productId": "46611",
    "technicalArticleNumber": "2493300",
    "commercialArticleNumber": "39376",
    "name": "schnitzels vegetarisch",
    "description": "*Schnitzel",
    "brand": "BONI",
    "seoBrand": "Boni Selection",
    "thumbNail": "https://static.colruytgroup.com/images/200x200/std.lang.all/79/51/asset-3027951.jpg",
    "fullImage": "https://static.colruytgroup.com/images/500x500/std.lang.all/79/51/asset-3027951.jpg",
    "squareImage": "https://static.colruytgroup.com/images/500x500sq/std.lang.all/79/51/asset-3027951.jpg",
    "content": "200g",
    "walkRouteSequenceNumber": 7613,
    "price": {
      "basicPrice": 2.25,
      "recommendedQuantity": "1.0",
      "measurementUnitPrice": 11.25,
      "measurementUnit": "K",
      "isRedPrice": false,
      "pricePerUOM": 11.25,
      "activationDate": "31-01-2024",
      "isPromoActive": "N",
      "priceChangeCode": "E"
    },
    "isAvailable": true,
    "isPriceAvailable": true,
    "inPromo": true,
    "promotion": [
      {
        "techPromoId": "100899COLR",
        "promotionId": "100899",
        "promotionType": "3",
        "isPersonalized": "N",
        "publicationStartDate": "13-03-2024",
        "publicationEndDate": "26-03-2024"
      }
    ],
    "gtin": [
      "35400141516587",
      "15400141986133",
      "15400141516583",
      "05400141150599",
      "15400141343523",
      "05400141343526",
      "05400141740226",
      "05400141042832",
      "05400141091526",
      "05400141204834",
      "15400141740223",
      "05400141516586"
    ],
    "topCategoryName": "Bereidingen/Charcuterie/Vis/Veggie",
    "topCategoryId": "105",
    "businessDomain": "RETAIL_BE",
    "IsPrivateLabel": true,
    "IsBiffe": false,
    "WeightconversionFactor": "0",
    "IsWeightArticle": false,
    "nutriscoreLabel": "B",
    "IsBio": false,
    "CountryOfOrigin": "NEDERLAND",
    "IsExclusivelySoldInLuxembourg": false,
    "OrderUnit": "P",
    "ShortName": "BONI VEGI. SCHNITZ.2ST",
    "IsNew": false,
    "EcoscoreLabel": "C",
    "RecentQuanityOfStockUnits": "1,7",
    "LongName": "BONI schnitzels vegetarisch 200g",
    "AlcoholVolume": "0",
    "FicCode": "I",
    "EcoscoreValue": "59"
  },
  {
    "productId": "185813",
    "technicalArticleNumber": "3456643",
    "commercialArticleNumber": "30658",
    "name": "Tikka Masala kip",
    "description": "*Basmatirijst,\n21% kip, witte\nrozijnen,masalasaus\n*Microgolfoven",
    "brand": "BONI",
    "seoBrand": "Boni Selection",
    "thumbNail": "https://static.colruytgroup.com/images/200x200/std.lang.all/77/94/asset-2997794.jpg",
    "fullImage": "https://static.colruytgroup.com/images/500x500/std.lang.all/77/94/asset-2997794.jpg",
    "squareImage": "https://static.colruytgroup.com/images/500x500sq/std.lang.all/77/94/asset-2997794.jpg",
    "content": "400g",
    "walkRouteSequenceNumber": 6668,
    "price": {
      "basicPrice": 3.49,
      "recommendedQuantity": "1.0",
      "measurementUnitPrice": 8.73,
      "measurementUnit": "K",
      "isRedPrice": false,
      "pricePerUOM": 8.73,
      "activationDate": "03-02-2024",
      "recordSource": "Offline",
      "isPromoActive": "N",
      "priceChangeCode": "L"
    },
    "isAvailable": true,
    "isPriceAvailable": true,
    "inPromo": false,
    "gtin": [
      "05400141562835",
      "05400141831986",
      "15400141826460",
      "05400141381665",
      "05400141159370",
      "15400141159377",
      "15400141831983"
    ],
    "topCategoryName": "Bereidingen/Charcuterie/Vis/Veggie",
    "topCategoryId": "105",
    "businessDomain": "RETAIL_BE",
    "IsPrivateLabel": true,
    "IsBiffe": false,
    "WeightconversionFactor": "0",
    "IsWeightArticle": false,
    "nutriscoreLabel": "C",
    "IsBio": false,
    "CountryOfOrigin": "BELGIË",
    "IsExclusivelySoldInLuxembourg": false,
    "OrderUnit": "P",
    "ShortName": "BONI TIKKA MASALA 400G",
    "InSeason": true,
    "IsNew": false,
    "RecentQuanityOfStockUnits": "1",
    "LongName": "BONI Tikka Masala kip 400g",
    "AlcoholVolume": "0",
    "StartSeasonDate": "23/06/2022",
    "FicCode": "I"
  },
  {
    "productId": "605945",
    "technicalArticleNumber": "4276000",
    "commercialArticleNumber": "27043",
    "name": "CHIFFONADE ROSETTE",
    "brand": "BONI",
    "seoBrand": "Boni Selection",
    "thumbNail": "https://static.colruytgroup.com/images/200x200/std.lang.all/90/98/asset-2199098.jpg",
    "fullImage": "https://static.colruytgroup.com/images/500x500/std.lang.all/90/98/asset-2199098.jpg",
    "squareImage": "https://static.colruytgroup.com/images/500x500sq/std.lang.all/90/98/asset-2199098.jpg",
    "content": "110g",
    "walkRouteSequenceNumber": 7799,
    "price": {
      "basicPrice": 2.84,
      "recommendedQuantity": "1.0",
      "measurementUnitPrice": 25.82,
      "measurementUnit": "K",
      "isRedPrice": false,
      "pricePerUOM": 25.82,
      "activationDate": "13-09-2023",
      "recordSource": "Offline",
      "isPromoActive": "N",
      "priceChangeCode": "H"
    },
    "isAvailable": true,
    "isPriceAvailable": true,
    "inPromo": false,
    "gtin": [
      "15400141410829",
      "05400141410822",
      "05400141818963"
    ],
    "topCategoryName": "Bereidingen/Charcuterie/Vis/Veggie",
    "topCategoryId": "105",
    "businessDomain": "RETAIL_BE",
    "IsPrivateLabel": true,
    "IsBiffe": false,
    "WeightconversionFactor": "0",
    "IsWeightArticle": false,
    "nutriscoreLabel": "E",
    "IsBio": false,
    "CountryOfOrigin": "BELGIË",
    "IsExclusivelySoldInLuxembourg": false,
    "OrderUnit": "P",
    "ShortName": "BONI CHIF ROSETTE 110G",
    "IsNew": false,
    "EcoscoreLabel": "C",
    "RecentQuanityOfStockUnits": "1",
    "LongName": "BONI CHIFFONADE ROSETTE 110g",
    "AlcoholVolume": "0",
    "FicCode": "I",
    "EcoscoreValue": "47"
  },
  {
    "productId": "244393",
    "technicalArticleNumber": "3519741",
    "commercialArticleNumber": "27367",
    "name": "kalfskop sneden gv",
    "description": "*België\n*Met tomatensaus en champignons\n*Warme en koude bereidingen\n*Glutenvrij",
    "brand": "BONI",
    "seoBrand": "Boni Selection",
    "thumbNail": "https://static.colruytgroup.com/images/200x200/std.lang.all/86/42/asset-3128642.jpg",
    "fullImage": "https://static.colruytgroup.com/images/500x500/std.lang.all/86/42/asset-3128642.jpg",
    "squareImage": "https://static.colruytgroup.com/images/500x500sq/std.lang.all/86/42/asset-3128642.jpg",
    "content": "250g",
    "walkRouteSequenceNumber": 7734,
    "price": {
      "basicPrice": 3.12,
      "recommendedQuantity": "1.0",
      "measurementUnitPrice": 12.48,
      "measurementUnit": "K",
      "isRedPrice": false,
      "pricePerUOM": 12.48,
      "activationDate": "19-01-2023",
      "isPromoActive": "N",
      "priceChangeCode": "H"
    },
    "isAvailable": true,
    "isPriceAvailable": true,
    "inPromo": false,
    "gtin": [
      "05400141372342",
      "05400141320657",
      "05400141320558"
    ],
    "topCategoryName": "Bereidingen/Charcuterie/Vis/Veggie",
    "topCategoryId": "105",
    "businessDomain": "RETAIL_BE",
    "IsPrivateLabel": true,
    "IsBiffe": false,
    "WeightconversionFactor": "0",
    "IsWeightArticle": false,
    "nutriscoreLabel": "D",
    "IsBio": false,
    "CountryOfOrigin": "BELGIË",
    "IsExclusivelySoldInLuxembourg": false,
    "OrderUnit": "P",
    "ShortName": "BONI GV KALFSKOP SN250G",
    "IsNew": false,
    "EcoscoreLabel": "C",
    "RecentQuanityOfStockUnits": "1",
    "LongName": "BONI kalfskop sneden gv 250g",
    "AlcoholVolume": "0",
    "FicCode": "I",
    "EcoscoreValue": "50"
  },
  {
    "productId": "707317",
    "technicalArticleNumber": "4444746",
    "commercialArticleNumber": "17640",
    "name": "penne kip mascarpone",
    "brand": "BONI",
    "seoBrand": "Boni Selection",
    "thumbNail": "https://static.colruytgroup.com/images/200x200/std.lang.all/11/02/asset-3351102.jpg",
    "fullImage": "https://static.colruytgroup.com/images/500x500/std.lang.all/11/02/asset-3351102.jpg",
    "squareImage": "https://static.colruytgroup.com/images/500x500sq/std.lang.all/11/02/asset-3351102.jpg",
    "content": "450g",
    "walkRouteSequenceNumber": 6600,
    "price": {
      "basicPrice": 4.29,
      "recommendedQuantity": "1.0",
      "measurementUnitPrice": 9.54,
      "measurementUnit": "K",
      "isRedPrice": false,
      "pricePerUOM": 9.54,
      "activationDate": "17-11-2023",
      "isPromoActive": "N",
      "priceChangeCode": "E"
    },
    "isAvailable": true,
    "isPriceAvailable": true,
    "inPromo": false,
    "gtin": [
      "05400141720334",
      "15400141720331"
    ],
    "topCategoryName": "Bereidingen/Charcuterie/Vis/Veggie",
    "topCategoryId": "105",
    "businessDomain": "RETAIL_BE",
    "IsPrivateLabel": true,
    "IsBiffe": false,
    "WeightconversionFactor": "0",
    "IsWeightArticle": false,
    "nutriscoreLabel": "C",
    "IsBio": false,
    "CountryOfOrigin": "BELGIË",
    "IsExclusivelySoldInLuxembourg": false,
    "OrderUnit": "P",
    "ShortName": "BONI PENNE KIP MASC450G",
    "IsNew": false,
    "EcoscoreLabel": "C",
    "RecentQuanityOfStockUnits": "1",
    "LongName": "BONI penne kip mascarpone 450g",
    "FicCode": "I",
    "EcoscoreValue": "46"
  },
  {
    "productId": "640197",
    "technicalArticleNumber": "4332678",
    "commercialArticleNumber": "13219",
    "name": "salade met krab",
    "description": "*Salade met\nen krab",
    "brand": "DÉLIO",
    "seoBrand": "Délio",
    "thumbNail": "https://static.colruytgroup.com/images/200x200/std.lang.all/27/80/asset-3172780.jpg",
    "fullImage": "https://static.colruytgroup.com/images/500x500/std.lang.all/27/80/asset-3172780.jpg",
    "squareImage": "https://static.colruytgroup.com/images/500x500sq/std.lang.all/27/80/asset-3172780.jpg",
    "content": "200g",
    "walkRouteSequenceNumber": 7923,
    "price": {
      "basicPrice": 3.29,
      "recommendedQuantity": "1.0",
      "measurementUnitPrice": 16.45,
      "measurementUnit": "K",
      "isRedPrice": false,
      "pricePerUOM": 16.45,
      "activationDate": "23-03-2024",
      "recordSource": "Offline",
      "isPromoActive": "N",
      "priceChangeCode": "E"
    },
    "isAvailable": true,
    "isPriceAvailable": true,
    "inPromo": false,
    "gtin": [
      "05411153010023",
      "15411153010020"
    ],
    "topCategoryName": "Bereidingen/Charcuterie/Vis/Veggie",
    "topCategoryId": "105",
    "businessDomain": "RETAIL_BE",
    "IsPrivateLabel": false,
    "IsBiffe": false,
    "WeightconversionFactor": "0",
    "IsWeightArticle": false,
    "nutriscoreLabel": "D",
    "IsBio": false,
    "CountryOfOrigin": "BELGIË",
    "IsExclusivelySoldInLuxembourg": false,
    "OrderUnit": "P",
    "ShortName": "DELI SALAD MET KRAB200G",
    "IsNew": false,
    "EcoscoreLabel": "E",
    "RecentQuanityOfStockUnits": "1",
    "LongName": "DÉLIO salade met krab 200g",
    "FicCode": "E",
    "EcoscoreValue": "19"
  },
  {
    "productId": "784446",
    "technicalArticleNumber": "4583562",
    "commercialArticleNumber": "9900",
    "name": "Salade caesar",
    "brand": "BONI",
    "seoBrand": "Boni Selection",
    "thumbNail": "https://static.colruytgroup.com/images/200x200/std.lang.all/74/51/asset-2797451.jpg",
    "fullImage": "https://static.colruytgroup.com/images/500x500/std.lang.all/74/51/asset-2797451.jpg",
    "squareImage": "https://static.colruytgroup.com/images/500x500sq/std.lang.all/74/51/asset-2797451.jpg",
    "content": "300g",
    "walkRouteSequenceNumber": 5301,
    "price": {
      "basicPrice": 4.99,
      "recommendedQuantity": "1.0",
      "measurementUnitPrice": 16.64,
      "measurementUnit": "K",
      "isRedPrice": false,
      "pricePerUOM": 16.64,
      "activationDate": "17-11-2023",
      "isPromoActive": "N",
      "priceChangeCode": "E"
    },
    "isAvailable": true,
    "isPriceAvailable": true,
    "inPromo": false,
    "gtin": [
      "05400141986020",
      "35400141986021"
    ],
    "topCategoryName": "Bereidingen/Charcuterie/Vis/Veggie",
    "topCategoryId": "105",
    "businessDomain": "RETAIL_BE",
    "IsPrivateLabel": true,
    "IsBiffe": false,
    "WeightconversionFactor": "0",
    "IsWeightArticle": false,
    "nutriscoreLabel": "B",
    "IsBio": false,
    "CountryOfOrigin": "BELGIË",
    "IsExclusivelySoldInLuxembourg": false,
    "OrderUnit": "P",
    "ShortName": "BONI SALADE CAESAR 300G",
    "IsNew": false,
    "EcoscoreLabel": "C",
    "RecentQuanityOfStockUnits": "1,2",
    "LongName": "BONI Salade caesar 300g",
    "FicCode": "I",
    "EcoscoreValue": "59"
  },
  {
    "productId": "90149",
    "technicalArticleNumber": "2977431",
    "commercialArticleNumber": "3027",
    "name": "gevogelte worst",
    "description": "*Duitsland\n*Met honing",
    "brand": "MAYA DE BIJ",
    "seoBrand": "Maya",
    "thumbNail": "https://static.colruytgroup.com/images/200x200/std.lang.all/15/00/asset-381500.jpg",
    "fullImage": "https://static.colruytgroup.com/images/500x500/std.lang.all/15/00/asset-381500.jpg",
    "squareImage": "https://static.colruytgroup.com/images/500x500sq/std.lang.all/15/00/asset-381500.jpg",
    "content": "2x50g",
    "walkRouteSequenceNumber": 7723,
    "price": {
      "basicPrice": 2.19,
      "recommendedQuantity": "1.0",
      "measurementUnitPrice": 21.9,
      "measurementUnit": "K",
      "isRedPrice": false,
      "pricePerUOM": 21.9,
      "activationDate": "19-03-2024",
      "recordSource": "Offline",
      "isPromoActive": "N",
      "priceChangeCode": "E"
    },
    "isAvailable": true,
    "isPriceAvailable": true,
    "inPromo": true,
    "promotion": [
      {
        "techPromoId": "100970COLR",
        "promotionId": "100970",
        "promotionType": "4",
        "isPersonalized": "N",
        "publicationStartDate": "13-03-2024",
        "publicationEndDate": "26-03-2024"
      }
    ],
    "gtin": [
      "15413848332325",
      "05413848332328",
      "05413848446490"
    ],
    "topCategoryName": "Bereidingen/Charcuterie/Vis/Veggie",
    "topCategoryId": "105",
    "businessDomain": "RETAIL_BE",
    "IsPrivateLabel": false,
    "IsBiffe": false,
    "WeightconversionFactor": "0",
    "IsWeightArticle": false,
    "nutriscoreLabel": "D",
    "IsBio": false,
    "CountryOfOrigin": "DUITSLAND",
    "IsExclusivelySoldInLuxembourg": false,
    "OrderUnit": "P",
    "ShortName": "MAYA WORST GE. 2X50G",
    "IsNew": false,
    "EcoscoreLabel": "E",
    "RecentQuanityOfStockUnits": "1,12",
    "LongName": "MAYA DE BIJ gevogelte worst 2x50g",
    "AlcoholVolume": "0",
    "FicCode": "E",
    "EcoscoreValue": "0"
  },
  {
    "productId": "356507",
    "technicalArticleNumber": "3857513",
    "commercialArticleNumber": "27576",
    "name": "Disney Cars hespenworst 5st",
    "description": "*Cars hespenworstjes\n*5x30g",
    "brand": "AOSTE",
    "seoBrand": "Aoste",
    "thumbNail": "https://static.colruytgroup.com/images/200x200/std.lang.all/73/63/asset-3357363.jpg",
    "fullImage": "https://static.colruytgroup.com/images/500x500/std.lang.all/73/63/asset-3357363.jpg",
    "squareImage": "https://static.colruytgroup.com/images/500x500sq/std.lang.all/73/63/asset-3357363.jpg",
    "content": "150g",
    "walkRouteSequenceNumber": 7724,
    "price": {
      "basicPrice": 3.39,
      "recommendedQuantity": "1.0",
      "measurementUnitPrice": 22.6,
      "measurementUnit": "K",
      "isRedPrice": false,
      "pricePerUOM": 22.6,
      "activationDate": "28-02-2024",
      "recordSource": "Offline",
      "isPromoActive": "N",
      "priceChangeCode": "E"
    },
    "isAvailable": true,
    "isPriceAvailable": true,
    "inPromo": false,
    "gtin": [
      "05410916284817",
      "05411761273223"
    ],
    "topCategoryName": "Bereidingen/Charcuterie/Vis/Veggie",
    "topCategoryId": "105",
    "businessDomain": "RETAIL_BE",
    "IsPrivateLabel": false,
    "IsBiffe": false,
    "WeightconversionFactor": "0",
    "IsWeightArticle": false,
    "nutriscoreLabel": "D",
    "IsBio": false,
    "CountryOfOrigin": "BELGIË",
    "IsExclusivelySoldInLuxembourg": false,
    "OrderUnit": "P",
    "ShortName": "AOSTE CARS HESPWORST150",
    "IsNew": false,
    "EcoscoreLabel": "C",
    "RecentQuanityOfStockUnits": "1",
    "LongName": "AOSTE Disney Cars hespenworst 5st 150g",
    "AlcoholVolume": "0",
    "FicCode": "E",
    "EcoscoreValue": "42"
  },
  {
    "productId": "777759",
    "technicalArticleNumber": "4570670",
    "commercialArticleNumber": "20820",
    "name": "focaccia paprika/olijf",
    "description": "*Voorgebakken wit\ntarwebrood belegd\nmet paprika en olijf\n*Ontdooid",
    "brand": "BONI",
    "seoBrand": "Boni Selection",
    "thumbNail": "https://static.colruytgroup.com/images/200x200/std.lang.all/00/76/asset-2850076.jpg",
    "fullImage": "https://static.colruytgroup.com/images/500x500/std.lang.all/00/76/asset-2850076.jpg",
    "squareImage": "https://static.colruytgroup.com/images/500x500sq/std.lang.all/00/76/asset-2850076.jpg",
    "content": "2x165g",
    "walkRouteSequenceNumber": 6718,
    "price": {
      "basicPrice": 2.59,
      "recommendedQuantity": "1.0",
      "measurementUnitPrice": 7.85,
      "measurementUnit": "K",
      "isRedPrice": true,
      "redPriceReason": "Promo",
      "pricePerUOM": 7.85,
      "activationDate": "13-03-2024",
      "isPromoActive": "Y",
      "priceChangeCode": "L"
    },
    "isAvailable": true,
    "isPriceAvailable": true,
    "inPromo": false,
    "gtin": [
      "05400141550269",
      "05400141986006"
    ],
    "topCategoryName": "Bereidingen/Charcuterie/Vis/Veggie",
    "topCategoryId": "105",
    "businessDomain": "RETAIL_BE",
    "IsPrivateLabel": true,
    "IsBiffe": false,
    "WeightconversionFactor": "0",
    "IsWeightArticle": false,
    "nutriscoreLabel": "C",
    "IsBio": false,
    "CountryOfOrigin": "NEDERLAND",
    "IsExclusivelySoldInLuxembourg": false,
    "OrderUnit": "P",
    "ShortName": "BONI FOC.PAP/OLIJ2X165G",
    "IsNew": false,
    "EcoscoreLabel": "C",
    "RecentQuanityOfStockUnits": "1",
    "LongName": "BONI focaccia paprika/olijf 2x165g",
    "FicCode": "I",
    "EcoscoreValue": "56"
  },
  {
    "productId": "118041",
    "technicalArticleNumber": "3072119",
    "commercialArticleNumber": "8684",
    "name": "ansjovisfilet olie look MSC",
    "description": "*Wild, Middellandse\nen Zwarte zee\n*met label MSC",
    "brand": "BONI",
    "seoBrand": "Boni Selection",
    "thumbNail": "https://static.colruytgroup.com/images/200x200/std.lang.all/50/20/asset-3195020.jpg",
    "fullImage": "https://static.colruytgroup.com/images/500x500/std.lang.all/50/20/asset-3195020.jpg",
    "squareImage": "https://static.colruytgroup.com/images/500x500sq/std.lang.all/50/20/asset-3195020.jpg",
    "content": "200g",
    "walkRouteSequenceNumber": 7470,
    "price": {
      "basicPrice": 2.99,
      "recommendedQuantity": "1.0",
      "measurementUnitPrice": 14.95,
      "measurementUnit": "K",
      "isRedPrice": false,
      "pricePerUOM": 14.95,
      "activationDate": "15-02-2024",
      "recordSource": "Offline",
      "isPromoActive": "N",
      "priceChangeCode": "E"
    },
    "isAvailable": true,
    "isPriceAvailable": true,
    "inPromo": false,
    "gtin": [
      "15400141939429",
      "05400141412246",
      "05400141208818",
      "05400141070866",
      "15400141963547",
      "05400141474619",
      "15400141474616",
      "05400141339574"
    ],
    "topCategoryName": "Bereidingen/Charcuterie/Vis/Veggie",
    "topCategoryId": "105",
    "businessDomain": "RETAIL_BE",
    "IsPrivateLabel": true,
    "IsBiffe": false,
    "WeightconversionFactor": "0",
    "IsWeightArticle": false,
    "nutriscoreLabel": "B",
    "IsBio": false,
    "CountryOfOrigin": "SPANJE",
    "IsExclusivelySoldInLuxembourg": false,
    "OrderUnit": "P",
    "ShortName": "BONI ANSJOVIS LOOK 200G",
    "IsNew": false,
    "EcoscoreLabel": "B",
    "RecentQuanityOfStockUnits": "1,10",
    "LongName": "BONI ansjovisfilet olie look MSC 200g",
    "AlcoholVolume": "0",
    "FicCode": "I",
    "EcoscoreValue": "72"
  },
  {
    "productId": "700245",
    "technicalArticleNumber": "4432438",
    "commercialArticleNumber": "14379",
    "name": "falafels vegetarisch",
    "description": "*Voorgegaarde\nveganistische\nballetjes op basis\nvan kikkererwten",
    "brand": "BONI",
    "seoBrand": "Boni Selection",
    "thumbNail": "https://static.colruytgroup.com/images/200x200/std.lang.all/84/04/asset-3028404.jpg",
    "fullImage": "https://static.colruytgroup.com/images/500x500/std.lang.all/84/04/asset-3028404.jpg",
    "squareImage": "https://static.colruytgroup.com/images/500x500sq/std.lang.all/84/04/asset-3028404.jpg",
    "content": "204g",
    "walkRouteSequenceNumber": 7623,
    "price": {
      "basicPrice": 2.69,
      "recommendedQuantity": "1.0",
      "measurementUnitPrice": 13.19,
      "measurementUnit": "K",
      "isRedPrice": false,
      "pricePerUOM": 13.19,
      "activationDate": "13-03-2024",
      "isPromoActive": "Y",
      "priceChangeCode": "E"
    },
    "isAvailable": true,
    "isPriceAvailable": true,
    "inPromo": true,
    "promotion": [
      {
        "techPromoId": "100899COLR",
        "promotionId": "100899",
        "promotionType": "3",
        "isPersonalized": "N",
        "publicationStartDate": "13-03-2024",
        "publicationEndDate": "26-03-2024"
      }
    ],
    "gtin": [
      "05400141973440",
      "05400141512342",
      "15400141973447",
      "15400141512349"
    ],
    "topCategoryName": "Bereidingen/Charcuterie/Vis/Veggie",
    "topCategoryId": "105",
    "businessDomain": "RETAIL_BE",
    "IsPrivateLabel": true,
    "IsBiffe": false,
    "WeightconversionFactor": "0",
    "IsWeightArticle": false,
    "nutriscoreLabel": "B",
    "IsBio": false,
    "CountryOfOrigin": "NEDERLAND",
    "IsExclusivelySoldInLuxembourg": false,
    "OrderUnit": "P",
    "ShortName": "BONI VEGGIE FALAFEL204G",
    "IsNew": false,
    "EcoscoreLabel": "B",
    "RecentQuanityOfStockUnits": "1",
    "LongName": "BONI falafels vegetarisch 204g",
    "FicCode": "I",
    "EcoscoreValue": "74"
  },
  {
    "productId": "834711",
    "technicalArticleNumber": "4676496",
    "commercialArticleNumber": "10461",
    "name": "Bami Goreng",
    "description": "*In de wok\ngebakken noedels\nmet hamblokjes,\nprei en ei.",
    "brand": "BONI",
    "seoBrand": "Boni Selection",
    "thumbNail": "https://static.colruytgroup.com/images/200x200/std.lang.all/40/48/asset-3174048.jpg",
    "fullImage": "https://static.colruytgroup.com/images/500x500/std.lang.all/40/48/asset-3174048.jpg",
    "squareImage": "https://static.colruytgroup.com/images/500x500sq/std.lang.all/40/48/asset-3174048.jpg",
    "content": "1kg",
    "walkRouteSequenceNumber": 7536,
    "price": {
      "basicPrice": 4.49,
      "recommendedQuantity": "1.0",
      "measurementUnitPrice": 4.49,
      "measurementUnit": "K",
      "isRedPrice": false,
      "pricePerUOM": 4.49,
      "activationDate": "03-06-2023",
      "isPromoActive": "N",
      "priceChangeCode": "E"
    },
    "isAvailable": true,
    "isPriceAvailable": true,
    "inPromo": false,
    "gtin": [
      "15400141451495",
      "05400141451498"
    ],
    "topCategoryName": "Bereidingen/Charcuterie/Vis/Veggie",
    "topCategoryId": "105",
    "businessDomain": "RETAIL_BE",
    "IsPrivateLabel": true,
    "IsBiffe": false,
    "WeightconversionFactor": "0",
    "IsWeightArticle": false,
    "nutriscoreLabel": "C",
    "IsBio": false,
    "CountryOfOrigin": "NEDERLAND",
    "IsExclusivelySoldInLuxembourg": false,
    "OrderUnit": "P",
    "ShortName": "BONI BAMI GORENG 1KG",
    "IsNew": false,
    "RecentQuanityOfStockUnits": "1",
    "LongName": "BONI Bami Goreng 1kg",
    "FicCode": "I"
  },
  {
    "productId": "13306",
    "technicalArticleNumber": "1331392",
    "commercialArticleNumber": "27118",
    "name": "hotdog 2st",
    "description": "*Met varkensvlees\n*In de microgolfoven",
    "brand": "EVERYDAY",
    "seoBrand": "Everyday",
    "thumbNail": "https://static.colruytgroup.com/images/200x200/std.lang.all/09/08/asset-2210908.jpg",
    "fullImage": "https://static.colruytgroup.com/images/500x500/std.lang.all/09/08/asset-2210908.jpg",
    "squareImage": "https://static.colruytgroup.com/images/500x500sq/std.lang.all/09/08/asset-2210908.jpg",
    "content": "218g",
    "walkRouteSequenceNumber": 6631,
    "price": {
      "basicPrice": 2.19,
      "recommendedQuantity": "1.0",
      "measurementUnitPrice": 10.05,
      "measurementUnit": "K",
      "isRedPrice": false,
      "pricePerUOM": 10.05,
      "activationDate": "05-03-2024",
      "recordSource": "Offline",
      "isPromoActive": "N",
      "priceChangeCode": "H"
    },
    "isAvailable": true,
    "isPriceAvailable": true,
    "inPromo": false,
    "gtin": [
      "04037473900106",
      "08713354456523",
      "05400141434576",
      "15400141387312",
      "05400141125603",
      "05400141387315",
      "15400141125600"
    ],
    "topCategoryName": "Bereidingen/Charcuterie/Vis/Veggie",
    "topCategoryId": "105",
    "businessDomain": "RETAIL_BE",
    "IsPrivateLabel": true,
    "IsBiffe": false,
    "WeightconversionFactor": "0",
    "IsWeightArticle": false,
    "nutriscoreLabel": "D",
    "IsBio": false,
    "CountryOfOrigin": "NEDERLAND",
    "IsExclusivelySoldInLuxembourg": false,
    "OrderUnit": "P",
    "ShortName": "EVD 2 HOTDOGS 218 GR",
    "IsNew": false,
    "EcoscoreLabel": "E",
    "RecentQuanityOfStockUnits": "1,12",
    "LongName": "EVERYDAY hotdog 2st 218g",
    "AlcoholVolume": "0",
    "FicCode": "I",
    "EcoscoreValue": "17"
  },
  {
    "productId": "39303",
    "technicalArticleNumber": "1833033",
    "commercialArticleNumber": "35100",
    "name": "pangasiusf. graatl. ASC",
    "description": "*Aquacultuur uit\nViëtnam\n*Graatloos\n*2 stuks",
    "brand": "EVERYDAY",
    "seoBrand": "Everyday",
    "thumbNail": "https://static.colruytgroup.com/images/200x200/std.lang.all/92/60/asset-619260.jpg",
    "fullImage": "https://static.colruytgroup.com/images/500x500/std.lang.all/92/60/asset-619260.jpg",
    "squareImage": "https://static.colruytgroup.com/images/500x500sq/std.lang.all/92/60/asset-619260.jpg",
    "content": "2x±180g",
    "walkRouteSequenceNumber": 7429,
    "price": {
      "basicPrice": 14.25,
      "recommendedQuantity": "0.1",
      "unit": "K",
      "quantityPrice": 10.56,
      "quantityPriceQuantity": "0.7",
      "measurementUnitPrice": 14.25,
      "measurementUnitQuantityPrice": 10.56,
      "measurementUnit": "K",
      "isRedPrice": false,
      "pricePerUOM": 14.25,
      "activationDate": "20-03-2024",
      "recordSource": "Offline",
      "isPromoActive": "N",
      "priceChangeCode": "E",
      "quantityPricePerUOM": 10.56,
      "quantityActivationDate": "20-03-2024",
      "quantityPriceChangeCode": "L"
    },
    "isAvailable": true,
    "isPriceAvailable": true,
    "inPromo": false,
    "gtin": [
      "05400141992885",
      "05400141071009",
      "95400141123589",
      "05400141250749",
      "95400141992888"
    ],
    "topCategoryName": "Bereidingen/Charcuterie/Vis/Veggie",
    "topCategoryId": "105",
    "businessDomain": "RETAIL_BE",
    "IsPrivateLabel": true,
    "IsBiffe": false,
    "WeightconversionFactor": "360",
    "IsWeightArticle": true,
    "nutriscoreLabel": "A",
    "IsBio": false,
    "CountryOfOrigin": "VIETNAM",
    "IsExclusivelySoldInLuxembourg": false,
    "OrderUnit": "P",
    "ShortName": "EVD PANGASIUSF.2X180GW",
    "IsNew": false,
    "EcoscoreLabel": "E",
    "RecentQuanityOfStockUnits": "1",
    "LongName": "EVERYDAY pangasiusf. graatl. ASC 2x±180g",
    "AlcoholVolume": "0",
    "FicCode": "I",
    "EcoscoreValue": "4"
  },
  {
    "productId": "53950",
    "technicalArticleNumber": "2273316",
    "commercialArticleNumber": "9791",
    "name": "grisonvlees",
    "description": "*Zwitserland\n*Gedroogd\n*Boterham,buffet,\nkoude schotel,tapas,\nraclette",
    "brand": "BONI",
    "seoBrand": "Boni Selection",
    "thumbNail": "https://static.colruytgroup.com/images/200x200/std.lang.all/69/57/asset-2966957.jpg",
    "fullImage": "https://static.colruytgroup.com/images/500x500/std.lang.all/69/57/asset-2966957.jpg",
    "squareImage": "https://static.colruytgroup.com/images/500x500sq/std.lang.all/69/57/asset-2966957.jpg",
    "content": "80g",
    "walkRouteSequenceNumber": 7836,
    "price": {
      "basicPrice": 4.49,
      "recommendedQuantity": "1.0",
      "measurementUnitPrice": 56.13,
      "measurementUnit": "K",
      "isRedPrice": false,
      "pricePerUOM": 56.13,
      "activationDate": "26-02-2024",
      "recordSource": "Offline",
      "isPromoActive": "N",
      "priceChangeCode": "E"
    },
    "isAvailable": true,
    "isPriceAvailable": true,
    "inPromo": false,
    "gtin": [
      "05400141097917",
      "05400141375893",
      "05400141787849",
      "15400141324010",
      "05400141623857",
      "05400141324013",
      "15400141623854"
    ],
    "topCategoryName": "Bereidingen/Charcuterie/Vis/Veggie",
    "topCategoryId": "105",
    "businessDomain": "RETAIL_BE",
    "IsPrivateLabel": true,
    "IsBiffe": false,
    "WeightconversionFactor": "0",
    "IsWeightArticle": false,
    "nutriscoreLabel": "E",
    "IsBio": false,
    "CountryOfOrigin": "FRANKRIJK",
    "IsExclusivelySoldInLuxembourg": false,
    "OrderUnit": "P",
    "ShortName": "BONI GRISON VLEES 80G",
    "InSeason": true,
    "IsNew": false,
    "EcoscoreLabel": "E",
    "RecentQuanityOfStockUnits": "1",
    "LongName": "BONI grisonvlees 80g",
    "AlcoholVolume": "0",
    "StartSeasonDate": "01/08/2012",
    "FicCode": "I",
    "EcoscoreValue": "0"
  },
  {
    "productId": "281607",
    "technicalArticleNumber": "3673472",
    "commercialArticleNumber": "27239",
    "name": "paté groene peper",
    "description": "paté met groene peper",
    "brand": "BONI",
    "seoBrand": "Boni Selection",
    "thumbNail": "https://static.colruytgroup.com/images/200x200/std.lang.all/27/65/asset-3362765.jpg",
    "fullImage": "https://static.colruytgroup.com/images/500x500/std.lang.all/27/65/asset-3362765.jpg",
    "squareImage": "https://static.colruytgroup.com/images/500x500sq/std.lang.all/27/65/asset-3362765.jpg",
    "content": "150g",
    "walkRouteSequenceNumber": 7707,
    "price": {
      "basicPrice": 1.49,
      "recommendedQuantity": "1.0",
      "measurementUnitPrice": 9.94,
      "measurementUnit": "K",
      "isRedPrice": false,
      "pricePerUOM": 9.94,
      "activationDate": "03-06-2023",
      "isPromoActive": "N",
      "priceChangeCode": "E"
    },
    "isAvailable": true,
    "isPriceAvailable": true,
    "inPromo": false,
    "gtin": [
      "05400141323856",
      "05400141370362"
    ],
    "topCategoryName": "Bereidingen/Charcuterie/Vis/Veggie",
    "topCategoryId": "105",
    "businessDomain": "RETAIL_BE",
    "IsPrivateLabel": true,
    "IsBiffe": false,
    "WeightconversionFactor": "0",
    "IsWeightArticle": false,
    "nutriscoreLabel": "E",
    "IsBio": false,
    "CountryOfOrigin": "BELGIË",
    "IsExclusivelySoldInLuxembourg": false,
    "OrderUnit": "P",
    "ShortName": "BONI PATE GR PEPER 150G",
    "IsNew": false,
    "EcoscoreLabel": "C",
    "RecentQuanityOfStockUnits": "1",
    "LongName": "BONI paté groene peper 150g",
    "AlcoholVolume": "0",
    "FicCode": "I",
    "EcoscoreValue": "44"
  },
  {
    "productId": "59001",
    "technicalArticleNumber": "2322266",
    "commercialArticleNumber": "5526",
    "name": "Tortell. ric-spinazie",
    "description": "*Verse pasta,\n44 % vulling:\nricotta, spinazie\n*In de kookpot",
    "brand": "GIOVANNI RANA",
    "seoBrand": "Giovanni Rana",
    "thumbNail": "https://static.colruytgroup.com/images/200x200/std.lang.all/03/43/asset-2700343.jpg",
    "fullImage": "https://static.colruytgroup.com/images/500x500/std.lang.all/03/43/asset-2700343.jpg",
    "squareImage": "https://static.colruytgroup.com/images/500x500sq/std.lang.all/03/43/asset-2700343.jpg",
    "content": "400g",
    "walkRouteSequenceNumber": 6655,
    "price": {
      "basicPrice": 5.49,
      "recommendedQuantity": "1.0",
      "measurementUnitPrice": 13.73,
      "measurementUnit": "K",
      "isRedPrice": false,
      "pricePerUOM": 13.73,
      "activationDate": "12-03-2024",
      "recordSource": "Offline",
      "isPromoActive": "N",
      "priceChangeCode": "H"
    },
    "isAvailable": true,
    "isPriceAvailable": true,
    "inPromo": false,
    "gtin": [
      "08001665123464",
      "08001665508728",
      "08001665126816"
    ],
    "topCategoryName": "Bereidingen/Charcuterie/Vis/Veggie",
    "topCategoryId": "105",
    "businessDomain": "RETAIL_BE",
    "IsPrivateLabel": false,
    "IsBiffe": false,
    "WeightconversionFactor": "0",
    "IsWeightArticle": false,
    "nutriscoreLabel": "D",
    "IsBio": false,
    "CountryOfOrigin": "ITALIË",
    "IsExclusivelySoldInLuxembourg": false,
    "OrderUnit": "P",
    "ShortName": "RANA TORT RIC SPIN 400G",
    "IsNew": false,
    "EcoscoreLabel": "C",
    "RecentQuanityOfStockUnits": "1,6",
    "LongName": "GIOVANNI RANA Tortell. ric-spinazie 400g",
    "AlcoholVolume": "0",
    "FicCode": "E",
    "EcoscoreValue": "48"
  },
  {
    "productId": "575421",
    "technicalArticleNumber": "4223713",
    "commercialArticleNumber": "18062",
    "name": "Gegrilde stukje",
    "description": "*Gegrilde stukjes\nop basis van\nsoja, tarwe,\neiwitten\n*Veggie",
    "brand": "GARDEN GOURMET",
    "seoBrand": "Garden Gourmet",
    "thumbNail": "https://ecgproductmw.colruytgroup.com/ecgproductmw/noPicForArticle_2.jpg",
    "fullImage": "https://ecgproductmw.colruytgroup.com/ecgproductmw/noPicForArticle_5.jpg",
    "squareImage": "https://ecgproductmw.colruytgroup.com/ecgproductmw/noPicForArticle_5.jpg",
    "content": "175g",
    "walkRouteSequenceNumber": 7607,
    "price": {
      "basicPrice": 2.49,
      "recommendedQuantity": "1.0",
      "measurementUnitPrice": 14.23,
      "measurementUnit": "K",
      "isRedPrice": false,
      "pricePerUOM": 14.23,
      "activationDate": "23-03-2024",
      "recordSource": "Folder",
      "isPromoActive": "N",
      "priceChangeCode": "E"
    },
    "isAvailable": true,
    "isPriceAvailable": true,
    "inPromo": false,
    "gtin": [
      "07613287100139",
      "07613039945193",
      "07290111560637"
    ],
    "topCategoryName": "Bereidingen/Charcuterie/Vis/Veggie",
    "topCategoryId": "105",
    "businessDomain": "RETAIL_BE",
    "IsPrivateLabel": false,
    "IsBiffe": false,
    "WeightconversionFactor": "0",
    "IsWeightArticle": false,
    "nutriscoreLabel": "A",
    "IsBio": false,
    "CountryOfOrigin": "TSJECHIË (REPUBLIEK)",
    "IsExclusivelySoldInLuxembourg": false,
    "OrderUnit": "P",
    "ShortName": "GG GEGRILDE STUKJE 175G",
    "IsNew": false,
    "RecentQuanityOfStockUnits": "1",
    "LongName": "GARDEN GOURMET Gegrilde stukje 175g",
    "FicCode": "E"
  },
  {
    "productId": "88125",
    "technicalArticleNumber": "2975261",
    "commercialArticleNumber": "1021",
    "name": "taboulé 5 groenten",
    "description": "*Met taboulé, maïs,\nwortelen, tomaten,\nerwten, broccoli\n*Koud te serveren",
    "brand": "BONI",
    "seoBrand": "Boni Selection",
    "thumbNail": "https://static.colruytgroup.com/images/200x200/std.lang.all/79/56/asset-2107956.jpg",
    "fullImage": "https://static.colruytgroup.com/images/500x500/std.lang.all/79/56/asset-2107956.jpg",
    "squareImage": "https://static.colruytgroup.com/images/500x500sq/std.lang.all/79/56/asset-2107956.jpg",
    "content": "500g",
    "walkRouteSequenceNumber": 5294,
    "price": {
      "basicPrice": 2.99,
      "recommendedQuantity": "1.0",
      "measurementUnitPrice": 5.98,
      "measurementUnit": "K",
      "isRedPrice": false,
      "pricePerUOM": 5.98,
      "activationDate": "15-03-2024",
      "recordSource": "Offline",
      "isPromoActive": "N",
      "priceChangeCode": "E"
    },
    "isAvailable": true,
    "isPriceAvailable": true,
    "inPromo": false,
    "gtin": [
      "15400141094630",
      "05400141070088",
      "05400141044188",
      "05400141094633"
    ],
    "topCategoryName": "Bereidingen/Charcuterie/Vis/Veggie",
    "topCategoryId": "105",
    "businessDomain": "RETAIL_BE",
    "IsPrivateLabel": true,
    "IsBiffe": false,
    "WeightconversionFactor": "0",
    "IsWeightArticle": false,
    "nutriscoreLabel": "C",
    "IsBio": false,
    "CountryOfOrigin": "FRANKRIJK",
    "IsExclusivelySoldInLuxembourg": false,
    "OrderUnit": "P",
    "ShortName": "BONI TABOULE 5GROE 500G",
    "IsNew": false,
    "EcoscoreLabel": "A",
    "RecentQuanityOfStockUnits": "1,4",
    "LongName": "BONI taboulé 5 groenten 500g",
    "AlcoholVolume": "0",
    "FicCode": "I",
    "EcoscoreValue": "94"
  },
  {
    "productId": "865409",
    "technicalArticleNumber": "4717536",
    "commercialArticleNumber": "3288",
    "name": "Twin Cheeseburger",
    "brand": "DANLERS",
    "seoBrand": "Danlers",
    "thumbNail": "https://static.colruytgroup.com/images/200x200/std.lang.all/77/92/asset-3207792.jpg",
    "fullImage": "https://static.colruytgroup.com/images/500x500/std.lang.all/77/92/asset-3207792.jpg",
    "squareImage": "https://static.colruytgroup.com/images/500x500sq/std.lang.all/77/92/asset-3207792.jpg",
    "content": "275g",
    "walkRouteSequenceNumber": 6621,
    "price": {
      "basicPrice": 3.49,
      "recommendedQuantity": "1.0",
      "measurementUnitPrice": 12.7,
      "measurementUnit": "K",
      "isRedPrice": false,
      "pricePerUOM": 12.7,
      "activationDate": "06-09-2023",
      "isPromoActive": "N",
      "priceChangeCode": "E"
    },
    "isAvailable": true,
    "isPriceAvailable": true,
    "inPromo": false,
    "gtin": [
      "18713354132882",
      "08713354020106"
    ],
    "topCategoryName": "Bereidingen/Charcuterie/Vis/Veggie",
    "topCategoryId": "105",
    "businessDomain": "RETAIL_BE",
    "IsPrivateLabel": false,
    "IsBiffe": false,
    "WeightconversionFactor": "0",
    "IsWeightArticle": false,
    "IsBio": false,
    "CountryOfOrigin": "NEDERLAND",
    "IsExclusivelySoldInLuxembourg": false,
    "OrderUnit": "P",
    "ShortName": "DANL TWIN CHEESBUR.275G",
    "IsNew": false,
    "RecentQuanityOfStockUnits": "1",
    "LongName": "DANLERS Twin Cheeseburger 275g",
    "FicCode": "E"
  },
  {
    "productId": "2244",
    "technicalArticleNumber": "27955",
    "commercialArticleNumber": "27955",
    "name": "rivierkreeftjes gepeld",
    "description": "*Wild, China\n*Gepeld",
    "brand": "BONI",
    "seoBrand": "Boni Selection",
    "thumbNail": "https://static.colruytgroup.com/images/200x200/std.lang.all/07/29/asset-3330729.jpg",
    "fullImage": "https://static.colruytgroup.com/images/500x500/std.lang.all/07/29/asset-3330729.jpg",
    "squareImage": "https://static.colruytgroup.com/images/500x500sq/std.lang.all/07/29/asset-3330729.jpg",
    "content": "150g",
    "walkRouteSequenceNumber": 7542,
    "price": {
      "basicPrice": 3.99,
      "recommendedQuantity": "1.0",
      "measurementUnitPrice": 26.6,
      "measurementUnit": "K",
      "isRedPrice": false,
      "pricePerUOM": 26.6,
      "activationDate": "23-03-2024",
      "recordSource": "Folder",
      "isPromoActive": "N",
      "priceChangeCode": "E"
    },
    "isAvailable": true,
    "isPriceAvailable": true,
    "inPromo": false,
    "gtin": [
      "05400141311983",
      "15400141311980",
      "05400141070576",
      "05400141098709",
      "05400141366778",
      "15400141098706",
      "15400141366775",
      "15400141940005",
      "15400141986348",
      "15400141513124",
      "05400141513127"
    ],
    "topCategoryName": "Bereidingen/Charcuterie/Vis/Veggie",
    "topCategoryId": "105",
    "businessDomain": "RETAIL_BE",
    "IsPrivateLabel": true,
    "IsBiffe": false,
    "WeightconversionFactor": "0",
    "IsWeightArticle": false,
    "nutriscoreLabel": "C",
    "IsBio": false,
    "CountryOfOrigin": "CHINA (VOLKSREBUPLIEK)",
    "IsExclusivelySoldInLuxembourg": false,
    "OrderUnit": "P",
    "ShortName": "BONI RIVIERKR 150G",
    "InSeason": true,
    "IsNew": false,
    "EcoscoreLabel": "E",
    "RecentQuanityOfStockUnits": "1",
    "LongName": "BONI rivierkreeftjes gepeld 150g",
    "AlcoholVolume": "0",
    "StartSeasonDate": "13/06/2014",
    "FicCode": "I",
    "EcoscoreValue": "0"
  },
  {
    "productId": "90874",
    "technicalArticleNumber": "2953695",
    "commercialArticleNumber": "38783",
    "name": "pizza Prosciutto Funghi",
    "description": "*Ham, emmentaler,\nchampignons\n*In de oven",
    "brand": "EVERYDAY",
    "seoBrand": "Everyday",
    "thumbNail": "https://static.colruytgroup.com/images/200x200/std.lang.all/70/18/asset-827018.jpg",
    "fullImage": "https://static.colruytgroup.com/images/500x500/std.lang.all/70/18/asset-827018.jpg",
    "squareImage": "https://static.colruytgroup.com/images/500x500sq/std.lang.all/70/18/asset-827018.jpg",
    "content": "450g",
    "walkRouteSequenceNumber": 6685,
    "price": {
      "basicPrice": 2.99,
      "recommendedQuantity": "1.0",
      "measurementUnitPrice": 6.65,
      "measurementUnit": "K",
      "isRedPrice": false,
      "pricePerUOM": 6.65,
      "activationDate": "14-11-2023",
      "isPromoActive": "N",
      "priceChangeCode": "E"
    },
    "isAvailable": true,
    "isPriceAvailable": true,
    "inPromo": false,
    "gtin": [
      "15400141854609",
      "05400141837070",
      "05400141376821",
      "05400141044089",
      "15400141972587",
      "15400141837077"
    ],
    "topCategoryName": "Bereidingen/Charcuterie/Vis/Veggie",
    "topCategoryId": "105",
    "businessDomain": "RETAIL_BE",
    "IsPrivateLabel": true,
    "IsBiffe": false,
    "WeightconversionFactor": "0",
    "IsWeightArticle": false,
    "nutriscoreLabel": "C",
    "IsBio": false,
    "CountryOfOrigin": "FRANKRIJK",
    "IsExclusivelySoldInLuxembourg": false,
    "OrderUnit": "P",
    "ShortName": "EVD PROSC.FUNGHI 450G.",
    "IsNew": false,
    "EcoscoreLabel": "C",
    "RecentQuanityOfStockUnits": "1",
    "LongName": "EVERYDAY pizza Prosciutto Funghi 450g",
    "AlcoholVolume": "0",
    "FicCode": "I",
    "EcoscoreValue": "51"
  },
  {
    "productId": "47665",
    "technicalArticleNumber": "2522802",
    "commercialArticleNumber": "15477",
    "name": "salamiblokjes zonderlook",
    "description": "*België\n*65,7 % varkensvlees\n*Zonder look,\ngedroogd\n*Aperitief",
    "brand": "BONI",
    "seoBrand": "Boni Selection",
    "thumbNail": "https://static.colruytgroup.com/images/200x200/std.lang.all/29/22/asset-1842922.jpg",
    "fullImage": "https://static.colruytgroup.com/images/500x500/std.lang.all/29/22/asset-1842922.jpg",
    "squareImage": "https://static.colruytgroup.com/images/500x500sq/std.lang.all/29/22/asset-1842922.jpg",
    "content": "200g",
    "walkRouteSequenceNumber": 6785,
    "price": {
      "basicPrice": 3.16,
      "recommendedQuantity": "1.0",
      "quantityPrice": 2.66,
      "quantityPriceQuantity": "2.0",
      "measurementUnitPrice": 15.8,
      "measurementUnitQuantityPrice": 13.3,
      "measurementUnit": "K",
      "isRedPrice": false,
      "pricePerUOM": 15.8,
      "activationDate": "20-03-2024",
      "recordSource": "Offline",
      "isPromoActive": "N",
      "priceChangeCode": "E",
      "quantityPricePerUOM": 13.3,
      "quantityActivationDate": "20-03-2024",
      "quantityPriceChangeCode": "E"
    },
    "isAvailable": true,
    "isPriceAvailable": true,
    "inPromo": false,
    "gtin": [
      "15400141917748",
      "05400141478181",
      "05400141363869",
      "05400141188653",
      "05400141150100",
      "05400141001624",
      "05400141319866",
      "15400141478188"
    ],
    "topCategoryName": "Bereidingen/Charcuterie/Vis/Veggie",
    "topCategoryId": "105",
    "businessDomain": "RETAIL_BE",
    "IsPrivateLabel": true,
    "IsBiffe": false,
    "WeightconversionFactor": "0",
    "IsWeightArticle": false,
    "nutriscoreLabel": "E",
    "IsBio": false,
    "CountryOfOrigin": "BELGIË",
    "IsExclusivelySoldInLuxembourg": false,
    "OrderUnit": "P",
    "ShortName": "BONISAL.BLOK.Z.LOOK200G",
    "IsNew": false,
    "EcoscoreLabel": "D",
    "RecentQuanityOfStockUnits": "1",
    "LongName": "BONI salamiblokjes zonderlook 200g",
    "AlcoholVolume": "0",
    "FicCode": "I",
    "EcoscoreValue": "20"
  },
  {
    "productId": "54935",
    "technicalArticleNumber": "2474846",
    "commercialArticleNumber": "37494",
    "name": "macaroni kaas-ham",
    "description": "*Macaroni, 12 % ham,\n7 % kaas,\nbechamelsaus\n*In de oven",
    "brand": "COME A CASA",
    "seoBrand": "Come A Casa",
    "thumbNail": "https://static.colruytgroup.com/images/200x200/std.lang.all/19/83/asset-2071983.jpg",
    "fullImage": "https://static.colruytgroup.com/images/500x500/std.lang.all/19/83/asset-2071983.jpg",
    "squareImage": "https://static.colruytgroup.com/images/500x500sq/std.lang.all/19/83/asset-2071983.jpg",
    "content": "400g",
    "walkRouteSequenceNumber": 6638,
    "price": {
      "basicPrice": 4.75,
      "recommendedQuantity": "1.0",
      "measurementUnitPrice": 11.88,
      "measurementUnit": "K",
      "isRedPrice": false,
      "pricePerUOM": 11.88,
      "activationDate": "13-03-2024",
      "recordSource": "Offline",
      "isPromoActive": "N",
      "priceChangeCode": "H"
    },
    "isAvailable": true,
    "isPriceAvailable": true,
    "inPromo": false,
    "gtin": [
      "05413848106028",
      "25413848229875"
    ],
    "topCategoryName": "Bereidingen/Charcuterie/Vis/Veggie",
    "topCategoryId": "105",
    "businessDomain": "RETAIL_BE",
    "IsPrivateLabel": false,
    "IsBiffe": false,
    "WeightconversionFactor": "0",
    "IsWeightArticle": false,
    "nutriscoreLabel": "C",
    "IsBio": false,
    "CountryOfOrigin": "BELGIË",
    "IsExclusivelySoldInLuxembourg": false,
    "OrderUnit": "P",
    "ShortName": "CAC GRATIN MACARONI400G",
    "IsNew": false,
    "EcoscoreLabel": "C",
    "RecentQuanityOfStockUnits": "1",
    "LongName": "COME A CASA macaroni kaas-ham 400g",
    "AlcoholVolume": "0",
    "FicCode": "E",
    "EcoscoreValue": "50"
  },
  {
    "productId": "752083",
    "technicalArticleNumber": "4524932",
    "commercialArticleNumber": "20381",
    "name": "Skreihaasje",
    "brand": "BONI",
    "seoBrand": "Boni Selection",
    "thumbNail": "https://static.colruytgroup.com/images/200x200/std.lang.all/84/21/asset-3248421.jpg",
    "fullImage": "https://static.colruytgroup.com/images/500x500/std.lang.all/84/21/asset-3248421.jpg",
    "squareImage": "https://static.colruytgroup.com/images/500x500sq/std.lang.all/84/21/asset-3248421.jpg",
    "content": "±250g",
    "walkRouteSequenceNumber": 7462,
    "price": {
      "basicPrice": 29.95,
      "recommendedQuantity": "1.0",
      "unit": "K",
      "measurementUnitPrice": 29.95,
      "measurementUnit": "K",
      "isRedPrice": true,
      "redPriceReason": "Promo",
      "pricePerUOM": 29.95,
      "activationDate": "13-03-2024",
      "isPromoActive": "Y",
      "priceChangeCode": "L"
    },
    "isAvailable": true,
    "isPriceAvailable": true,
    "inPromo": false,
    "gtin": [
      "05400141550580",
      "95400141550583"
    ],
    "topCategoryName": "Bereidingen/Charcuterie/Vis/Veggie",
    "topCategoryId": "105",
    "businessDomain": "RETAIL_BE",
    "IsPrivateLabel": true,
    "IsBiffe": false,
    "WeightconversionFactor": "250",
    "IsWeightArticle": true,
    "nutriscoreLabel": "A",
    "IsBio": false,
    "CountryOfOrigin": "NOORWEGEN",
    "IsExclusivelySoldInLuxembourg": false,
    "OrderUnit": "P",
    "ShortName": "BONI SKREIHAASJ +-250GW",
    "InSeason": true,
    "IsNew": false,
    "EcoscoreLabel": "E",
    "RecentQuanityOfStockUnits": "1",
    "LongName": "BONI Skreihaasje ±250g",
    "StartSeasonDate": "05/02/2024",
    "FicCode": "I",
    "EcoscoreValue": "4"
  },
  {
    "productId": "187507",
    "technicalArticleNumber": "3464920",
    "commercialArticleNumber": "30742",
    "name": "groenteburger veg",
    "description": "*Veggie",
    "brand": "GARDEN GOURMET",
    "seoBrand": "Garden Gourmet",
    "thumbNail": "https://static.colruytgroup.com/images/200x200/std.lang.all/51/96/asset-2755196.jpg",
    "fullImage": "https://static.colruytgroup.com/images/500x500/std.lang.all/51/96/asset-2755196.jpg",
    "squareImage": "https://static.colruytgroup.com/images/500x500sq/std.lang.all/51/96/asset-2755196.jpg",
    "content": "170g",
    "walkRouteSequenceNumber": 7609,
    "price": {
      "basicPrice": 3.39,
      "recommendedQuantity": "1.0",
      "quantityPrice": 2.62,
      "quantityPriceQuantity": "2.0",
      "measurementUnitPrice": 19.95,
      "measurementUnitQuantityPrice": 15.42,
      "measurementUnit": "K",
      "isRedPrice": false,
      "pricePerUOM": 19.95,
      "activationDate": "21-03-2024",
      "recordSource": "Offline",
      "isPromoActive": "N",
      "priceChangeCode": "E",
      "quantityPricePerUOM": 15.42,
      "quantityActivationDate": "21-03-2024",
      "quantityPriceChangeCode": "H"
    },
    "isAvailable": true,
    "isPriceAvailable": true,
    "inPromo": false,
    "gtin": [
      "07290012521362",
      "08717853621024",
      "08445290996619"
    ],
    "topCategoryName": "Bereidingen/Charcuterie/Vis/Veggie",
    "topCategoryId": "105",
    "businessDomain": "RETAIL_BE",
    "IsPrivateLabel": false,
    "IsBiffe": false,
    "WeightconversionFactor": "0",
    "IsWeightArticle": false,
    "nutriscoreLabel": "A",
    "IsBio": false,
    "CountryOfOrigin": "BELGIË",
    "IsExclusivelySoldInLuxembourg": false,
    "OrderUnit": "P",
    "ShortName": "GG GROENTENBURGER 170GR",
    "IsNew": false,
    "RecentQuanityOfStockUnits": "1",
    "LongName": "GARDEN GOURMET groenteburger veg 170g",
    "AlcoholVolume": "0",
    "FicCode": "E"
  },
  {
    "productId": "87085",
    "technicalArticleNumber": "2947783",
    "commercialArticleNumber": "3914",
    "name": "groenteballetjes",
    "description": "*Groentenballetjes\n*Op basis van tarwe-\nen soja-eiwitten\n*Veggie",
    "brand": "GARDEN GOURMET",
    "seoBrand": "Garden Gourmet",
    "thumbNail": "https://static.colruytgroup.com/images/200x200/std.lang.all/76/71/asset-3417671.jpg",
    "fullImage": "https://static.colruytgroup.com/images/500x500/std.lang.all/76/71/asset-3417671.jpg",
    "squareImage": "https://static.colruytgroup.com/images/500x500sq/std.lang.all/76/71/asset-3417671.jpg",
    "content": "200g",
    "walkRouteSequenceNumber": 7597,
    "price": {
      "basicPrice": 2.37,
      "recommendedQuantity": "1.0",
      "measurementUnitPrice": 11.85,
      "measurementUnit": "K",
      "isRedPrice": false,
      "pricePerUOM": 11.85,
      "activationDate": "23-03-2024",
      "recordSource": "Folder",
      "isPromoActive": "N",
      "priceChangeCode": "E"
    },
    "isAvailable": true,
    "isPriceAvailable": true,
    "inPromo": false,
    "gtin": [
      "07290010739820",
      "07290012521386"
    ],
    "topCategoryName": "Bereidingen/Charcuterie/Vis/Veggie",
    "topCategoryId": "105",
    "businessDomain": "RETAIL_BE",
    "IsPrivateLabel": false,
    "IsBiffe": false,
    "WeightconversionFactor": "0",
    "IsWeightArticle": false,
    "nutriscoreLabel": "A",
    "IsBio": false,
    "CountryOfOrigin": "TSJECHIË (REPUBLIEK)",
    "IsExclusivelySoldInLuxembourg": false,
    "OrderUnit": "P",
    "ShortName": "GG GROENTEBAL 200 GR",
    "IsNew": false,
    "RecentQuanityOfStockUnits": "1",
    "LongName": "GARDEN GOURMET groenteballetjes 200g",
    "AlcoholVolume": "0",
    "FicCode": "E"
  },
  {
    "productId": "26148",
    "technicalArticleNumber": "1958765",
    "commercialArticleNumber": "27400",
    "name": "droge worst",
    "description": "*Frankrijk\n*Droge varkensworst\n*Aperitief,\ntussendoortje,\npicknick",
    "brand": "EVERYDAY",
    "seoBrand": "Everyday",
    "thumbNail": "https://static.colruytgroup.com/images/200x200/std.lang.all/89/53/asset-1148953.jpg",
    "fullImage": "https://static.colruytgroup.com/images/500x500/std.lang.all/89/53/asset-1148953.jpg",
    "squareImage": "https://static.colruytgroup.com/images/500x500sq/std.lang.all/89/53/asset-1148953.jpg",
    "content": "200g",
    "walkRouteSequenceNumber": 7787,
    "price": {
      "basicPrice": 2.79,
      "recommendedQuantity": "1.0",
      "measurementUnitPrice": 13.95,
      "measurementUnit": "K",
      "isRedPrice": false,
      "pricePerUOM": 13.95,
      "activationDate": "23-03-2024",
      "recordSource": "Offline",
      "isPromoActive": "N",
      "priceChangeCode": "H"
    },
    "isAvailable": true,
    "isPriceAvailable": true,
    "inPromo": false,
    "gtin": [
      "15400141010890",
      "05400141191172",
      "15400141915829"
    ],
    "topCategoryName": "Bereidingen/Charcuterie/Vis/Veggie",
    "topCategoryId": "105",
    "businessDomain": "RETAIL_BE",
    "IsPrivateLabel": true,
    "IsBiffe": false,
    "WeightconversionFactor": "0",
    "IsWeightArticle": false,
    "nutriscoreLabel": "E",
    "IsBio": false,
    "CountryOfOrigin": "FRANKRIJK",
    "IsExclusivelySoldInLuxembourg": false,
    "OrderUnit": "P",
    "ShortName": "EVD DR.WORST VARKEN200G",
    "InSeason": true,
    "IsNew": false,
    "EcoscoreLabel": "D",
    "RecentQuanityOfStockUnits": "1",
    "LongName": "EVERYDAY droge worst 200g",
    "AlcoholVolume": "0",
    "StartSeasonDate": "16/11/2011",
    "FicCode": "I",
    "EcoscoreValue": "21"
  },
  {
    "productId": "11358",
    "technicalArticleNumber": "1407717",
    "commercialArticleNumber": "27794",
    "name": "haringfilet in azijn",
    "description": "*Wild, noord-\noostelijk deel van\nAtlantische oceaan",
    "brand": "VANDERMAESEN",
    "seoBrand": "Vandermaesen",
    "thumbNail": "https://static.colruytgroup.com/images/200x200/std.lang.all/66/68/asset-376668.jpg",
    "fullImage": "https://static.colruytgroup.com/images/500x500/std.lang.all/66/68/asset-376668.jpg",
    "squareImage": "https://static.colruytgroup.com/images/500x500sq/std.lang.all/66/68/asset-376668.jpg",
    "content": "1kg",
    "walkRouteSequenceNumber": 7419,
    "price": {
      "basicPrice": 7.59,
      "recommendedQuantity": "1.0",
      "measurementUnitPrice": 16.87,
      "measurementUnit": "K",
      "isRedPrice": false,
      "pricePerUOM": 16.87,
      "activationDate": "07-03-2024",
      "recordSource": "Offline",
      "isPromoActive": "N",
      "priceChangeCode": "H"
    },
    "isAvailable": true,
    "isPriceAvailable": true,
    "inPromo": false,
    "gtin": [
      "05411746010393",
      "05411746077419",
      "05411746010416"
    ],
    "topCategoryName": "Bereidingen/Charcuterie/Vis/Veggie",
    "topCategoryId": "105",
    "businessDomain": "RETAIL_BE",
    "IsPrivateLabel": false,
    "IsBiffe": false,
    "WeightconversionFactor": "0",
    "IsWeightArticle": false,
    "nutriscoreLabel": "D",
    "IsBio": false,
    "CountryOfOrigin": "BELGIË",
    "IsExclusivelySoldInLuxembourg": false,
    "OrderUnit": "P",
    "ShortName": "VDM.HARINGFILET 1 KG",
    "IsNew": false,
    "EcoscoreLabel": "B",
    "RecentQuanityOfStockUnits": "1",
    "LongName": "VANDERMAESEN haringfilet in azijn 1kg",
    "AlcoholVolume": "0",
    "FicCode": "E",
    "EcoscoreValue": "66"
  },
  {
    "productId": "710375",
    "technicalArticleNumber": "4451535",
    "commercialArticleNumber": "27361",
    "name": "salami blokjes",
    "description": "Salami blokjes, ideaal voor bij de ape\nritief",
    "brand": "BONI",
    "seoBrand": "Boni Selection",
    "thumbNail": "https://static.colruytgroup.com/images/200x200/std.lang.all/34/30/asset-3223430.jpg",
    "fullImage": "https://static.colruytgroup.com/images/500x500/std.lang.all/34/30/asset-3223430.jpg",
    "squareImage": "https://static.colruytgroup.com/images/500x500sq/std.lang.all/34/30/asset-3223430.jpg",
    "content": "150g",
    "walkRouteSequenceNumber": 6701,
    "price": {
      "basicPrice": 2.29,
      "recommendedQuantity": "1.0",
      "measurementUnitPrice": 15.27,
      "measurementUnit": "K",
      "isRedPrice": false,
      "pricePerUOM": 15.27,
      "activationDate": "17-11-2023",
      "isPromoActive": "N",
      "priceChangeCode": "E"
    },
    "isAvailable": true,
    "isPriceAvailable": true,
    "inPromo": false,
    "gtin": [
      "05400141797022",
      "05400141454840",
      "05400141836424"
    ],
    "topCategoryName": "Bereidingen/Charcuterie/Vis/Veggie",
    "topCategoryId": "105",
    "businessDomain": "RETAIL_BE",
    "IsPrivateLabel": true,
    "IsBiffe": false,
    "WeightconversionFactor": "0",
    "IsWeightArticle": false,
    "nutriscoreLabel": "E",
    "IsBio": false,
    "CountryOfOrigin": "BELGIË",
    "IsExclusivelySoldInLuxembourg": false,
    "OrderUnit": "P",
    "ShortName": "BONI SALAMI BLOKJES150G",
    "IsNew": false,
    "EcoscoreLabel": "E",
    "RecentQuanityOfStockUnits": "1",
    "LongName": "BONI salami blokjes 150g",
    "AlcoholVolume": "0",
    "FicCode": "I",
    "EcoscoreValue": "15"
  },
  {
    "productId": "770242",
    "technicalArticleNumber": "4557177",
    "commercialArticleNumber": "25352",
    "name": "Falafel Classic",
    "description": "*Vegan balletjes op\nbasis van\nkikkererwten",
    "brand": "GARDEN GOURMET",
    "seoBrand": "Garden Gourmet",
    "thumbNail": "https://static.colruytgroup.com/images/200x200/std.lang.all/03/65/asset-2760365.jpg",
    "fullImage": "https://static.colruytgroup.com/images/500x500/std.lang.all/03/65/asset-2760365.jpg",
    "squareImage": "https://static.colruytgroup.com/images/500x500sq/std.lang.all/03/65/asset-2760365.jpg",
    "content": "190g",
    "walkRouteSequenceNumber": 7598,
    "price": {
      "basicPrice": 3.79,
      "recommendedQuantity": "1.0",
      "quantityPrice": 2.84,
      "quantityPriceQuantity": "2.0",
      "measurementUnitPrice": 19.95,
      "measurementUnitQuantityPrice": 14.95,
      "measurementUnit": "K",
      "isRedPrice": false,
      "pricePerUOM": 19.95,
      "activationDate": "21-03-2024",
      "recordSource": "Offline",
      "isPromoActive": "N",
      "priceChangeCode": "E",
      "quantityPricePerUOM": 14.95,
      "quantityActivationDate": "21-03-2024",
      "quantityPriceChangeCode": "H"
    },
    "isAvailable": true,
    "isPriceAvailable": true,
    "inPromo": false,
    "gtin": [
      "07613287667328",
      "07613039944929"
    ],
    "topCategoryName": "Bereidingen/Charcuterie/Vis/Veggie",
    "topCategoryId": "105",
    "businessDomain": "RETAIL_BE",
    "IsPrivateLabel": false,
    "IsBiffe": false,
    "WeightconversionFactor": "0",
    "IsWeightArticle": false,
    "nutriscoreLabel": "A",
    "IsBio": false,
    "CountryOfOrigin": "TSJECHIË (REPUBLIEK)",
    "IsExclusivelySoldInLuxembourg": false,
    "OrderUnit": "P",
    "ShortName": "GG FALAFEL CLASSIC 190G",
    "IsNew": false,
    "RecentQuanityOfStockUnits": "1",
    "LongName": "GARDEN GOURMET Falafel Classic 190g",
    "FicCode": "E"
  },
  {
    "productId": "879500",
    "technicalArticleNumber": "4735947",
    "commercialArticleNumber": "24958",
    "name": "Gerookte zalm -25% zout ASC",
    "brand": "BONI",
    "seoBrand": "Boni Selection",
    "thumbNail": "https://static.colruytgroup.com/images/200x200/std.lang.all/03/08/asset-3340308.jpg",
    "fullImage": "https://static.colruytgroup.com/images/500x500/std.lang.all/03/08/asset-3340308.jpg",
    "squareImage": "https://static.colruytgroup.com/images/500x500sq/std.lang.all/03/08/asset-3340308.jpg",
    "content": "130g",
    "walkRouteSequenceNumber": 7467,
    "price": {
      "basicPrice": 6.79,
      "recommendedQuantity": "1.0",
      "measurementUnitPrice": 52.24,
      "measurementUnit": "K",
      "isRedPrice": false,
      "pricePerUOM": 52.24,
      "activationDate": "13-03-2024",
      "isPromoActive": "Y",
      "priceChangeCode": "E"
    },
    "isAvailable": true,
    "isPriceAvailable": true,
    "inPromo": false,
    "gtin": [
      "05400141561159"
    ],
    "topCategoryName": "Bereidingen/Charcuterie/Vis/Veggie",
    "topCategoryId": "105",
    "businessDomain": "RETAIL_BE",
    "IsPrivateLabel": true,
    "IsBiffe": false,
    "WeightconversionFactor": "0",
    "IsWeightArticle": false,
    "nutriscoreLabel": "B",
    "IsBio": false,
    "CountryOfOrigin": "NOORWEGEN",
    "IsExclusivelySoldInLuxembourg": false,
    "OrderUnit": "P",
    "ShortName": "BONI GER.ZALM -25%Z130G",
    "IsNew": false,
    "EcoscoreLabel": "E",
    "RecentQuanityOfStockUnits": "1",
    "LongName": "BONI Gerookte zalm -25% zout ASC 130g",
    "AlcoholVolume": "0",
    "FicCode": "I",
    "EcoscoreValue": "19"
  },
  {
    "productId": "794723",
    "technicalArticleNumber": "4603306",
    "commercialArticleNumber": "13394",
    "name": "Schotse gerookte zalm sneden",
    "description": "*Gerookte\natlantische zalm\n*8 - 12 sneden/pak",
    "brand": "BONI",
    "seoBrand": "Boni Selection",
    "thumbNail": "https://static.colruytgroup.com/images/200x200/std.lang.all/67/29/asset-2976729.jpg",
    "fullImage": "https://static.colruytgroup.com/images/500x500/std.lang.all/67/29/asset-2976729.jpg",
    "squareImage": "https://static.colruytgroup.com/images/500x500sq/std.lang.all/67/29/asset-2976729.jpg",
    "content": "260g",
    "walkRouteSequenceNumber": 7488,
    "price": {
      "basicPrice": 12.79,
      "recommendedQuantity": "1.0",
      "measurementUnitPrice": 49.2,
      "measurementUnit": "K",
      "isRedPrice": false,
      "pricePerUOM": 49.2,
      "activationDate": "14-02-2024",
      "isPromoActive": "N",
      "priceChangeCode": "E"
    },
    "isAvailable": true,
    "isPriceAvailable": true,
    "inPromo": false,
    "gtin": [
      "05400141697124"
    ],
    "topCategoryName": "Bereidingen/Charcuterie/Vis/Veggie",
    "topCategoryId": "105",
    "businessDomain": "RETAIL_BE",
    "IsPrivateLabel": true,
    "IsBiffe": false,
    "WeightconversionFactor": "0",
    "IsWeightArticle": false,
    "nutriscoreLabel": "E",
    "IsBio": false,
    "CountryOfOrigin": "VERENIGD KONINKRIJK",
    "IsExclusivelySoldInLuxembourg": false,
    "OrderUnit": "P",
    "ShortName": "BONI SCHOT GER ZALM 260",
    "IsNew": false,
    "EcoscoreLabel": "E",
    "RecentQuanityOfStockUnits": "1",
    "LongName": "BONI Schotse gerookte zalm sneden 260g",
    "FicCode": "I",
    "EcoscoreValue": "19"
  },
  {
    "productId": "2114",
    "technicalArticleNumber": "27876",
    "commercialArticleNumber": "27876",
    "name": "lasagne verde",
    "description": "*Met 14 %\nvarkensvlees\n*In de oven,\nmicrogolfoven",
    "brand": "BONI",
    "seoBrand": "Boni Selection",
    "thumbNail": "https://static.colruytgroup.com/images/200x200/std.lang.all/10/85/asset-3351085.jpg",
    "fullImage": "https://static.colruytgroup.com/images/500x500/std.lang.all/10/85/asset-3351085.jpg",
    "squareImage": "https://static.colruytgroup.com/images/500x500sq/std.lang.all/10/85/asset-3351085.jpg",
    "content": "400g",
    "walkRouteSequenceNumber": 6607,
    "price": {
      "basicPrice": 1.49,
      "recommendedQuantity": "1.0",
      "quantityPrice": 1.32,
      "quantityPriceQuantity": "2.0",
      "measurementUnitPrice": 3.73,
      "measurementUnitQuantityPrice": 3.3,
      "measurementUnit": "K",
      "isRedPrice": false,
      "pricePerUOM": 3.73,
      "activationDate": "18-03-2024",
      "recordSource": "Offline",
      "isPromoActive": "N",
      "priceChangeCode": "H",
      "quantityPricePerUOM": 3.3,
      "quantityActivationDate": "18-03-2024",
      "quantityPriceChangeCode": "H"
    },
    "isAvailable": true,
    "isPriceAvailable": true,
    "inPromo": false,
    "gtin": [
      "15400141420194",
      "05400141044126",
      "05400141115369",
      "05400141278767",
      "05400141420197",
      "15400141972648",
      "15400141726128",
      "05400141726121",
      "05400141578768"
    ],
    "topCategoryName": "Bereidingen/Charcuterie/Vis/Veggie",
    "topCategoryId": "105",
    "businessDomain": "RETAIL_BE",
    "IsPrivateLabel": true,
    "IsBiffe": false,
    "WeightconversionFactor": "0",
    "IsWeightArticle": false,
    "nutriscoreLabel": "C",
    "IsBio": false,
    "CountryOfOrigin": "BELGIË",
    "IsExclusivelySoldInLuxembourg": false,
    "OrderUnit": "P",
    "ShortName": "BONI LASAGNE VER.400GR",
    "IsNew": false,
    "EcoscoreLabel": "C",
    "RecentQuanityOfStockUnits": "1,8",
    "LongName": "BONI lasagne verde 400g",
    "AlcoholVolume": "0",
    "FicCode": "I",
    "EcoscoreValue": "51"
  },
  {
    "productId": "16218",
    "technicalArticleNumber": "1561876",
    "commercialArticleNumber": "27980",
    "name": "lasagne bolognese",
    "description": "*Met 20 %\nvarkensvlees\n*In de oven,\nmicrogolfoven",
    "brand": "BONI",
    "seoBrand": "Boni Selection",
    "thumbNail": "https://static.colruytgroup.com/images/200x200/std.lang.all/10/88/asset-3351088.jpg",
    "fullImage": "https://static.colruytgroup.com/images/500x500/std.lang.all/10/88/asset-3351088.jpg",
    "squareImage": "https://static.colruytgroup.com/images/500x500sq/std.lang.all/10/88/asset-3351088.jpg",
    "content": "1,6kg",
    "walkRouteSequenceNumber": 6608,
    "price": {
      "basicPrice": 7.49,
      "recommendedQuantity": "1.0",
      "measurementUnitPrice": 4.69,
      "measurementUnit": "K",
      "isRedPrice": false,
      "pricePerUOM": 4.69,
      "activationDate": "19-01-2024",
      "recordSource": "Offline",
      "isPromoActive": "N",
      "priceChangeCode": "H"
    },
    "isAvailable": true,
    "isPriceAvailable": true,
    "inPromo": false,
    "gtin": [
      "05400141726183",
      "15400141726180",
      "15400141986201",
      "15400141420439",
      "05400141115796",
      "05400141420432",
      "15400141115793",
      "05400141042900"
    ],
    "topCategoryName": "Bereidingen/Charcuterie/Vis/Veggie",
    "topCategoryId": "105",
    "businessDomain": "RETAIL_BE",
    "IsPrivateLabel": true,
    "IsBiffe": false,
    "WeightconversionFactor": "0",
    "IsWeightArticle": false,
    "nutriscoreLabel": "C",
    "IsBio": false,
    "CountryOfOrigin": "BELGIË",
    "IsExclusivelySoldInLuxembourg": false,
    "OrderUnit": "P",
    "ShortName": "BONI LASAG.BOL1.6KG 20P",
    "IsNew": false,
    "EcoscoreLabel": "C",
    "RecentQuanityOfStockUnits": "1",
    "LongName": "BONI lasagne bolognese 1,6kg",
    "AlcoholVolume": "0",
    "FicCode": "I",
    "EcoscoreValue": "49"
  },
  {
    "productId": "109576",
    "technicalArticleNumber": "3109785",
    "commercialArticleNumber": "41338",
    "name": "Singapore noodles",
    "description": "*Noedels, groenten,\nei\n*In de wok, oven,\nmicrogolfoven",
    "brand": "BONI",
    "seoBrand": "Boni Selection",
    "thumbNail": "https://static.colruytgroup.com/images/200x200/std.lang.all/10/47/asset-3411047.jpg",
    "fullImage": "https://static.colruytgroup.com/images/500x500/std.lang.all/10/47/asset-3411047.jpg",
    "squareImage": "https://static.colruytgroup.com/images/500x500sq/std.lang.all/10/47/asset-3411047.jpg",
    "content": "450g",
    "walkRouteSequenceNumber": 6678,
    "price": {
      "basicPrice": 3.99,
      "recommendedQuantity": "1.0",
      "measurementUnitPrice": 8.87,
      "measurementUnit": "K",
      "isRedPrice": false,
      "pricePerUOM": 8.87,
      "activationDate": "14-02-2024",
      "isPromoActive": "N",
      "priceChangeCode": "E"
    },
    "isAvailable": true,
    "isPriceAvailable": true,
    "inPromo": false,
    "gtin": [
      "15400141330844",
      "15400141094784",
      "05400141185720",
      "05400141091656",
      "05400141330847",
      "15400141185727",
      "05400141094787",
      "05400141623727",
      "15400141623724",
      "15400141908029",
      "05400141908022"
    ],
    "topCategoryName": "Bereidingen/Charcuterie/Vis/Veggie",
    "topCategoryId": "105",
    "businessDomain": "RETAIL_BE",
    "IsPrivateLabel": true,
    "IsBiffe": false,
    "WeightconversionFactor": "0",
    "IsWeightArticle": false,
    "nutriscoreLabel": "C",
    "IsBio": false,
    "CountryOfOrigin": "NEDERLAND",
    "IsExclusivelySoldInLuxembourg": false,
    "OrderUnit": "P",
    "ShortName": "BONI SINGAPO NOODLE 450",
    "IsNew": false,
    "EcoscoreLabel": "B",
    "RecentQuanityOfStockUnits": "1",
    "LongName": "BONI Singapore noodles 450g",
    "AlcoholVolume": "0",
    "FicCode": "I",
    "EcoscoreValue": "73"
  },
  {
    "productId": "707893",
    "technicalArticleNumber": "4445544",
    "commercialArticleNumber": "20419",
    "name": "kipsalade",
    "brand": "DÉLIO",
    "seoBrand": "Délio",
    "thumbNail": "https://static.colruytgroup.com/images/200x200/std.lang.all/27/81/asset-3172781.jpg",
    "fullImage": "https://static.colruytgroup.com/images/500x500/std.lang.all/27/81/asset-3172781.jpg",
    "squareImage": "https://static.colruytgroup.com/images/500x500sq/std.lang.all/27/81/asset-3172781.jpg",
    "content": "200g",
    "walkRouteSequenceNumber": 7928,
    "price": {
      "basicPrice": 2.79,
      "recommendedQuantity": "1.0",
      "measurementUnitPrice": 13.95,
      "measurementUnit": "K",
      "isRedPrice": false,
      "pricePerUOM": 13.95,
      "activationDate": "23-03-2024",
      "recordSource": "Offline",
      "isPromoActive": "N",
      "priceChangeCode": "E"
    },
    "isAvailable": true,
    "isPriceAvailable": true,
    "inPromo": false,
    "gtin": [
      "05411153010139",
      "15411153010136"
    ],
    "topCategoryName": "Bereidingen/Charcuterie/Vis/Veggie",
    "topCategoryId": "105",
    "businessDomain": "RETAIL_BE",
    "IsPrivateLabel": false,
    "IsBiffe": false,
    "WeightconversionFactor": "0",
    "IsWeightArticle": false,
    "nutriscoreLabel": "D",
    "IsBio": false,
    "CountryOfOrigin": "BELGIË",
    "IsExclusivelySoldInLuxembourg": false,
    "OrderUnit": "P",
    "ShortName": "DELIO KIPSALADE 200G",
    "IsNew": false,
    "EcoscoreLabel": "D",
    "RecentQuanityOfStockUnits": "1",
    "LongName": "DÉLIO kipsalade 200g",
    "FicCode": "E",
    "EcoscoreValue": "33"
  },
  {
    "productId": "470603",
    "technicalArticleNumber": "4067771",
    "commercialArticleNumber": "27554",
    "name": "gv vleessalade",
    "brand": "BONI",
    "seoBrand": "Boni Selection",
    "thumbNail": "https://static.colruytgroup.com/images/200x200/std.lang.all/74/22/asset-2617422.jpg",
    "fullImage": "https://static.colruytgroup.com/images/500x500/std.lang.all/74/22/asset-2617422.jpg",
    "squareImage": "https://static.colruytgroup.com/images/500x500sq/std.lang.all/74/22/asset-2617422.jpg",
    "content": "500g",
    "walkRouteSequenceNumber": 7945,
    "price": {
      "basicPrice": 4.87,
      "recommendedQuantity": "1.0",
      "measurementUnitPrice": 9.74,
      "measurementUnit": "K",
      "isRedPrice": false,
      "pricePerUOM": 9.74,
      "activationDate": "03-10-2023",
      "recordSource": "Offline",
      "isPromoActive": "N",
      "priceChangeCode": "H"
    },
    "isAvailable": true,
    "isPriceAvailable": true,
    "inPromo": false,
    "gtin": [
      "05400141766400",
      "15400141980186",
      "05400141270426",
      "05400141330779",
      "15400141330776",
      "05400141980189"
    ],
    "topCategoryName": "Bereidingen/Charcuterie/Vis/Veggie",
    "topCategoryId": "105",
    "businessDomain": "RETAIL_BE",
    "IsPrivateLabel": true,
    "IsBiffe": false,
    "WeightconversionFactor": "0",
    "IsWeightArticle": false,
    "nutriscoreLabel": "D",
    "IsBio": false,
    "CountryOfOrigin": "BELGIË",
    "IsExclusivelySoldInLuxembourg": false,
    "OrderUnit": "P",
    "ShortName": "GV BONI VLEESSAL 500GR",
    "IsNew": false,
    "EcoscoreLabel": "D",
    "RecentQuanityOfStockUnits": "1",
    "LongName": "BONI gv vleessalade 500g",
    "AlcoholVolume": "0",
    "FicCode": "I",
    "EcoscoreValue": "28"
  },
  {
    "productId": "238797",
    "technicalArticleNumber": "3539106",
    "commercialArticleNumber": "27057",
    "name": "Serranoham",
    "description": "gedroogde serranoham voor gebruik als\napéritief, bij koude schotel, in salad\nes of tapas.",
    "brand": "EVERYDAY",
    "seoBrand": "Everyday",
    "thumbNail": "https://static.colruytgroup.com/images/200x200/std.lang.all/56/52/asset-1285652.jpg",
    "fullImage": "https://static.colruytgroup.com/images/500x500/std.lang.all/56/52/asset-1285652.jpg",
    "squareImage": "https://static.colruytgroup.com/images/500x500sq/std.lang.all/56/52/asset-1285652.jpg",
    "content": "500g",
    "walkRouteSequenceNumber": 7846,
    "price": {
      "basicPrice": 9.89,
      "recommendedQuantity": "1.0",
      "measurementUnitPrice": 19.78,
      "measurementUnit": "K",
      "isRedPrice": false,
      "pricePerUOM": 19.78,
      "activationDate": "20-03-2024",
      "recordSource": "Offline",
      "isPromoActive": "N",
      "priceChangeCode": "H"
    },
    "isAvailable": true,
    "isPriceAvailable": true,
    "inPromo": false,
    "gtin": [
      "05400141070491",
      "05400141115130"
    ],
    "topCategoryName": "Bereidingen/Charcuterie/Vis/Veggie",
    "topCategoryId": "105",
    "businessDomain": "RETAIL_BE",
    "IsPrivateLabel": true,
    "IsBiffe": false,
    "WeightconversionFactor": "0",
    "IsWeightArticle": false,
    "nutriscoreLabel": "E",
    "IsBio": false,
    "CountryOfOrigin": "BELGIË",
    "IsExclusivelySoldInLuxembourg": false,
    "OrderUnit": "P",
    "ShortName": "EVD SERRANO 500G 10M",
    "IsNew": false,
    "EcoscoreLabel": "E",
    "RecentQuanityOfStockUnits": "1",
    "LongName": "EVERYDAY Serranoham 500g",
    "AlcoholVolume": "0",
    "FicCode": "I",
    "EcoscoreValue": "6"
  },
  {
    "productId": "41918",
    "technicalArticleNumber": "2532132",
    "commercialArticleNumber": "13888",
    "name": "lasagne bolognese",
    "description": "*Met 18 %\nvarkensvlees\n*In de oven",
    "brand": "COME A CASA",
    "seoBrand": "Come A Casa",
    "thumbNail": "https://static.colruytgroup.com/images/200x200/std.lang.all/04/45/asset-2700445.jpg",
    "fullImage": "https://static.colruytgroup.com/images/500x500/std.lang.all/04/45/asset-2700445.jpg",
    "squareImage": "https://static.colruytgroup.com/images/500x500sq/std.lang.all/04/45/asset-2700445.jpg",
    "content": "1,6kg",
    "walkRouteSequenceNumber": 6613,
    "price": {
      "basicPrice": 11.75,
      "recommendedQuantity": "1.0",
      "measurementUnitPrice": 7.35,
      "measurementUnit": "K",
      "isRedPrice": false,
      "pricePerUOM": 7.35,
      "activationDate": "02-02-2024",
      "recordSource": "Offline",
      "isPromoActive": "N",
      "priceChangeCode": "E"
    },
    "isAvailable": true,
    "isPriceAvailable": true,
    "inPromo": false,
    "gtin": [
      "05413848123285",
      "15413848123282"
    ],
    "topCategoryName": "Bereidingen/Charcuterie/Vis/Veggie",
    "topCategoryId": "105",
    "businessDomain": "RETAIL_BE",
    "IsPrivateLabel": false,
    "IsBiffe": false,
    "WeightconversionFactor": "0",
    "IsWeightArticle": false,
    "nutriscoreLabel": "C",
    "IsBio": false,
    "CountryOfOrigin": "BELGIË",
    "IsExclusivelySoldInLuxembourg": false,
    "OrderUnit": "P",
    "ShortName": "CAC LASAG BOLO1.6KG",
    "IsNew": false,
    "EcoscoreLabel": "C",
    "RecentQuanityOfStockUnits": "1",
    "LongName": "COME A CASA lasagne bolognese 1,6kg",
    "AlcoholVolume": "0",
    "FicCode": "E",
    "EcoscoreValue": "42"
  },
  {
    "productId": "106657",
    "technicalArticleNumber": "3125654",
    "commercialArticleNumber": "5247",
    "name": "kleine Rosette",
    "description": "*Frankrijk",
    "brand": "BONI",
    "seoBrand": "Boni Selection",
    "thumbNail": "https://static.colruytgroup.com/images/200x200/std.lang.all/99/65/asset-569965.jpg",
    "fullImage": "https://static.colruytgroup.com/images/500x500/std.lang.all/99/65/asset-569965.jpg",
    "squareImage": "https://static.colruytgroup.com/images/500x500sq/std.lang.all/99/65/asset-569965.jpg",
    "content": "300g",
    "walkRouteSequenceNumber": 7778,
    "price": {
      "basicPrice": 3.74,
      "recommendedQuantity": "1.0",
      "measurementUnitPrice": 12.47,
      "measurementUnit": "K",
      "isRedPrice": false,
      "pricePerUOM": 12.47,
      "activationDate": "06-03-2024",
      "recordSource": "Offline",
      "isPromoActive": "N",
      "priceChangeCode": "H"
    },
    "isAvailable": true,
    "isPriceAvailable": true,
    "inPromo": false,
    "gtin": [
      "05400141407914",
      "05400141190458",
      "15400141911463"
    ],
    "topCategoryName": "Bereidingen/Charcuterie/Vis/Veggie",
    "topCategoryId": "105",
    "businessDomain": "RETAIL_BE",
    "IsPrivateLabel": true,
    "IsBiffe": false,
    "WeightconversionFactor": "0",
    "IsWeightArticle": false,
    "nutriscoreLabel": "E",
    "IsBio": false,
    "CountryOfOrigin": "FRANKRIJK",
    "IsExclusivelySoldInLuxembourg": false,
    "OrderUnit": "P",
    "ShortName": "BONI ROSETTE 300GR",
    "IsNew": false,
    "EcoscoreLabel": "D",
    "RecentQuanityOfStockUnits": "1",
    "LongName": "BONI kleine Rosette 300g",
    "AlcoholVolume": "0",
    "FicCode": "I",
    "EcoscoreValue": "30"
  },
  {
    "productId": "99238",
    "technicalArticleNumber": "2800909",
    "commercialArticleNumber": "2974",
    "name": "salade kip samourai",
    "description": "Kipsalade met een lekker pikante\nSamourai saus.",
    "brand": "DÉLIO",
    "seoBrand": "Délio",
    "thumbNail": "https://static.colruytgroup.com/images/200x200/std.lang.all/26/83/asset-3172683.jpg",
    "fullImage": "https://static.colruytgroup.com/images/500x500/std.lang.all/26/83/asset-3172683.jpg",
    "squareImage": "https://static.colruytgroup.com/images/500x500sq/std.lang.all/26/83/asset-3172683.jpg",
    "content": "200g",
    "walkRouteSequenceNumber": 7931,
    "price": {
      "basicPrice": 3.09,
      "recommendedQuantity": "1.0",
      "measurementUnitPrice": 15.45,
      "measurementUnit": "K",
      "isRedPrice": false,
      "pricePerUOM": 15.45,
      "activationDate": "22-03-2024",
      "recordSource": "Offline",
      "isPromoActive": "N",
      "priceChangeCode": "E"
    },
    "isAvailable": true,
    "isPriceAvailable": true,
    "inPromo": false,
    "gtin": [
      "15411153007877",
      "05411153007870"
    ],
    "topCategoryName": "Bereidingen/Charcuterie/Vis/Veggie",
    "topCategoryId": "105",
    "businessDomain": "RETAIL_BE",
    "IsPrivateLabel": false,
    "IsBiffe": false,
    "WeightconversionFactor": "0",
    "IsWeightArticle": false,
    "nutriscoreLabel": "D",
    "IsBio": false,
    "CountryOfOrigin": "BELGIË",
    "IsExclusivelySoldInLuxembourg": false,
    "OrderUnit": "P",
    "ShortName": "D KIP SAMOURAI 200G",
    "InSeason": true,
    "IsNew": false,
    "EcoscoreLabel": "D",
    "RecentQuanityOfStockUnits": "1",
    "LongName": "DÉLIO salade kip samourai 200g",
    "AlcoholVolume": "0",
    "StartSeasonDate": "06/03/2015",
    "FicCode": "E",
    "EcoscoreValue": "33"
  },
  {
    "productId": "868672",
    "technicalArticleNumber": "4721946",
    "commercialArticleNumber": "16417",
    "name": "batoens met zalm",
    "brand": "BONI",
    "seoBrand": "Boni Selection",
    "thumbNail": "https://static.colruytgroup.com/images/200x200/std.lang.all/61/96/asset-3216196.jpg",
    "fullImage": "https://static.colruytgroup.com/images/500x500/std.lang.all/61/96/asset-3216196.jpg",
    "squareImage": "https://static.colruytgroup.com/images/500x500sq/std.lang.all/61/96/asset-3216196.jpg",
    "content": "80g",
    "walkRouteSequenceNumber": 7661,
    "price": {
      "basicPrice": 2.99,
      "recommendedQuantity": "1.0",
      "measurementUnitPrice": 37.38,
      "measurementUnit": "K",
      "isRedPrice": false,
      "pricePerUOM": 37.38,
      "activationDate": "06-04-2023",
      "isPromoActive": "N",
      "priceChangeCode": "E"
    },
    "isAvailable": true,
    "isPriceAvailable": true,
    "inPromo": false,
    "gtin": [
      "05400141535723"
    ],
    "topCategoryName": "Bereidingen/Charcuterie/Vis/Veggie",
    "topCategoryId": "105",
    "businessDomain": "RETAIL_BE",
    "IsPrivateLabel": true,
    "IsBiffe": false,
    "WeightconversionFactor": "0",
    "IsWeightArticle": false,
    "nutriscoreLabel": "C",
    "IsBio": false,
    "CountryOfOrigin": "NEDERLAND",
    "IsExclusivelySoldInLuxembourg": false,
    "OrderUnit": "P",
    "ShortName": "BONI BATOENS ZALM 80G",
    "IsNew": false,
    "EcoscoreLabel": "D",
    "RecentQuanityOfStockUnits": "1",
    "LongName": "BONI batoens met zalm 80g",
    "FicCode": "I",
    "EcoscoreValue": "39"
  },
  {
    "productId": "155003",
    "technicalArticleNumber": "3270022",
    "commercialArticleNumber": "44346",
    "name": "salade gerookte zalm",
    "description": "*36 % gerookte zalm\n*Met mayonaise",
    "brand": "BONI",
    "seoBrand": "Boni Selection",
    "thumbNail": "https://static.colruytgroup.com/images/200x200/std.lang.all/68/92/asset-2706892.jpg",
    "fullImage": "https://static.colruytgroup.com/images/500x500/std.lang.all/68/92/asset-2706892.jpg",
    "squareImage": "https://static.colruytgroup.com/images/500x500sq/std.lang.all/68/92/asset-2706892.jpg",
    "content": "160g",
    "walkRouteSequenceNumber": 7942,
    "price": {
      "basicPrice": 3.62,
      "recommendedQuantity": "1.0",
      "measurementUnitPrice": 22.63,
      "measurementUnit": "K",
      "isRedPrice": false,
      "pricePerUOM": 22.63,
      "activationDate": "17-02-2024",
      "recordSource": "Offline",
      "isPromoActive": "N",
      "priceChangeCode": "E"
    },
    "isAvailable": true,
    "isPriceAvailable": true,
    "inPromo": false,
    "gtin": [
      "05400141324686",
      "05400141351484",
      "05400141196856",
      "05400141789478"
    ],
    "topCategoryName": "Bereidingen/Charcuterie/Vis/Veggie",
    "topCategoryId": "105",
    "businessDomain": "RETAIL_BE",
    "IsPrivateLabel": true,
    "IsBiffe": false,
    "WeightconversionFactor": "0",
    "IsWeightArticle": false,
    "nutriscoreLabel": "D",
    "IsBio": false,
    "CountryOfOrigin": "BELGIË",
    "IsExclusivelySoldInLuxembourg": false,
    "OrderUnit": "P",
    "ShortName": "BONI GER ZALMSAL 160G",
    "InSeason": true,
    "IsNew": false,
    "EcoscoreLabel": "D",
    "RecentQuanityOfStockUnits": "1",
    "LongName": "BONI salade gerookte zalm 160g",
    "AlcoholVolume": "0",
    "StartSeasonDate": "17/01/2017",
    "FicCode": "I",
    "EcoscoreValue": "25"
  },
  {
    "productId": "35517",
    "technicalArticleNumber": "1795800",
    "commercialArticleNumber": "34109",
    "name": "lentesalade",
    "description": "groenten 64,5%,saus 35,5%,\nwortelen 20%,selder 11,7%,\nerwten 9%,rode paprika 5,8%",
    "brand": "DÉLIO",
    "seoBrand": "Délio",
    "thumbNail": "https://static.colruytgroup.com/images/200x200/std.lang.all/54/81/asset-3215481.jpg",
    "fullImage": "https://static.colruytgroup.com/images/500x500/std.lang.all/54/81/asset-3215481.jpg",
    "squareImage": "https://static.colruytgroup.com/images/500x500sq/std.lang.all/54/81/asset-3215481.jpg",
    "content": "200g",
    "walkRouteSequenceNumber": 7932,
    "price": {
      "basicPrice": 2.89,
      "recommendedQuantity": "1.0",
      "measurementUnitPrice": 14.45,
      "measurementUnit": "K",
      "isRedPrice": false,
      "pricePerUOM": 14.45,
      "activationDate": "23-03-2024",
      "recordSource": "Offline",
      "isPromoActive": "N",
      "priceChangeCode": "E"
    },
    "isAvailable": true,
    "isPriceAvailable": true,
    "inPromo": false,
    "gtin": [
      "15411153004319",
      "05411153004312"
    ],
    "topCategoryName": "Bereidingen/Charcuterie/Vis/Veggie",
    "topCategoryId": "105",
    "businessDomain": "RETAIL_BE",
    "IsPrivateLabel": false,
    "IsBiffe": false,
    "WeightconversionFactor": "0",
    "IsWeightArticle": false,
    "nutriscoreLabel": "B",
    "IsBio": false,
    "CountryOfOrigin": "BELGIË",
    "IsExclusivelySoldInLuxembourg": false,
    "OrderUnit": "P",
    "ShortName": "DELI LENTESALADE200G",
    "InSeason": true,
    "IsNew": false,
    "EcoscoreLabel": "A",
    "RecentQuanityOfStockUnits": "1",
    "LongName": "DÉLIO lentesalade 200g",
    "AlcoholVolume": "0",
    "StartSeasonDate": "14/03/2011",
    "FicCode": "E",
    "EcoscoreValue": "80"
  },
  {
    "productId": "871466",
    "technicalArticleNumber": "4725398",
    "commercialArticleNumber": "9693",
    "name": "Lasagnebladen",
    "brand": "BONI",
    "seoBrand": "Boni Selection",
    "thumbNail": "https://static.colruytgroup.com/images/200x200/std.lang.all/74/68/asset-3337468.jpg",
    "fullImage": "https://static.colruytgroup.com/images/500x500/std.lang.all/74/68/asset-3337468.jpg",
    "squareImage": "https://static.colruytgroup.com/images/500x500sq/std.lang.all/74/68/asset-3337468.jpg",
    "content": "250g",
    "walkRouteSequenceNumber": 7527,
    "price": {
      "basicPrice": 2.49,
      "recommendedQuantity": "1.0",
      "measurementUnitPrice": 9.96,
      "measurementUnit": "K",
      "isRedPrice": false,
      "pricePerUOM": 9.96,
      "activationDate": "13-03-2024",
      "isPromoActive": "N",
      "priceChangeCode": "H"
    },
    "isAvailable": true,
    "isPriceAvailable": true,
    "inPromo": false,
    "gtin": [
      "05400141626247"
    ],
    "topCategoryName": "Bereidingen/Charcuterie/Vis/Veggie",
    "topCategoryId": "105",
    "businessDomain": "RETAIL_BE",
    "IsPrivateLabel": true,
    "IsBiffe": false,
    "WeightconversionFactor": "0",
    "IsWeightArticle": false,
    "nutriscoreLabel": "A",
    "IsBio": false,
    "CountryOfOrigin": "ITALIË",
    "IsExclusivelySoldInLuxembourg": false,
    "OrderUnit": "P",
    "ShortName": "BONI LASAGNEBLADEN 250G",
    "IsNew": false,
    "EcoscoreLabel": "B",
    "RecentQuanityOfStockUnits": "1,8",
    "LongName": "BONI Lasagnebladen 250g",
    "FicCode": "I",
    "EcoscoreValue": "62"
  },
  {
    "productId": "152571",
    "technicalArticleNumber": "3266276",
    "commercialArticleNumber": "3231",
    "name": "krabsalade",
    "description": "*25 % krab\n*Met mayonaise",
    "brand": "BONI",
    "seoBrand": "Boni Selection",
    "thumbNail": "https://static.colruytgroup.com/images/200x200/std.lang.all/71/50/asset-2617150.jpg",
    "fullImage": "https://static.colruytgroup.com/images/500x500/std.lang.all/71/50/asset-2617150.jpg",
    "squareImage": "https://static.colruytgroup.com/images/500x500sq/std.lang.all/71/50/asset-2617150.jpg",
    "content": "160g",
    "walkRouteSequenceNumber": 7943,
    "price": {
      "basicPrice": 5.36,
      "recommendedQuantity": "1.0",
      "measurementUnitPrice": 33.5,
      "measurementUnit": "K",
      "isRedPrice": false,
      "pricePerUOM": 33.5,
      "activationDate": "13-01-2023",
      "isPromoActive": "N",
      "priceChangeCode": "H"
    },
    "isAvailable": true,
    "isPriceAvailable": true,
    "inPromo": false,
    "gtin": [
      "05400141470727",
      "05400141800593",
      "05400141325591",
      "05400141351217"
    ],
    "topCategoryName": "Bereidingen/Charcuterie/Vis/Veggie",
    "topCategoryId": "105",
    "businessDomain": "RETAIL_BE",
    "IsPrivateLabel": true,
    "IsBiffe": false,
    "WeightconversionFactor": "0",
    "IsWeightArticle": false,
    "nutriscoreLabel": "D",
    "IsBio": false,
    "CountryOfOrigin": "BELGIË",
    "IsExclusivelySoldInLuxembourg": false,
    "OrderUnit": "P",
    "ShortName": "BONI KRABSALADE160G",
    "InSeason": true,
    "IsNew": false,
    "EcoscoreLabel": "B",
    "RecentQuanityOfStockUnits": "1",
    "LongName": "BONI krabsalade 160g",
    "AlcoholVolume": "0",
    "StartSeasonDate": "08/11/2017",
    "FicCode": "I",
    "EcoscoreValue": "61"
  },
  {
    "productId": "12992",
    "technicalArticleNumber": "1330310",
    "commercialArticleNumber": "27825",
    "name": "moussaka",
    "description": "*16 % varkensvlees,\naardappel, tomaat,\naubergine, ui,\nbechamelsaus\n*In de oven",
    "brand": "BONI",
    "seoBrand": "Boni Selection",
    "thumbNail": "https://static.colruytgroup.com/images/200x200/std.lang.all/10/87/asset-3351087.jpg",
    "fullImage": "https://static.colruytgroup.com/images/500x500/std.lang.all/10/87/asset-3351087.jpg",
    "squareImage": "https://static.colruytgroup.com/images/500x500sq/std.lang.all/10/87/asset-3351087.jpg",
    "content": "1kg",
    "walkRouteSequenceNumber": 6640,
    "price": {
      "basicPrice": 5.87,
      "recommendedQuantity": "1.0",
      "measurementUnitPrice": 5.87,
      "measurementUnit": "K",
      "isRedPrice": false,
      "pricePerUOM": 5.87,
      "activationDate": "27-12-2023",
      "recordSource": "Offline",
      "isPromoActive": "N",
      "priceChangeCode": "H"
    },
    "isAvailable": true,
    "isPriceAvailable": true,
    "inPromo": false,
    "gtin": [
      "05400141094800",
      "05400141378252",
      "05400141079395",
      "05400141084443",
      "15400141358770",
      "25400141094804"
    ],
    "topCategoryName": "Bereidingen/Charcuterie/Vis/Veggie",
    "topCategoryId": "105",
    "businessDomain": "RETAIL_BE",
    "IsPrivateLabel": true,
    "IsBiffe": false,
    "WeightconversionFactor": "0",
    "IsWeightArticle": false,
    "nutriscoreLabel": "C",
    "IsBio": false,
    "CountryOfOrigin": "BELGIË",
    "IsExclusivelySoldInLuxembourg": false,
    "OrderUnit": "P",
    "ShortName": "BONI MOUSSAKA 1 KG",
    "InSeason": true,
    "IsNew": false,
    "EcoscoreLabel": "E",
    "RecentQuanityOfStockUnits": "1",
    "LongName": "BONI moussaka 1kg",
    "AlcoholVolume": "0",
    "StartSeasonDate": "12/04/2019",
    "FicCode": "I",
    "EcoscoreValue": "0"
  },
  {
    "productId": "760706",
    "technicalArticleNumber": "4539097",
    "commercialArticleNumber": "28337",
    "name": "Noorse zalmfilet huid",
    "description": "*Aquacultuur uit\nNoorwegen\n*Graatarm",
    "brand": "BONI BIO",
    "seoBrand": "Boni Selection Bio",
    "thumbNail": "https://static.colruytgroup.com/images/200x200/std.lang.all/63/77/asset-2846377.jpg",
    "fullImage": "https://static.colruytgroup.com/images/500x500/std.lang.all/63/77/asset-2846377.jpg",
    "squareImage": "https://static.colruytgroup.com/images/500x500sq/std.lang.all/63/77/asset-2846377.jpg",
    "content": "±2x150g",
    "walkRouteSequenceNumber": 7553,
    "price": {
      "basicPrice": 37.95,
      "recommendedQuantity": "0.3",
      "unit": "K",
      "measurementUnitPrice": 37.95,
      "measurementUnit": "K",
      "isRedPrice": false,
      "pricePerUOM": 37.95,
      "activationDate": "01-03-2024",
      "isPromoActive": "N",
      "priceChangeCode": "H"
    },
    "isAvailable": true,
    "isPriceAvailable": true,
    "inPromo": false,
    "gtin": [
      "95400141630292",
      "05400141630299"
    ],
    "topCategoryName": "Bereidingen/Charcuterie/Vis/Veggie",
    "topCategoryId": "105",
    "businessDomain": "RETAIL_BE",
    "IsPrivateLabel": true,
    "IsBiffe": false,
    "WeightconversionFactor": "300",
    "IsWeightArticle": true,
    "nutriscoreLabel": "A",
    "IsBio": true,
    "CountryOfOrigin": "NOORWEGEN",
    "IsExclusivelySoldInLuxembourg": false,
    "OrderUnit": "P",
    "ShortName": "BONI BIO ZALM2X150GW",
    "IsNew": false,
    "EcoscoreLabel": "D",
    "RecentQuanityOfStockUnits": "1",
    "LongName": "BONI BIO Noorse zalmfilet huid ±2x150g",
    "FicCode": "I",
    "EcoscoreValue": "34"
  },
  {
    "productId": "274162",
    "technicalArticleNumber": "3640585",
    "commercialArticleNumber": "27004",
    "name": "Finocchiona venkel",
    "description": "salami met venkel",
    "brand": "BONI",
    "seoBrand": "Boni Selection",
    "thumbNail": "https://static.colruytgroup.com/images/200x200/std.lang.all/41/72/asset-2194172.jpg",
    "fullImage": "https://static.colruytgroup.com/images/500x500/std.lang.all/41/72/asset-2194172.jpg",
    "squareImage": "https://static.colruytgroup.com/images/500x500sq/std.lang.all/41/72/asset-2194172.jpg",
    "content": "70g",
    "walkRouteSequenceNumber": 7794,
    "price": {
      "basicPrice": 2.44,
      "recommendedQuantity": "1.0",
      "measurementUnitPrice": 34.86,
      "measurementUnit": "K",
      "isRedPrice": false,
      "pricePerUOM": 34.86,
      "activationDate": "20-02-2024",
      "recordSource": "Offline",
      "isPromoActive": "N",
      "priceChangeCode": "E"
    },
    "isAvailable": true,
    "isPriceAvailable": true,
    "inPromo": false,
    "gtin": [
      "05400141323207",
      "15400141896012",
      "05400141386844",
      "15400141323471",
      "05400141323467"
    ],
    "topCategoryName": "Bereidingen/Charcuterie/Vis/Veggie",
    "topCategoryId": "105",
    "businessDomain": "RETAIL_BE",
    "IsPrivateLabel": true,
    "IsBiffe": false,
    "WeightconversionFactor": "0",
    "IsWeightArticle": false,
    "nutriscoreLabel": "E",
    "IsBio": false,
    "CountryOfOrigin": "ITALIË",
    "IsExclusivelySoldInLuxembourg": false,
    "OrderUnit": "P",
    "ShortName": "BONI VENKELSALAMI 70G",
    "IsNew": false,
    "EcoscoreLabel": "D",
    "RecentQuanityOfStockUnits": "1",
    "LongName": "BONI Finocchiona venkel 70g",
    "AlcoholVolume": "0",
    "FicCode": "I",
    "EcoscoreValue": "21"
  },
  {
    "productId": "137558",
    "technicalArticleNumber": "3147776",
    "commercialArticleNumber": "44118",
    "name": "bâton walnoten",
    "description": "*Frankrijk\n*Met walnoten",
    "brand": "BONI",
    "seoBrand": "Boni Selection",
    "thumbNail": "https://static.colruytgroup.com/images/200x200/std.lang.all/99/66/asset-569966.jpg",
    "fullImage": "https://static.colruytgroup.com/images/500x500/std.lang.all/99/66/asset-569966.jpg",
    "squareImage": "https://static.colruytgroup.com/images/500x500sq/std.lang.all/99/66/asset-569966.jpg",
    "content": "250g",
    "walkRouteSequenceNumber": 7780,
    "price": {
      "basicPrice": 5.99,
      "recommendedQuantity": "1.0",
      "measurementUnitPrice": 23.96,
      "measurementUnit": "K",
      "isRedPrice": false,
      "pricePerUOM": 23.96,
      "activationDate": "01-02-2024",
      "recordSource": "Offline",
      "isPromoActive": "N",
      "priceChangeCode": "E"
    },
    "isAvailable": true,
    "isPriceAvailable": true,
    "inPromo": false,
    "gtin": [
      "05400141407921",
      "05400141190441",
      "15400141915942"
    ],
    "topCategoryName": "Bereidingen/Charcuterie/Vis/Veggie",
    "topCategoryId": "105",
    "businessDomain": "RETAIL_BE",
    "IsPrivateLabel": true,
    "IsBiffe": false,
    "WeightconversionFactor": "0",
    "IsWeightArticle": false,
    "nutriscoreLabel": "E",
    "IsBio": false,
    "CountryOfOrigin": "FRANKRIJK",
    "IsExclusivelySoldInLuxembourg": false,
    "OrderUnit": "P",
    "ShortName": "BONI BATON NOIX 250GR",
    "IsNew": false,
    "EcoscoreLabel": "D",
    "RecentQuanityOfStockUnits": "1",
    "LongName": "BONI bâton walnoten 250g",
    "AlcoholVolume": "0",
    "FicCode": "I",
    "EcoscoreValue": "20"
  },
  {
    "productId": "11859",
    "technicalArticleNumber": "1360539",
    "commercialArticleNumber": "27807",
    "name": "vol-au-vent",
    "description": "*Met 31.50% kip,\n10% champignons,\nvol-au-ventsaus\n*In de kookpot,\nmicrogolfoven",
    "brand": "EVERYDAY",
    "seoBrand": "Everyday",
    "thumbNail": "https://static.colruytgroup.com/images/200x200/std.lang.all/53/59/asset-3035359.jpg",
    "fullImage": "https://static.colruytgroup.com/images/500x500/std.lang.all/53/59/asset-3035359.jpg",
    "squareImage": "https://static.colruytgroup.com/images/500x500sq/std.lang.all/53/59/asset-3035359.jpg",
    "content": "1kg",
    "walkRouteSequenceNumber": 6599,
    "price": {
      "basicPrice": 6.99,
      "recommendedQuantity": "1.0",
      "measurementUnitPrice": 6.99,
      "measurementUnit": "K",
      "isRedPrice": false,
      "pricePerUOM": 6.99,
      "activationDate": "17-02-2024",
      "recordSource": "Offline",
      "isPromoActive": "N",
      "priceChangeCode": "E"
    },
    "isAvailable": true,
    "isPriceAvailable": true,
    "inPromo": false,
    "gtin": [
      "05400141420401",
      "05400141278071",
      "05400141699043",
      "05400141040821",
      "05400141084245",
      "15400141963431",
      "05400141378078",
      "15400141278078",
      "15400141420408",
      "05400141097597",
      "15400141699040"
    ],
    "topCategoryName": "Bereidingen/Charcuterie/Vis/Veggie",
    "topCategoryId": "105",
    "businessDomain": "RETAIL_BE",
    "IsPrivateLabel": true,
    "IsBiffe": false,
    "WeightconversionFactor": "0",
    "IsWeightArticle": false,
    "nutriscoreLabel": "C",
    "IsBio": false,
    "CountryOfOrigin": "BELGIË",
    "IsExclusivelySoldInLuxembourg": false,
    "OrderUnit": "P",
    "ShortName": "EVD VOL AU VENT 1 KG",
    "IsNew": false,
    "EcoscoreLabel": "D",
    "RecentQuanityOfStockUnits": "1,8",
    "LongName": "EVERYDAY vol-au-vent 1kg",
    "AlcoholVolume": "0",
    "FicCode": "I",
    "EcoscoreValue": "33"
  },
  {
    "productId": "63417",
    "technicalArticleNumber": "2738638",
    "commercialArticleNumber": "41379",
    "name": "Ardense filet",
    "description": "*België\n*Gerookt, gedroogd",
    "brand": "BONI",
    "seoBrand": "Boni Selection",
    "thumbNail": "https://static.colruytgroup.com/images/200x200/std.lang.all/92/52/asset-3349252.jpg",
    "fullImage": "https://static.colruytgroup.com/images/500x500/std.lang.all/92/52/asset-3349252.jpg",
    "squareImage": "https://static.colruytgroup.com/images/500x500sq/std.lang.all/92/52/asset-3349252.jpg",
    "content": "200g",
    "walkRouteSequenceNumber": 7798,
    "price": {
      "basicPrice": 4.92,
      "recommendedQuantity": "1.0",
      "measurementUnitPrice": 24.6,
      "measurementUnit": "K",
      "isRedPrice": false,
      "pricePerUOM": 24.6,
      "activationDate": "13-03-2024",
      "recordSource": "Offline",
      "isPromoActive": "N",
      "priceChangeCode": "L"
    },
    "isAvailable": true,
    "isPriceAvailable": true,
    "inPromo": false,
    "gtin": [
      "05400141386899",
      "05400141197969",
      "95400141275837"
    ],
    "topCategoryName": "Bereidingen/Charcuterie/Vis/Veggie",
    "topCategoryId": "105",
    "businessDomain": "RETAIL_BE",
    "IsPrivateLabel": true,
    "IsBiffe": false,
    "WeightconversionFactor": "0",
    "IsWeightArticle": false,
    "nutriscoreLabel": "E",
    "IsBio": false,
    "CountryOfOrigin": "BELGIË",
    "IsExclusivelySoldInLuxembourg": false,
    "OrderUnit": "P",
    "ShortName": "BONI FIL ARDEN SN.200G",
    "IsNew": false,
    "EcoscoreLabel": "E",
    "RecentQuanityOfStockUnits": "1",
    "LongName": "BONI Ardense filet 200g",
    "AlcoholVolume": "0",
    "FicCode": "I",
    "EcoscoreValue": "5"
  },
  {
    "productId": "58998",
    "technicalArticleNumber": "2322263",
    "commercialArticleNumber": "3640",
    "name": "pasta Cap.Prosc.Crudo",
    "description": "*Verse pasta,\n40 % vulling:\nItaliaanse ham\n*In de kookpot",
    "brand": "GIOVANNI RANA",
    "seoBrand": "Giovanni Rana",
    "thumbNail": "https://static.colruytgroup.com/images/200x200/std.lang.all/04/03/asset-2700403.jpg",
    "fullImage": "https://static.colruytgroup.com/images/500x500/std.lang.all/04/03/asset-2700403.jpg",
    "squareImage": "https://static.colruytgroup.com/images/500x500sq/std.lang.all/04/03/asset-2700403.jpg",
    "content": "400g",
    "walkRouteSequenceNumber": 6653,
    "price": {
      "basicPrice": 5.49,
      "recommendedQuantity": "1.0",
      "measurementUnitPrice": 13.73,
      "measurementUnit": "K",
      "isRedPrice": false,
      "pricePerUOM": 13.73,
      "activationDate": "13-12-2023",
      "isPromoActive": "N",
      "priceChangeCode": "E"
    },
    "isAvailable": true,
    "isPriceAvailable": true,
    "inPromo": false,
    "gtin": [
      "08001665126762",
      "08001665123426"
    ],
    "topCategoryName": "Bereidingen/Charcuterie/Vis/Veggie",
    "topCategoryId": "105",
    "businessDomain": "RETAIL_BE",
    "IsPrivateLabel": false,
    "IsBiffe": false,
    "WeightconversionFactor": "0",
    "IsWeightArticle": false,
    "nutriscoreLabel": "D",
    "IsBio": false,
    "CountryOfOrigin": "BELGIË",
    "IsExclusivelySoldInLuxembourg": false,
    "OrderUnit": "P",
    "ShortName": "RANA CAP PROS CRUD 400G",
    "IsNew": false,
    "EcoscoreLabel": "E",
    "RecentQuanityOfStockUnits": "1",
    "LongName": "GIOVANNI RANA pasta Cap.Prosc.Crudo 400g",
    "AlcoholVolume": "0",
    "FicCode": "E",
    "EcoscoreValue": "1"
  },
  {
    "productId": "11860",
    "technicalArticleNumber": "1360542",
    "commercialArticleNumber": "27802",
    "name": "Tortilla",
    "description": "*Spaanse\naardappelomelet\n*In de microgolfoven",
    "brand": "BONI",
    "seoBrand": "Boni Selection",
    "thumbNail": "https://static.colruytgroup.com/images/200x200/std.lang.all/98/92/asset-879892.jpg",
    "fullImage": "https://static.colruytgroup.com/images/500x500/std.lang.all/98/92/asset-879892.jpg",
    "squareImage": "https://static.colruytgroup.com/images/500x500sq/std.lang.all/98/92/asset-879892.jpg",
    "content": "500g",
    "walkRouteSequenceNumber": 6721,
    "price": {
      "basicPrice": 3.79,
      "recommendedQuantity": "1.0",
      "quantityPrice": 2.72,
      "quantityPriceQuantity": "2.0",
      "measurementUnitPrice": 7.58,
      "measurementUnitQuantityPrice": 5.44,
      "measurementUnit": "K",
      "isRedPrice": false,
      "pricePerUOM": 7.58,
      "activationDate": "23-03-2024",
      "recordSource": "Offline",
      "isPromoActive": "N",
      "priceChangeCode": "E",
      "quantityPricePerUOM": 5.44,
      "quantityActivationDate": "23-03-2024",
      "quantityPriceChangeCode": "E"
    },
    "isAvailable": true,
    "isPriceAvailable": true,
    "inPromo": false,
    "gtin": [
      "05400141091397",
      "15400141963714",
      "15400141281160",
      "05400141281163",
      "05400141916454",
      "15400141916451"
    ],
    "topCategoryName": "Bereidingen/Charcuterie/Vis/Veggie",
    "topCategoryId": "105",
    "businessDomain": "RETAIL_BE",
    "IsPrivateLabel": true,
    "IsBiffe": false,
    "WeightconversionFactor": "0",
    "IsWeightArticle": false,
    "nutriscoreLabel": "C",
    "IsBio": false,
    "CountryOfOrigin": "BELGIË",
    "IsExclusivelySoldInLuxembourg": false,
    "OrderUnit": "P",
    "ShortName": "BONI TORTILLA UI 500G",
    "IsNew": false,
    "EcoscoreLabel": "C",
    "RecentQuanityOfStockUnits": "1,10",
    "LongName": "BONI Tortilla 500g",
    "AlcoholVolume": "0",
    "FicCode": "I",
    "EcoscoreValue": "55"
  },
  {
    "productId": "584836",
    "technicalArticleNumber": "4240186",
    "commercialArticleNumber": "19355",
    "name": "broodje ei met bacon",
    "description": "*Brood met ei,\npepersaus en\nuitgebakken\nontbijtspek",
    "brand": "BONI",
    "seoBrand": "Boni Selection",
    "thumbNail": "https://static.colruytgroup.com/images/200x200/std.lang.all/11/45/asset-2161145.jpg",
    "fullImage": "https://static.colruytgroup.com/images/500x500/std.lang.all/11/45/asset-2161145.jpg",
    "squareImage": "https://static.colruytgroup.com/images/500x500sq/std.lang.all/11/45/asset-2161145.jpg",
    "content": "155g",
    "walkRouteSequenceNumber": 5316,
    "price": {
      "basicPrice": 2.79,
      "recommendedQuantity": "1.0",
      "measurementUnitPrice": 18,
      "measurementUnit": "K",
      "isRedPrice": false,
      "pricePerUOM": 18,
      "activationDate": "17-11-2023",
      "isPromoActive": "N",
      "priceChangeCode": "E"
    },
    "isAvailable": true,
    "isPriceAvailable": true,
    "inPromo": false,
    "gtin": [
      "05400141915198",
      "15400141915195",
      "05400141365917",
      "15400141365914"
    ],
    "topCategoryName": "Bereidingen/Charcuterie/Vis/Veggie",
    "topCategoryId": "105",
    "businessDomain": "RETAIL_BE",
    "IsPrivateLabel": true,
    "IsBiffe": false,
    "WeightconversionFactor": "0",
    "IsWeightArticle": false,
    "nutriscoreLabel": "D",
    "IsBio": false,
    "CountryOfOrigin": "NEDERLAND",
    "IsExclusivelySoldInLuxembourg": false,
    "OrderUnit": "P",
    "ShortName": "BONI BROOD EI BACON155G",
    "IsNew": false,
    "EcoscoreLabel": "C",
    "RecentQuanityOfStockUnits": "1,4",
    "LongName": "BONI broodje ei met bacon 155g",
    "FicCode": "I",
    "EcoscoreValue": "45"
  },
  {
    "productId": "270076",
    "technicalArticleNumber": "3628079",
    "commercialArticleNumber": "19296",
    "name": "mosselen gekookt MSC",
    "description": "*Gekookt mosselvlees\n*met label MSC",
    "brand": "BONI",
    "seoBrand": "Boni Selection",
    "thumbNail": "https://static.colruytgroup.com/images/200x200/std.lang.all/79/75/asset-3197975.jpg",
    "fullImage": "https://static.colruytgroup.com/images/500x500/std.lang.all/79/75/asset-3197975.jpg",
    "squareImage": "https://static.colruytgroup.com/images/500x500sq/std.lang.all/79/75/asset-3197975.jpg",
    "content": "200g",
    "walkRouteSequenceNumber": 7475,
    "price": {
      "basicPrice": 1.98,
      "recommendedQuantity": "1.0",
      "measurementUnitPrice": 9.9,
      "measurementUnit": "K",
      "isRedPrice": false,
      "pricePerUOM": 9.9,
      "activationDate": "17-01-2024",
      "recordSource": "Offline",
      "isPromoActive": "N",
      "priceChangeCode": "H"
    },
    "isAvailable": true,
    "isPriceAvailable": true,
    "inPromo": false,
    "gtin": [
      "05400141340136",
      "05400141063707",
      "15400141340133",
      "15400141217107",
      "05400141685084",
      "05400141698527",
      "15400141685081"
    ],
    "topCategoryName": "Bereidingen/Charcuterie/Vis/Veggie",
    "topCategoryId": "105",
    "businessDomain": "RETAIL_BE",
    "IsPrivateLabel": true,
    "IsBiffe": false,
    "WeightconversionFactor": "0",
    "IsWeightArticle": false,
    "nutriscoreLabel": "A",
    "IsBio": false,
    "CountryOfOrigin": "BELGIË",
    "IsExclusivelySoldInLuxembourg": false,
    "OrderUnit": "P",
    "ShortName": "BONI GEKOOK.MOSSEL.200G",
    "IsNew": false,
    "EcoscoreLabel": "B",
    "RecentQuanityOfStockUnits": "1,8",
    "LongName": "BONI mosselen gekookt MSC 200g",
    "AlcoholVolume": "0",
    "FicCode": "I",
    "EcoscoreValue": "74"
  },
  {
    "productId": "848586",
    "technicalArticleNumber": "4695811",
    "commercialArticleNumber": "29254",
    "name": "grill",
    "brand": "BONI",
    "seoBrand": "Boni Selection",
    "thumbNail": "https://static.colruytgroup.com/images/200x200/std.lang.all/66/81/asset-3286681.jpg",
    "fullImage": "https://static.colruytgroup.com/images/500x500/std.lang.all/66/81/asset-3286681.jpg",
    "squareImage": "https://static.colruytgroup.com/images/500x500sq/std.lang.all/66/81/asset-3286681.jpg",
    "content": "150g",
    "walkRouteSequenceNumber": 7663,
    "price": {
      "basicPrice": 2.79,
      "recommendedQuantity": "1.0",
      "measurementUnitPrice": 18.6,
      "measurementUnit": "K",
      "isRedPrice": false,
      "pricePerUOM": 18.6,
      "activationDate": "13-06-2023",
      "isPromoActive": "N",
      "priceChangeCode": "E"
    },
    "isAvailable": true,
    "isPriceAvailable": true,
    "inPromo": false,
    "gtin": [
      "05400141686593"
    ],
    "topCategoryName": "Bereidingen/Charcuterie/Vis/Veggie",
    "topCategoryId": "105",
    "businessDomain": "RETAIL_BE",
    "IsPrivateLabel": true,
    "IsBiffe": false,
    "WeightconversionFactor": "0",
    "IsWeightArticle": false,
    "nutriscoreLabel": "E",
    "IsBio": false,
    "CountryOfOrigin": "BELGIË",
    "IsExclusivelySoldInLuxembourg": false,
    "OrderUnit": "P",
    "ShortName": "BONI GRILLWORST 150G",
    "IsNew": false,
    "EcoscoreLabel": "D",
    "RecentQuanityOfStockUnits": "1",
    "LongName": "BONI grill 150g",
    "FicCode": "I",
    "EcoscoreValue": "21"
  },
  {
    "productId": "778469",
    "technicalArticleNumber": "4572008",
    "commercialArticleNumber": "28516",
    "name": "Wrap kip sweet chili",
    "description": "*Wrap gevuld met\ngeroosterd, gekruid\nkippenborstfilet\nblokjes, zoete\nchilisaus",
    "brand": "BONI",
    "seoBrand": "Boni Selection",
    "thumbNail": "https://static.colruytgroup.com/images/200x200/std.lang.all/17/77/asset-3161777.jpg",
    "fullImage": "https://static.colruytgroup.com/images/500x500/std.lang.all/17/77/asset-3161777.jpg",
    "squareImage": "https://static.colruytgroup.com/images/500x500sq/std.lang.all/17/77/asset-3161777.jpg",
    "content": "170g",
    "walkRouteSequenceNumber": 5311,
    "price": {
      "basicPrice": 2.67,
      "recommendedQuantity": "1.0",
      "measurementUnitPrice": 15.71,
      "measurementUnit": "K",
      "isRedPrice": false,
      "pricePerUOM": 15.71,
      "activationDate": "08-03-2024",
      "recordSource": "Offline",
      "isPromoActive": "N",
      "priceChangeCode": "L"
    },
    "isAvailable": true,
    "isPriceAvailable": true,
    "inPromo": false,
    "gtin": [
      "15400141933861",
      "05400141933864"
    ],
    "topCategoryName": "Bereidingen/Charcuterie/Vis/Veggie",
    "topCategoryId": "105",
    "businessDomain": "RETAIL_BE",
    "IsPrivateLabel": true,
    "IsBiffe": false,
    "WeightconversionFactor": "0",
    "IsWeightArticle": false,
    "nutriscoreLabel": "C",
    "IsBio": false,
    "CountryOfOrigin": "NEDERLAND",
    "IsExclusivelySoldInLuxembourg": false,
    "OrderUnit": "P",
    "ShortName": "BONI WR.KIP SWE.CHIL170",
    "InSeason": true,
    "IsNew": false,
    "EcoscoreLabel": "D",
    "RecentQuanityOfStockUnits": "1",
    "LongName": "BONI Wrap kip sweet chili 170g",
    "StartSeasonDate": "21/10/2022",
    "FicCode": "I",
    "EcoscoreValue": "36"
  },
  {
    "productId": "450427",
    "technicalArticleNumber": "4018274",
    "commercialArticleNumber": "5087",
    "name": "schotel kip taboulé",
    "description": "*Koude schotel",
    "brand": "BONI",
    "seoBrand": "Boni Selection",
    "thumbNail": "https://static.colruytgroup.com/images/200x200/std.lang.all/14/84/asset-3341484.jpg",
    "fullImage": "https://static.colruytgroup.com/images/500x500/std.lang.all/14/84/asset-3341484.jpg",
    "squareImage": "https://static.colruytgroup.com/images/500x500sq/std.lang.all/14/84/asset-3341484.jpg",
    "content": "400g",
    "walkRouteSequenceNumber": 5304,
    "price": {
      "basicPrice": 4.99,
      "recommendedQuantity": "1.0",
      "quantityPrice": 4.79,
      "quantityPriceQuantity": "3.0",
      "measurementUnitPrice": 12.48,
      "measurementUnitQuantityPrice": 11.98,
      "measurementUnit": "K",
      "isRedPrice": false,
      "pricePerUOM": 12.48,
      "activationDate": "14-11-2023",
      "isPromoActive": "N",
      "priceChangeCode": "E",
      "quantityPricePerUOM": 11.98,
      "quantityActivationDate": "14-11-2023",
      "quantityPriceChangeCode": "E"
    },
    "isAvailable": true,
    "isPriceAvailable": true,
    "inPromo": false,
    "gtin": [
      "05400141888928",
      "35400141888929",
      "05400141238372",
      "05400141413618",
      "15400141345398",
      "35400141238373",
      "05400141460643"
    ],
    "topCategoryName": "Bereidingen/Charcuterie/Vis/Veggie",
    "topCategoryId": "105",
    "businessDomain": "RETAIL_BE",
    "IsPrivateLabel": true,
    "IsBiffe": false,
    "WeightconversionFactor": "0",
    "IsWeightArticle": false,
    "nutriscoreLabel": "B",
    "IsBio": false,
    "CountryOfOrigin": "BELGIË",
    "IsExclusivelySoldInLuxembourg": false,
    "OrderUnit": "P",
    "ShortName": "BONI SAL.KIP TABOUL400G",
    "InSeason": true,
    "IsNew": false,
    "EcoscoreLabel": "C",
    "RecentQuanityOfStockUnits": "1,2",
    "LongName": "BONI schotel kip taboulé 400g",
    "StartSeasonDate": "13/03/2019",
    "FicCode": "I",
    "EcoscoreValue": "59"
  },
  {
    "productId": "877435",
    "technicalArticleNumber": "4733320",
    "commercialArticleNumber": "9431",
    "name": "Burger Vegetarisch",
    "brand": "BONI",
    "seoBrand": "Boni Selection",
    "thumbNail": "https://static.colruytgroup.com/images/200x200/std.lang.all/74/58/asset-3277458.jpg",
    "fullImage": "https://static.colruytgroup.com/images/500x500/std.lang.all/74/58/asset-3277458.jpg",
    "squareImage": "https://static.colruytgroup.com/images/500x500sq/std.lang.all/74/58/asset-3277458.jpg",
    "content": "200g",
    "walkRouteSequenceNumber": 7625,
    "price": {
      "basicPrice": 1.49,
      "recommendedQuantity": "1.0",
      "measurementUnitPrice": 7.45,
      "measurementUnit": "K",
      "isRedPrice": false,
      "pricePerUOM": 7.45,
      "activationDate": "23-03-2024",
      "recordSource": "Offline",
      "isPromoActive": "N",
      "priceChangeCode": "L"
    },
    "isAvailable": true,
    "isPriceAvailable": true,
    "inPromo": true,
    "promotion": [
      {
        "techPromoId": "100899COLR",
        "promotionId": "100899",
        "promotionType": "3",
        "isPersonalized": "N",
        "publicationStartDate": "13-03-2024",
        "publicationEndDate": "26-03-2024"
      }
    ],
    "gtin": [
      "05400141512472",
      "15400141512479"
    ],
    "topCategoryName": "Bereidingen/Charcuterie/Vis/Veggie",
    "topCategoryId": "105",
    "businessDomain": "RETAIL_BE",
    "IsPrivateLabel": true,
    "IsBiffe": false,
    "WeightconversionFactor": "0",
    "IsWeightArticle": false,
    "nutriscoreLabel": "A",
    "IsBio": false,
    "CountryOfOrigin": "NEDERLAND",
    "IsExclusivelySoldInLuxembourg": false,
    "OrderUnit": "P",
    "ShortName": "BONI BURGER VEGETA.200G",
    "IsNew": false,
    "EcoscoreLabel": "C",
    "RecentQuanityOfStockUnits": "1,6",
    "LongName": "BONI Burger Vegetarisch 200g",
    "FicCode": "I",
    "EcoscoreValue": "59"
  },
  {
    "productId": "770251",
    "technicalArticleNumber": "4557186",
    "commercialArticleNumber": "25475",
    "name": "kaas schnitzel",
    "description": "*Vegetarische\nkaasschnitzel op\nbasis van soja- en\ntarwe-eiwitten",
    "brand": "GARDEN GOURMET",
    "seoBrand": "Garden Gourmet",
    "thumbNail": "https://static.colruytgroup.com/images/200x200/std.lang.all/03/66/asset-2760366.jpg",
    "fullImage": "https://static.colruytgroup.com/images/500x500/std.lang.all/03/66/asset-2760366.jpg",
    "squareImage": "https://static.colruytgroup.com/images/500x500sq/std.lang.all/03/66/asset-2760366.jpg",
    "content": "180g",
    "walkRouteSequenceNumber": 7604,
    "price": {
      "basicPrice": 2.49,
      "recommendedQuantity": "1.0",
      "measurementUnitPrice": 13.84,
      "measurementUnit": "K",
      "isRedPrice": false,
      "pricePerUOM": 13.84,
      "activationDate": "23-03-2024",
      "recordSource": "Folder",
      "isPromoActive": "N",
      "priceChangeCode": "E"
    },
    "isAvailable": true,
    "isPriceAvailable": true,
    "inPromo": false,
    "gtin": [
      "07290013997685",
      "07290013997760"
    ],
    "topCategoryName": "Bereidingen/Charcuterie/Vis/Veggie",
    "topCategoryId": "105",
    "businessDomain": "RETAIL_BE",
    "IsPrivateLabel": false,
    "IsBiffe": false,
    "WeightconversionFactor": "0",
    "IsWeightArticle": false,
    "nutriscoreLabel": "B",
    "IsBio": false,
    "CountryOfOrigin": "TSJECHIË (REPUBLIEK)",
    "IsExclusivelySoldInLuxembourg": false,
    "OrderUnit": "P",
    "ShortName": "GG KAAS SCHNITZEL 180G",
    "IsNew": false,
    "RecentQuanityOfStockUnits": "1",
    "LongName": "GARDEN GOURMET kaas schnitzel 180g",
    "FicCode": "E"
  },
  {
    "productId": "871738",
    "technicalArticleNumber": "4725711",
    "commercialArticleNumber": "10990",
    "name": "pasta meatballs",
    "brand": "BONI",
    "seoBrand": "Boni Selection",
    "thumbNail": "https://static.colruytgroup.com/images/200x200/std.lang.all/16/97/asset-3251697.jpg",
    "fullImage": "https://static.colruytgroup.com/images/500x500/std.lang.all/16/97/asset-3251697.jpg",
    "squareImage": "https://static.colruytgroup.com/images/500x500sq/std.lang.all/16/97/asset-3251697.jpg",
    "content": "450g",
    "walkRouteSequenceNumber": 7535,
    "price": {
      "basicPrice": 4.29,
      "recommendedQuantity": "1.0",
      "measurementUnitPrice": 9.54,
      "measurementUnit": "K",
      "isRedPrice": false,
      "pricePerUOM": 9.54,
      "activationDate": "31-01-2024",
      "isPromoActive": "N",
      "priceChangeCode": "E"
    },
    "isAvailable": true,
    "isPriceAvailable": true,
    "inPromo": false,
    "gtin": [
      "05400141910285"
    ],
    "topCategoryName": "Bereidingen/Charcuterie/Vis/Veggie",
    "topCategoryId": "105",
    "businessDomain": "RETAIL_BE",
    "IsPrivateLabel": true,
    "IsBiffe": false,
    "WeightconversionFactor": "0",
    "IsWeightArticle": false,
    "nutriscoreLabel": "C",
    "IsBio": false,
    "CountryOfOrigin": "BELGIË",
    "IsExclusivelySoldInLuxembourg": false,
    "OrderUnit": "P",
    "ShortName": "BONI PASTA MEATBAL.450G",
    "IsNew": false,
    "EcoscoreLabel": "C",
    "RecentQuanityOfStockUnits": "1",
    "LongName": "BONI pasta meatballs 450g",
    "FicCode": "I",
    "EcoscoreValue": "43"
  },
  {
    "productId": "868806",
    "technicalArticleNumber": "4721456",
    "commercialArticleNumber": "15798",
    "name": "beenham",
    "brand": "HERTA",
    "seoBrand": "Herta",
    "thumbNail": "https://static.colruytgroup.com/images/200x200/std.lang.all/63/35/asset-3196335.jpg",
    "fullImage": "https://static.colruytgroup.com/images/500x500/std.lang.all/63/35/asset-3196335.jpg",
    "squareImage": "https://static.colruytgroup.com/images/500x500sq/std.lang.all/63/35/asset-3196335.jpg",
    "content": "4st",
    "walkRouteSequenceNumber": 7870,
    "price": {
      "basicPrice": 3.99,
      "recommendedQuantity": "1.0",
      "measurementUnitPrice": 26.6,
      "measurementUnit": "K",
      "isRedPrice": false,
      "pricePerUOM": 26.6,
      "activationDate": "14-03-2024",
      "recordSource": "Offline",
      "isPromoActive": "N",
      "priceChangeCode": "E"
    },
    "isAvailable": true,
    "isPriceAvailable": true,
    "inPromo": true,
    "promotion": [
      {
        "techPromoId": "100936COLR",
        "promotionId": "100936",
        "promotionType": "3",
        "isPersonalized": "N",
        "publicationStartDate": "13-03-2024",
        "publicationEndDate": "26-03-2024"
      }
    ],
    "gtin": [
      "03154230808824"
    ],
    "topCategoryName": "Bereidingen/Charcuterie/Vis/Veggie",
    "topCategoryId": "105",
    "businessDomain": "RETAIL_BE",
    "IsPrivateLabel": false,
    "IsBiffe": false,
    "WeightconversionFactor": "0",
    "IsWeightArticle": false,
    "nutriscoreLabel": "D",
    "IsBio": false,
    "CountryOfOrigin": "FRANKRIJK",
    "IsExclusivelySoldInLuxembourg": false,
    "OrderUnit": "P",
    "ShortName": "HERT BEENHAM 4ST",
    "IsNew": false,
    "EcoscoreLabel": "E",
    "RecentQuanityOfStockUnits": "1",
    "LongName": "HERTA beenham 4st",
    "FicCode": "E",
    "EcoscoreValue": "5"
  },
  {
    "productId": "595509",
    "technicalArticleNumber": "4257142",
    "commercialArticleNumber": "22401",
    "name": "Poulettekes",
    "description": "*Veggie kip\n*Klaar voor gebruik\n*Veggie proteïne\n*Vegan friendly\n*Vleesvervangers",
    "brand": "DE VEGETARISCHE SLAGER",
    "seoBrand": "DE VEGETARISCHE SLAGER",
    "thumbNail": "https://static.colruytgroup.com/images/200x200/std.lang.all/24/07/asset-2812407.jpg",
    "fullImage": "https://static.colruytgroup.com/images/500x500/std.lang.all/24/07/asset-2812407.jpg",
    "squareImage": "https://static.colruytgroup.com/images/500x500sq/std.lang.all/24/07/asset-2812407.jpg",
    "content": "160g",
    "walkRouteSequenceNumber": 7571,
    "price": {
      "basicPrice": 4.49,
      "recommendedQuantity": "1.0",
      "measurementUnitPrice": 28.07,
      "measurementUnit": "K",
      "isRedPrice": false,
      "pricePerUOM": 28.07,
      "activationDate": "19-03-2024",
      "recordSource": "Offline",
      "isPromoActive": "N",
      "priceChangeCode": "E"
    },
    "isAvailable": true,
    "isPriceAvailable": true,
    "inPromo": false,
    "gtin": [
      "08718692788251",
      "08718692788404"
    ],
    "topCategoryName": "Bereidingen/Charcuterie/Vis/Veggie",
    "topCategoryId": "105",
    "businessDomain": "RETAIL_BE",
    "IsPrivateLabel": false,
    "IsBiffe": false,
    "WeightconversionFactor": "0",
    "IsWeightArticle": false,
    "nutriscoreLabel": "A",
    "IsBio": false,
    "CountryOfOrigin": "NEDERLAND",
    "IsExclusivelySoldInLuxembourg": false,
    "OrderUnit": "P",
    "ShortName": "VESL POULETTEKES 160G",
    "IsNew": false,
    "EcoscoreLabel": "C",
    "RecentQuanityOfStockUnits": "1",
    "LongName": "DE VEGETARISCHE SLAGER Poulettekes 160g",
    "FicCode": "E",
    "EcoscoreValue": "58"
  },
  {
    "productId": "56033",
    "technicalArticleNumber": "2398703",
    "commercialArticleNumber": "25705",
    "name": "Tortellini met kaas",
    "description": "*Verse pasta,\n40 % vulling:\nricotta, kaaspoeder,\ngorgonzola\n*In de kookpot",
    "brand": "BONI",
    "seoBrand": "Boni Selection",
    "thumbNail": "https://static.colruytgroup.com/images/200x200/std.lang.all/28/23/asset-3352823.jpg",
    "fullImage": "https://static.colruytgroup.com/images/500x500/std.lang.all/28/23/asset-3352823.jpg",
    "squareImage": "https://static.colruytgroup.com/images/500x500sq/std.lang.all/28/23/asset-3352823.jpg",
    "content": "500g",
    "walkRouteSequenceNumber": 6661,
    "price": {
      "basicPrice": 2.83,
      "recommendedQuantity": "1.0",
      "measurementUnitPrice": 5.66,
      "measurementUnit": "K",
      "isRedPrice": false,
      "pricePerUOM": 5.66,
      "activationDate": "20-03-2024",
      "recordSource": "Folder",
      "isPromoActive": "N",
      "priceChangeCode": "L"
    },
    "isAvailable": true,
    "isPriceAvailable": true,
    "inPromo": false,
    "gtin": [
      "05400141241129",
      "05400141084351",
      "15400141241126",
      "15400141074601",
      "05400141074604",
      "05400141257052",
      "05400141193053",
      "05400141378672",
      "05400141594966",
      "15400141594963",
      "05400141610116",
      "15400141378679"
    ],
    "topCategoryName": "Bereidingen/Charcuterie/Vis/Veggie",
    "topCategoryId": "105",
    "businessDomain": "RETAIL_BE",
    "IsPrivateLabel": true,
    "IsBiffe": false,
    "WeightconversionFactor": "0",
    "IsWeightArticle": false,
    "nutriscoreLabel": "C",
    "IsBio": false,
    "CountryOfOrigin": "BELGIË",
    "IsExclusivelySoldInLuxembourg": false,
    "OrderUnit": "P",
    "ShortName": "BONI TORTEL.KAAS 500GR",
    "IsNew": false,
    "EcoscoreLabel": "B",
    "RecentQuanityOfStockUnits": "1",
    "LongName": "BONI Tortellini met kaas 500g",
    "AlcoholVolume": "0",
    "FicCode": "I",
    "EcoscoreValue": "64"
  },
  {
    "productId": "133717",
    "technicalArticleNumber": "3159795",
    "commercialArticleNumber": "41217",
    "name": "Ganda natuurl.gedroogde ham gv sn.",
    "description": "*België\n*Boterham, koude\nschotel\n*Glutenvrij",
    "thumbNail": "https://static.colruytgroup.com/images/200x200/std.lang.all/94/61/asset-3429461.jpg",
    "fullImage": "https://static.colruytgroup.com/images/500x500/std.lang.all/94/61/asset-3429461.jpg",
    "squareImage": "https://static.colruytgroup.com/images/500x500sq/std.lang.all/94/61/asset-3429461.jpg",
    "content": "120g",
    "walkRouteSequenceNumber": 7842,
    "price": {
      "basicPrice": 5.98,
      "recommendedQuantity": "1.0",
      "measurementUnitPrice": 49.84,
      "measurementUnit": "K",
      "isRedPrice": false,
      "pricePerUOM": 49.84,
      "activationDate": "12-03-2024",
      "recordSource": "Offline",
      "isPromoActive": "N",
      "priceChangeCode": "H"
    },
    "isAvailable": true,
    "isPriceAvailable": true,
    "inPromo": false,
    "gtin": [
      "05413617002483"
    ],
    "topCategoryName": "Bereidingen/Charcuterie/Vis/Veggie",
    "topCategoryId": "105",
    "businessDomain": "RETAIL_BE",
    "IsPrivateLabel": false,
    "IsBiffe": false,
    "WeightconversionFactor": "0",
    "IsWeightArticle": false,
    "nutriscoreLabel": "E",
    "IsBio": false,
    "CountryOfOrigin": "BELGIË",
    "IsExclusivelySoldInLuxembourg": false,
    "OrderUnit": "P",
    "ShortName": "GANDA HAM 9SN 120G",
    "IsNew": false,
    "EcoscoreLabel": "D",
    "RecentQuanityOfStockUnits": "1",
    "LongName": "Ganda natuurl.gedroogde ham gv sn. 120g",
    "AlcoholVolume": "0",
    "FicCode": "E",
    "EcoscoreValue": "22"
  },
  {
    "productId": "255538",
    "technicalArticleNumber": "3589114",
    "commercialArticleNumber": "18564",
    "name": "minipizzadeeg 8 stuks",
    "description": "*Kant- en klaar deeg",
    "brand": "HERTA",
    "seoBrand": "Herta",
    "thumbNail": "https://static.colruytgroup.com/images/200x200/std.lang.all/70/62/asset-3197062.jpg",
    "fullImage": "https://static.colruytgroup.com/images/500x500/std.lang.all/70/62/asset-3197062.jpg",
    "squareImage": "https://static.colruytgroup.com/images/500x500sq/std.lang.all/70/62/asset-3197062.jpg",
    "content": "265g",
    "walkRouteSequenceNumber": 6046,
    "price": {
      "basicPrice": 2.79,
      "recommendedQuantity": "1.0",
      "measurementUnitPrice": 10.53,
      "measurementUnit": "K",
      "isRedPrice": false,
      "pricePerUOM": 10.53,
      "activationDate": "14-03-2024",
      "recordSource": "Offline",
      "isPromoActive": "N",
      "priceChangeCode": "E"
    },
    "isAvailable": true,
    "isPriceAvailable": true,
    "inPromo": true,
    "promotion": [
      {
        "techPromoId": "100936COLR",
        "promotionId": "100936",
        "promotionType": "3",
        "isPersonalized": "N",
        "publicationStartDate": "13-03-2024",
        "publicationEndDate": "26-03-2024"
      }
    ],
    "gtin": [
      "08445290286970",
      "07613035815612",
      "07613035815599",
      "08445290286987"
    ],
    "topCategoryName": "Bereidingen/Charcuterie/Vis/Veggie",
    "topCategoryId": "105",
    "businessDomain": "RETAIL_BE",
    "IsPrivateLabel": false,
    "IsBiffe": false,
    "WeightconversionFactor": "0",
    "IsWeightArticle": false,
    "nutriscoreLabel": "D",
    "IsBio": false,
    "CountryOfOrigin": "SPANJE",
    "IsExclusivelySoldInLuxembourg": false,
    "OrderUnit": "P",
    "ShortName": "HERT MINI PIZZADEEG265G",
    "IsNew": false,
    "RecentQuanityOfStockUnits": "1,12",
    "LongName": "HERTA minipizzadeeg 8 stuks 265g",
    "AlcoholVolume": "0",
    "FicCode": "E"
  },
  {
    "productId": "2237",
    "technicalArticleNumber": "27928",
    "commercialArticleNumber": "27928",
    "name": "scampi Party ASC",
    "description": "*Aquacultuur uit\nIndonesië, Vietnam,\nEcuador\n*met label ASC\n*Met staart, gepeld",
    "brand": "BONI",
    "seoBrand": "Boni Selection",
    "thumbNail": "https://static.colruytgroup.com/images/200x200/std.lang.all/84/48/asset-3178448.jpg",
    "fullImage": "https://static.colruytgroup.com/images/500x500/std.lang.all/84/48/asset-3178448.jpg",
    "squareImage": "https://static.colruytgroup.com/images/500x500sq/std.lang.all/84/48/asset-3178448.jpg",
    "content": "150g",
    "walkRouteSequenceNumber": 7545,
    "price": {
      "basicPrice": 3.63,
      "recommendedQuantity": "1.0",
      "quantityPrice": 3.32,
      "quantityPriceQuantity": "2.0",
      "measurementUnitPrice": 24.2,
      "measurementUnitQuantityPrice": 22.14,
      "measurementUnit": "K",
      "isRedPrice": false,
      "pricePerUOM": 24.2,
      "activationDate": "21-03-2024",
      "recordSource": "Folder",
      "isPromoActive": "N",
      "priceChangeCode": "L",
      "quantityPricePerUOM": 22.14,
      "quantityActivationDate": "21-03-2024",
      "quantityPriceChangeCode": "E"
    },
    "isAvailable": true,
    "isPriceAvailable": true,
    "inPromo": false,
    "gtin": [
      "05400141367423",
      "05400141417166",
      "15400141313748",
      "15400141367420",
      "15400141417163",
      "15400141975441",
      "15400141992646",
      "15400141816416",
      "05400141313741",
      "05400141816419",
      "15400141809234"
    ],
    "topCategoryName": "Bereidingen/Charcuterie/Vis/Veggie",
    "topCategoryId": "105",
    "businessDomain": "RETAIL_BE",
    "IsPrivateLabel": true,
    "IsBiffe": false,
    "WeightconversionFactor": "0",
    "IsWeightArticle": false,
    "nutriscoreLabel": "D",
    "IsBio": false,
    "CountryOfOrigin": "NEDERLAND",
    "IsExclusivelySoldInLuxembourg": false,
    "OrderUnit": "P",
    "ShortName": "BONI PARTY SCAMPI 150G",
    "IsNew": false,
    "EcoscoreLabel": "E",
    "RecentQuanityOfStockUnits": "1",
    "LongName": "BONI scampi Party ASC 150g",
    "AlcoholVolume": "0",
    "FicCode": "I",
    "EcoscoreValue": "18"
  },
  {
    "productId": "879570",
    "technicalArticleNumber": "4736021",
    "commercialArticleNumber": "27396",
    "name": "Girasoli ricotta spinazie",
    "brand": "BONI",
    "seoBrand": "Boni Selection",
    "thumbNail": "https://static.colruytgroup.com/images/200x200/std.lang.all/53/68/asset-3335368.jpg",
    "fullImage": "https://static.colruytgroup.com/images/500x500/std.lang.all/53/68/asset-3335368.jpg",
    "squareImage": "https://static.colruytgroup.com/images/500x500sq/std.lang.all/53/68/asset-3335368.jpg",
    "content": "250g",
    "walkRouteSequenceNumber": 7528,
    "price": {
      "basicPrice": 2.59,
      "recommendedQuantity": "1.0",
      "measurementUnitPrice": 10.36,
      "measurementUnit": "K",
      "isRedPrice": false,
      "pricePerUOM": 10.36,
      "activationDate": "14-02-2024",
      "isPromoActive": "N",
      "priceChangeCode": "E"
    },
    "isAvailable": true,
    "isPriceAvailable": true,
    "inPromo": false,
    "gtin": [
      "05400141561708"
    ],
    "topCategoryName": "Bereidingen/Charcuterie/Vis/Veggie",
    "topCategoryId": "105",
    "businessDomain": "RETAIL_BE",
    "IsPrivateLabel": true,
    "IsBiffe": false,
    "WeightconversionFactor": "0",
    "IsWeightArticle": false,
    "nutriscoreLabel": "D",
    "IsBio": false,
    "CountryOfOrigin": "ITALIË",
    "IsExclusivelySoldInLuxembourg": false,
    "OrderUnit": "P",
    "ShortName": "BONI GIRA.RIC.SPIN.250G",
    "IsNew": false,
    "EcoscoreLabel": "C",
    "RecentQuanityOfStockUnits": "1",
    "LongName": "BONI Girasoli ricotta spinazie 250g",
    "AlcoholVolume": "0",
    "FicCode": "I",
    "EcoscoreValue": "48"
  },
  {
    "productId": "710509",
    "technicalArticleNumber": "4451401",
    "commercialArticleNumber": "27072",
    "name": "SERRANO",
    "description": "Chiffonade van serrano. Ideaal als ape\nritiefhapje",
    "brand": "BONI",
    "seoBrand": "Boni Selection",
    "thumbNail": "https://static.colruytgroup.com/images/200x200/std.lang.all/42/96/asset-3454296.jpg",
    "fullImage": "https://static.colruytgroup.com/images/500x500/std.lang.all/42/96/asset-3454296.jpg",
    "squareImage": "https://static.colruytgroup.com/images/500x500sq/std.lang.all/42/96/asset-3454296.jpg",
    "content": "100g",
    "walkRouteSequenceNumber": 6704,
    "price": {
      "basicPrice": 2.29,
      "recommendedQuantity": "1.0",
      "measurementUnitPrice": 22.9,
      "measurementUnit": "K",
      "isRedPrice": false,
      "pricePerUOM": 22.9,
      "activationDate": "17-02-2024",
      "isPromoActive": "N",
      "priceChangeCode": "E"
    },
    "isAvailable": true,
    "isPriceAvailable": true,
    "inPromo": false,
    "gtin": [
      "05400141454802",
      "05400141793222",
      "05400141807523"
    ],
    "topCategoryName": "Bereidingen/Charcuterie/Vis/Veggie",
    "topCategoryId": "105",
    "businessDomain": "RETAIL_BE",
    "IsPrivateLabel": true,
    "IsBiffe": false,
    "WeightconversionFactor": "0",
    "IsWeightArticle": false,
    "nutriscoreLabel": "E",
    "IsBio": false,
    "CountryOfOrigin": "SPANJE",
    "IsExclusivelySoldInLuxembourg": false,
    "OrderUnit": "P",
    "ShortName": "BONI SERRANO 100G",
    "IsNew": false,
    "EcoscoreLabel": "E",
    "RecentQuanityOfStockUnits": "1,1",
    "LongName": "BONI SERRANO 100g",
    "AlcoholVolume": "0",
    "FicCode": "I",
    "EcoscoreValue": "0"
  },
  {
    "productId": "15977",
    "technicalArticleNumber": "1563718",
    "commercialArticleNumber": "27925",
    "name": "Nems varkensvlees",
    "description": "*Met varkensvlees en\ngroenten\n*In de frituurpan,\npan, oven",
    "brand": "BONI",
    "seoBrand": "Boni Selection",
    "thumbNail": "https://static.colruytgroup.com/images/200x200/std.lang.all/10/89/asset-3351089.jpg",
    "fullImage": "https://static.colruytgroup.com/images/500x500/std.lang.all/10/89/asset-3351089.jpg",
    "squareImage": "https://static.colruytgroup.com/images/500x500sq/std.lang.all/10/89/asset-3351089.jpg",
    "content": "280g",
    "walkRouteSequenceNumber": 6727,
    "price": {
      "basicPrice": 3.49,
      "recommendedQuantity": "1.0",
      "quantityPrice": 2.82,
      "quantityPriceQuantity": "2.0",
      "measurementUnitPrice": 12.47,
      "measurementUnitQuantityPrice": 10.08,
      "measurementUnit": "K",
      "isRedPrice": false,
      "pricePerUOM": 12.47,
      "activationDate": "20-03-2024",
      "recordSource": "Offline",
      "isPromoActive": "N",
      "priceChangeCode": "E",
      "quantityPricePerUOM": 10.08,
      "quantityActivationDate": "20-03-2024",
      "quantityPriceChangeCode": "E"
    },
    "isAvailable": true,
    "isPriceAvailable": true,
    "inPromo": false,
    "gtin": [
      "05400141208320",
      "05400141378146",
      "15400141853114",
      "15400141208327",
      "15400141431534",
      "05400141431537"
    ],
    "topCategoryName": "Bereidingen/Charcuterie/Vis/Veggie",
    "topCategoryId": "105",
    "businessDomain": "RETAIL_BE",
    "IsPrivateLabel": true,
    "IsBiffe": false,
    "WeightconversionFactor": "0",
    "IsWeightArticle": false,
    "nutriscoreLabel": "C",
    "IsBio": false,
    "CountryOfOrigin": "FRANKRIJK",
    "IsExclusivelySoldInLuxembourg": false,
    "OrderUnit": "P",
    "ShortName": "BONI MINI NEMS 280 GR",
    "IsNew": false,
    "EcoscoreLabel": "C",
    "RecentQuanityOfStockUnits": "1",
    "LongName": "BONI Nems varkensvlees 280g",
    "AlcoholVolume": "0",
    "FicCode": "I",
    "EcoscoreValue": "44"
  },
  {
    "productId": "12850",
    "technicalArticleNumber": "1236627",
    "commercialArticleNumber": "27838",
    "name": "lasagne zalm",
    "description": "*Met 14,5 % zalm,\ngetomateerde\nbechamelsaus,\nspinazie\n*In de oven",
    "brand": "COME A CASA",
    "seoBrand": "Come A Casa",
    "thumbNail": "https://static.colruytgroup.com/images/200x200/std.lang.all/24/20/asset-2672420.jpg",
    "fullImage": "https://static.colruytgroup.com/images/500x500/std.lang.all/24/20/asset-2672420.jpg",
    "squareImage": "https://static.colruytgroup.com/images/500x500sq/std.lang.all/24/20/asset-2672420.jpg",
    "content": "400g",
    "walkRouteSequenceNumber": 6605,
    "price": {
      "basicPrice": 6.15,
      "recommendedQuantity": "1.0",
      "measurementUnitPrice": 15.38,
      "measurementUnit": "K",
      "isRedPrice": false,
      "pricePerUOM": 15.38,
      "activationDate": "15-03-2024",
      "recordSource": "Offline",
      "isPromoActive": "N",
      "priceChangeCode": "E"
    },
    "isAvailable": true,
    "isPriceAvailable": true,
    "inPromo": false,
    "gtin": [
      "15413848306876",
      "05413848091133"
    ],
    "topCategoryName": "Bereidingen/Charcuterie/Vis/Veggie",
    "topCategoryId": "105",
    "businessDomain": "RETAIL_BE",
    "IsPrivateLabel": false,
    "IsBiffe": false,
    "WeightconversionFactor": "0",
    "IsWeightArticle": false,
    "nutriscoreLabel": "C",
    "IsBio": false,
    "CountryOfOrigin": "BELGIË",
    "IsExclusivelySoldInLuxembourg": false,
    "OrderUnit": "P",
    "ShortName": "CAC LASAGNE ZALM 400G",
    "IsNew": false,
    "EcoscoreLabel": "C",
    "RecentQuanityOfStockUnits": "1",
    "LongName": "COME A CASA lasagne zalm 400g",
    "AlcoholVolume": "0",
    "FicCode": "E",
    "EcoscoreValue": "42"
  },
  {
    "productId": "109573",
    "technicalArticleNumber": "3109776",
    "commercialArticleNumber": "43567",
    "name": "Mihoen Goreng",
    "description": "* In wok gebakken mihoen, groenten,\n7,3 % varkensblokjes en 7,3 % ham\n* Microgolfoven",
    "brand": "BONI",
    "seoBrand": "Boni Selection",
    "thumbNail": "https://static.colruytgroup.com/images/200x200/std.lang.all/66/06/asset-3376606.jpg",
    "fullImage": "https://static.colruytgroup.com/images/500x500/std.lang.all/66/06/asset-3376606.jpg",
    "squareImage": "https://static.colruytgroup.com/images/500x500sq/std.lang.all/66/06/asset-3376606.jpg",
    "content": "450g",
    "walkRouteSequenceNumber": 6673,
    "price": {
      "basicPrice": 3.99,
      "recommendedQuantity": "1.0",
      "measurementUnitPrice": 8.87,
      "measurementUnit": "K",
      "isRedPrice": false,
      "pricePerUOM": 8.87,
      "activationDate": "14-03-2024",
      "recordSource": "Offline",
      "isPromoActive": "N",
      "priceChangeCode": "H"
    },
    "isAvailable": true,
    "isPriceAvailable": true,
    "inPromo": false,
    "gtin": [
      "05400141091649",
      "05400141908039",
      "15400141941088",
      "15400141328704",
      "05400141328707",
      "05400141185751",
      "15400141908036",
      "05400141618518",
      "15400141618515"
    ],
    "topCategoryName": "Bereidingen/Charcuterie/Vis/Veggie",
    "topCategoryId": "105",
    "businessDomain": "RETAIL_BE",
    "IsPrivateLabel": true,
    "IsBiffe": false,
    "WeightconversionFactor": "0",
    "IsWeightArticle": false,
    "nutriscoreLabel": "C",
    "IsBio": false,
    "CountryOfOrigin": "NEDERLAND",
    "IsExclusivelySoldInLuxembourg": false,
    "OrderUnit": "P",
    "ShortName": "BONI MIHOEN 450GR",
    "IsNew": false,
    "RecentQuanityOfStockUnits": "1",
    "LongName": "BONI Mihoen Goreng 450g",
    "AlcoholVolume": "0",
    "FicCode": "I"
  },
  {
    "productId": "442779",
    "technicalArticleNumber": "3979646",
    "commercialArticleNumber": "3705",
    "name": "bami goreng royal",
    "brand": "BONI",
    "seoBrand": "Boni Selection",
    "thumbNail": "https://static.colruytgroup.com/images/200x200/std.lang.all/55/11/asset-3275511.jpg",
    "fullImage": "https://static.colruytgroup.com/images/500x500/std.lang.all/55/11/asset-3275511.jpg",
    "squareImage": "https://static.colruytgroup.com/images/500x500sq/std.lang.all/55/11/asset-3275511.jpg",
    "content": "450g",
    "walkRouteSequenceNumber": 6672,
    "price": {
      "basicPrice": 3.99,
      "recommendedQuantity": "1.0",
      "measurementUnitPrice": 8.87,
      "measurementUnit": "K",
      "isRedPrice": false,
      "pricePerUOM": 8.87,
      "activationDate": "17-11-2023",
      "isPromoActive": "N",
      "priceChangeCode": "E"
    },
    "isAvailable": true,
    "isPriceAvailable": true,
    "inPromo": false,
    "gtin": [
      "15400141623717",
      "15400141907534",
      "05400141907537",
      "05400141114430",
      "15400141114437",
      "05400141623710"
    ],
    "topCategoryName": "Bereidingen/Charcuterie/Vis/Veggie",
    "topCategoryId": "105",
    "businessDomain": "RETAIL_BE",
    "IsPrivateLabel": true,
    "IsBiffe": false,
    "WeightconversionFactor": "0",
    "IsWeightArticle": false,
    "nutriscoreLabel": "C",
    "IsBio": false,
    "CountryOfOrigin": "NEDERLAND",
    "IsExclusivelySoldInLuxembourg": false,
    "OrderUnit": "P",
    "ShortName": "BONI BAMI GORENG 450G",
    "IsNew": false,
    "RecentQuanityOfStockUnits": "1",
    "LongName": "BONI bami goreng royal 450g",
    "FicCode": "I"
  },
  {
    "productId": "696184",
    "technicalArticleNumber": "4425873",
    "commercialArticleNumber": "26009",
    "name": "pizza margherita deluxe",
    "description": "*Pizza mozzarella,\ntomaat, basilicum",
    "brand": "BONI",
    "seoBrand": "Boni Selection",
    "thumbNail": "https://static.colruytgroup.com/images/200x200/std.lang.all/11/01/asset-3351101.jpg",
    "fullImage": "https://static.colruytgroup.com/images/500x500/std.lang.all/11/01/asset-3351101.jpg",
    "squareImage": "https://static.colruytgroup.com/images/500x500sq/std.lang.all/11/01/asset-3351101.jpg",
    "content": "420g",
    "walkRouteSequenceNumber": 6680,
    "price": {
      "basicPrice": 4.75,
      "recommendedQuantity": "1.0",
      "measurementUnitPrice": 11.31,
      "measurementUnit": "K",
      "isRedPrice": false,
      "pricePerUOM": 11.31,
      "activationDate": "09-01-2024",
      "recordSource": "Offline",
      "isPromoActive": "N",
      "priceChangeCode": "H"
    },
    "isAvailable": true,
    "isPriceAvailable": true,
    "inPromo": false,
    "gtin": [
      "15400141978756",
      "05400141978759"
    ],
    "topCategoryName": "Bereidingen/Charcuterie/Vis/Veggie",
    "topCategoryId": "105",
    "businessDomain": "RETAIL_BE",
    "IsPrivateLabel": true,
    "IsBiffe": false,
    "WeightconversionFactor": "0",
    "IsWeightArticle": false,
    "nutriscoreLabel": "C",
    "IsBio": false,
    "CountryOfOrigin": "BELGIË",
    "IsExclusivelySoldInLuxembourg": false,
    "OrderUnit": "P",
    "ShortName": "BONI PIZZA MARGHAR.420G",
    "IsNew": false,
    "EcoscoreLabel": "A",
    "RecentQuanityOfStockUnits": "1",
    "LongName": "BONI pizza margherita deluxe 420g",
    "FicCode": "I",
    "EcoscoreValue": "94"
  },
  {
    "productId": "86977",
    "technicalArticleNumber": "3014248",
    "commercialArticleNumber": "4365",
    "name": "gevogelteworst sneetjes",
    "description": "*Duitsland",
    "brand": "PLOP",
    "seoBrand": "Plop",
    "thumbNail": "https://static.colruytgroup.com/images/200x200/std.lang.all/03/27/asset-370327.jpg",
    "fullImage": "https://static.colruytgroup.com/images/500x500/std.lang.all/03/27/asset-370327.jpg",
    "squareImage": "https://static.colruytgroup.com/images/500x500sq/std.lang.all/03/27/asset-370327.jpg",
    "content": "100g",
    "walkRouteSequenceNumber": 7741,
    "price": {
      "basicPrice": 2.99,
      "recommendedQuantity": "1.0",
      "measurementUnitPrice": 29.9,
      "measurementUnit": "K",
      "isRedPrice": false,
      "pricePerUOM": 29.9,
      "activationDate": "13-03-2024",
      "recordSource": "Offline",
      "isPromoActive": "N",
      "priceChangeCode": "E"
    },
    "isAvailable": true,
    "isPriceAvailable": true,
    "inPromo": true,
    "promotion": [
      {
        "techPromoId": "100970COLR",
        "promotionId": "100970",
        "promotionType": "4",
        "isPersonalized": "N",
        "publicationStartDate": "13-03-2024",
        "publicationEndDate": "26-03-2024"
      }
    ],
    "gtin": [
      "15413848192011",
      "05413848187560"
    ],
    "topCategoryName": "Bereidingen/Charcuterie/Vis/Veggie",
    "topCategoryId": "105",
    "businessDomain": "RETAIL_BE",
    "IsPrivateLabel": false,
    "IsBiffe": false,
    "WeightconversionFactor": "0",
    "IsWeightArticle": false,
    "nutriscoreLabel": "D",
    "IsBio": false,
    "CountryOfOrigin": "BELGIË",
    "IsExclusivelySoldInLuxembourg": false,
    "OrderUnit": "P",
    "ShortName": "PLOPWORST 100GR",
    "IsNew": false,
    "EcoscoreLabel": "E",
    "RecentQuanityOfStockUnits": "1,6",
    "LongName": "PLOP gevogelteworst sneetjes 100g",
    "AlcoholVolume": "0",
    "FicCode": "E",
    "EcoscoreValue": "0"
  },
  {
    "productId": "881131",
    "technicalArticleNumber": "4738490",
    "commercialArticleNumber": "32389",
    "name": "Sprotfilet",
    "brand": "BONI",
    "seoBrand": "Boni Selection",
    "thumbNail": "https://static.colruytgroup.com/images/200x200/std.lang.all/53/69/asset-3335369.jpg",
    "fullImage": "https://static.colruytgroup.com/images/500x500/std.lang.all/53/69/asset-3335369.jpg",
    "squareImage": "https://static.colruytgroup.com/images/500x500sq/std.lang.all/53/69/asset-3335369.jpg",
    "content": "80g",
    "walkRouteSequenceNumber": 7485,
    "price": {
      "basicPrice": 3.95,
      "recommendedQuantity": "1.0",
      "measurementUnitPrice": 49.38,
      "measurementUnit": "K",
      "isRedPrice": false,
      "pricePerUOM": 49.38,
      "activationDate": "13-03-2024",
      "isPromoActive": "N",
      "priceChangeCode": "H"
    },
    "isAvailable": true,
    "isPriceAvailable": true,
    "inPromo": false,
    "gtin": [
      "05400141453416"
    ],
    "topCategoryName": "Bereidingen/Charcuterie/Vis/Veggie",
    "topCategoryId": "105",
    "businessDomain": "RETAIL_BE",
    "IsPrivateLabel": true,
    "IsBiffe": false,
    "WeightconversionFactor": "0",
    "IsWeightArticle": false,
    "nutriscoreLabel": "D",
    "IsBio": false,
    "CountryOfOrigin": "NOORWEGEN",
    "IsExclusivelySoldInLuxembourg": false,
    "OrderUnit": "P",
    "ShortName": "BONI SPROTFILET 80G",
    "IsNew": false,
    "EcoscoreLabel": "B",
    "RecentQuanityOfStockUnits": "1",
    "LongName": "BONI Sprotfilet 80g",
    "FicCode": "I",
    "EcoscoreValue": "64"
  },
  {
    "productId": "52118",
    "technicalArticleNumber": "2402084",
    "commercialArticleNumber": "19239",
    "name": "cocktailworstjes Halal",
    "description": "*Cocktailworstjes",
    "brand": "MARHABA",
    "seoBrand": "Marhaba",
    "thumbNail": "https://static.colruytgroup.com/images/200x200/std.lang.all/88/39/asset-388839.jpg",
    "fullImage": "https://static.colruytgroup.com/images/500x500/std.lang.all/88/39/asset-388839.jpg",
    "squareImage": "https://static.colruytgroup.com/images/500x500sq/std.lang.all/88/39/asset-388839.jpg",
    "content": "400g",
    "walkRouteSequenceNumber": 7852,
    "price": {
      "basicPrice": 3.99,
      "recommendedQuantity": "1.0",
      "measurementUnitPrice": 9.98,
      "measurementUnit": "K",
      "isRedPrice": false,
      "pricePerUOM": 9.98,
      "activationDate": "19-04-2023",
      "isPromoActive": "N",
      "priceChangeCode": "E"
    },
    "isAvailable": true,
    "isPriceAvailable": true,
    "inPromo": false,
    "gtin": [
      "08717545693803",
      "08717545694718"
    ],
    "topCategoryName": "Bereidingen/Charcuterie/Vis/Veggie",
    "topCategoryId": "105",
    "businessDomain": "RETAIL_BE",
    "IsPrivateLabel": false,
    "IsBiffe": false,
    "WeightconversionFactor": "0",
    "IsWeightArticle": false,
    "nutriscoreLabel": "E",
    "IsBio": false,
    "CountryOfOrigin": "DUITSLAND",
    "IsExclusivelySoldInLuxembourg": false,
    "OrderUnit": "P",
    "ShortName": "MARH COCKTAIL WORST400G",
    "IsNew": false,
    "EcoscoreLabel": "D",
    "RecentQuanityOfStockUnits": "1",
    "LongName": "MARHABA cocktailworstjes Halal 400g",
    "AlcoholVolume": "0",
    "FicCode": "E",
    "EcoscoreValue": "23"
  },
  {
    "productId": "826421",
    "technicalArticleNumber": "4663931",
    "commercialArticleNumber": "30104",
    "name": "tomatenroomsoep balletj.",
    "brand": "BUTTERFLY",
    "seoBrand": "Butterfly",
    "thumbNail": "https://static.colruytgroup.com/images/200x200/nl_be/49/14/asset-3034914.jpg",
    "fullImage": "https://static.colruytgroup.com/images/500x500/nl_be/49/14/asset-3034914.jpg",
    "squareImage": "https://static.colruytgroup.com/images/500x500sq/nl_be/49/14/asset-3034914.jpg",
    "content": "950ml",
    "walkRouteSequenceNumber": 6637,
    "price": {
      "basicPrice": 3.99,
      "recommendedQuantity": "1.0",
      "measurementUnitPrice": 4.2,
      "measurementUnit": "L",
      "isRedPrice": false,
      "pricePerUOM": 4.2,
      "activationDate": "28-02-2024",
      "recordSource": "Offline",
      "isPromoActive": "N",
      "priceChangeCode": "E"
    },
    "isAvailable": true,
    "isPriceAvailable": true,
    "inPromo": false,
    "gtin": [
      "05425010830150"
    ],
    "topCategoryName": "Bereidingen/Charcuterie/Vis/Veggie",
    "topCategoryId": "105",
    "businessDomain": "RETAIL_BE",
    "IsPrivateLabel": false,
    "IsBiffe": false,
    "WeightconversionFactor": "0",
    "IsWeightArticle": false,
    "nutriscoreLabel": "C",
    "IsBio": false,
    "CountryOfOrigin": "BELGIË",
    "IsExclusivelySoldInLuxembourg": false,
    "OrderUnit": "P",
    "ShortName": "BUTT TOMAT.SOEP 950ML",
    "IsNew": false,
    "EcoscoreLabel": "D",
    "RecentQuanityOfStockUnits": "1",
    "LongName": "BUTTERFLY tomatenroomsoep balletj. 950ml",
    "FicCode": "E",
    "EcoscoreValue": "32"
  },
  {
    "productId": "611474",
    "technicalArticleNumber": "4285078",
    "commercialArticleNumber": "7595",
    "name": "Lasagne Ricotta Spinazie",
    "brand": "BONI",
    "seoBrand": "Boni Selection",
    "thumbNail": "https://static.colruytgroup.com/images/200x200/std.lang.all/51/87/asset-2245187.jpg",
    "fullImage": "https://static.colruytgroup.com/images/500x500/std.lang.all/51/87/asset-2245187.jpg",
    "squareImage": "https://static.colruytgroup.com/images/500x500sq/std.lang.all/51/87/asset-2245187.jpg",
    "content": "400g",
    "walkRouteSequenceNumber": 6606,
    "price": {
      "basicPrice": 2.99,
      "recommendedQuantity": "1.0",
      "measurementUnitPrice": 7.48,
      "measurementUnit": "K",
      "isRedPrice": false,
      "pricePerUOM": 7.48,
      "activationDate": "30-12-2023",
      "isPromoActive": "N",
      "priceChangeCode": "H"
    },
    "isAvailable": true,
    "isPriceAvailable": true,
    "inPromo": false,
    "gtin": [
      "15400141504979",
      "05400141504972",
      "05400141726053",
      "15400141726050",
      "05400141414547",
      "15400141414544"
    ],
    "topCategoryName": "Bereidingen/Charcuterie/Vis/Veggie",
    "topCategoryId": "105",
    "businessDomain": "RETAIL_BE",
    "IsPrivateLabel": true,
    "IsBiffe": false,
    "WeightconversionFactor": "0",
    "IsWeightArticle": false,
    "nutriscoreLabel": "C",
    "IsBio": false,
    "CountryOfOrigin": "BELGIË",
    "IsExclusivelySoldInLuxembourg": false,
    "OrderUnit": "P",
    "ShortName": "BONI LASAG.RICO.SPI400G",
    "IsNew": false,
    "EcoscoreLabel": "B",
    "RecentQuanityOfStockUnits": "1",
    "LongName": "BONI Lasagne Ricotta Spinazie 400g",
    "FicCode": "I",
    "EcoscoreValue": "77"
  },
  {
    "productId": "885604",
    "technicalArticleNumber": "4744616",
    "commercialArticleNumber": "32623",
    "name": "Surimi MSC",
    "brand": "BONI",
    "seoBrand": "Boni Selection",
    "thumbNail": "https://static.colruytgroup.com/images/200x200/std.lang.all/36/83/asset-3403683.jpg",
    "fullImage": "https://static.colruytgroup.com/images/500x500/std.lang.all/36/83/asset-3403683.jpg",
    "squareImage": "https://static.colruytgroup.com/images/500x500sq/std.lang.all/36/83/asset-3403683.jpg",
    "content": "200g",
    "walkRouteSequenceNumber": 7541,
    "price": {
      "basicPrice": 1.79,
      "recommendedQuantity": "1.0",
      "measurementUnitPrice": 8.95,
      "measurementUnit": "K",
      "isRedPrice": false,
      "pricePerUOM": 8.95,
      "activationDate": "13-03-2024",
      "isPromoActive": "Y",
      "priceChangeCode": "E"
    },
    "isAvailable": true,
    "isPriceAvailable": true,
    "inPromo": false,
    "gtin": [
      "15400141722243",
      "05400141722246"
    ],
    "topCategoryName": "Bereidingen/Charcuterie/Vis/Veggie",
    "topCategoryId": "105",
    "businessDomain": "RETAIL_BE",
    "IsPrivateLabel": true,
    "IsBiffe": false,
    "WeightconversionFactor": "0",
    "IsWeightArticle": false,
    "nutriscoreLabel": "B",
    "IsBio": false,
    "CountryOfOrigin": "LITOUWEN",
    "IsExclusivelySoldInLuxembourg": false,
    "OrderUnit": "P",
    "ShortName": "BONI SURIMI MSC 200G",
    "IsNew": false,
    "RecentQuanityOfStockUnits": "1",
    "LongName": "BONI Surimi MSC 200g",
    "FicCode": "I"
  },
  {
    "productId": "2245",
    "technicalArticleNumber": "27967",
    "commercialArticleNumber": "27967",
    "name": "Zeeuwse mossel op azijn MSC",
    "description": "*Wild, Nederland\n*met label MSC",
    "brand": "BONI",
    "seoBrand": "Boni Selection",
    "thumbNail": "https://static.colruytgroup.com/images/200x200/std.lang.all/03/62/asset-3320362.jpg",
    "fullImage": "https://static.colruytgroup.com/images/500x500/std.lang.all/03/62/asset-3320362.jpg",
    "squareImage": "https://static.colruytgroup.com/images/500x500sq/std.lang.all/03/62/asset-3320362.jpg",
    "content": "350g",
    "walkRouteSequenceNumber": 7474,
    "price": {
      "basicPrice": 2.29,
      "recommendedQuantity": "1.0",
      "measurementUnitPrice": 10.91,
      "measurementUnit": "K",
      "isRedPrice": false,
      "pricePerUOM": 10.91,
      "activationDate": "14-11-2023",
      "recordSource": "Offline",
      "isPromoActive": "N",
      "priceChangeCode": "E"
    },
    "isAvailable": true,
    "isPriceAvailable": true,
    "inPromo": false,
    "gtin": [
      "15400141913740",
      "05400141099263",
      "05400141099287",
      "05400141340662",
      "05400141418033",
      "08710618025099",
      "15400141340669",
      "15400141801320",
      "05400141913743",
      "05400141804218"
    ],
    "topCategoryName": "Bereidingen/Charcuterie/Vis/Veggie",
    "topCategoryId": "105",
    "businessDomain": "RETAIL_BE",
    "IsPrivateLabel": true,
    "IsBiffe": false,
    "WeightconversionFactor": "0",
    "IsWeightArticle": false,
    "nutriscoreLabel": "A",
    "IsBio": false,
    "CountryOfOrigin": "BELGIË",
    "IsExclusivelySoldInLuxembourg": false,
    "OrderUnit": "P",
    "ShortName": "BONI MOSS. AZIJN 350G",
    "InSeason": true,
    "IsNew": false,
    "EcoscoreLabel": "B",
    "RecentQuanityOfStockUnits": "1,1",
    "LongName": "BONI Zeeuwse mossel op azijn MSC 350g",
    "AlcoholVolume": "0",
    "StartSeasonDate": "18/11/2008",
    "FicCode": "I",
    "EcoscoreValue": "65"
  },
  {
    "productId": "692264",
    "technicalArticleNumber": "4419759",
    "commercialArticleNumber": "25635",
    "name": "roze diepzeegarnalen MSC",
    "description": "*Gepelde pandalus\nborealis garnalen\n*MSC",
    "brand": "BONI",
    "seoBrand": "Boni Selection",
    "thumbNail": "https://static.colruytgroup.com/images/200x200/std.lang.all/39/10/asset-3233910.jpg",
    "fullImage": "https://static.colruytgroup.com/images/500x500/std.lang.all/39/10/asset-3233910.jpg",
    "squareImage": "https://static.colruytgroup.com/images/500x500sq/std.lang.all/39/10/asset-3233910.jpg",
    "content": "100g",
    "walkRouteSequenceNumber": 7549,
    "price": {
      "basicPrice": 2.99,
      "recommendedQuantity": "1.0",
      "measurementUnitPrice": 29.9,
      "measurementUnit": "K",
      "isRedPrice": false,
      "pricePerUOM": 29.9,
      "activationDate": "13-03-2024",
      "isPromoActive": "N",
      "priceChangeCode": "H"
    },
    "isAvailable": true,
    "isPriceAvailable": true,
    "inPromo": false,
    "gtin": [
      "05400141654523",
      "05400141987188",
      "15400141987185",
      "15400141691938"
    ],
    "topCategoryName": "Bereidingen/Charcuterie/Vis/Veggie",
    "topCategoryId": "105",
    "businessDomain": "RETAIL_BE",
    "IsPrivateLabel": true,
    "IsBiffe": false,
    "WeightconversionFactor": "0",
    "IsWeightArticle": false,
    "nutriscoreLabel": "C",
    "IsBio": false,
    "CountryOfOrigin": "NEDERLAND",
    "IsExclusivelySoldInLuxembourg": false,
    "OrderUnit": "P",
    "ShortName": "BONI ROZE GARN. MSC100G",
    "IsNew": false,
    "EcoscoreLabel": "C",
    "RecentQuanityOfStockUnits": "1",
    "LongName": "BONI roze diepzeegarnalen MSC 100g",
    "FicCode": "I",
    "EcoscoreValue": "42"
  },
  {
    "productId": "316814",
    "technicalArticleNumber": "3677781",
    "commercialArticleNumber": "40156",
    "name": "grijze gepelde garnalen",
    "description": "*Wild, Noordzee\nFAO 27",
    "brand": "BONI",
    "seoBrand": "Boni Selection",
    "thumbNail": "https://static.colruytgroup.com/images/200x200/std.lang.all/71/83/asset-3357183.jpg",
    "fullImage": "https://static.colruytgroup.com/images/500x500/std.lang.all/71/83/asset-3357183.jpg",
    "squareImage": "https://static.colruytgroup.com/images/500x500sq/std.lang.all/71/83/asset-3357183.jpg",
    "content": "125g",
    "walkRouteSequenceNumber": 7563,
    "price": {
      "basicPrice": 8.43,
      "recommendedQuantity": "1.0",
      "measurementUnitPrice": 67.44,
      "measurementUnit": "K",
      "isRedPrice": false,
      "pricePerUOM": 67.44,
      "activationDate": "11-03-2024",
      "recordSource": "Offline",
      "isPromoActive": "N",
      "priceChangeCode": "H"
    },
    "isAvailable": true,
    "isPriceAvailable": true,
    "inPromo": false,
    "gtin": [
      "05400141339659",
      "15400141126652",
      "05400141222081",
      "05400141126655",
      "05400141432848"
    ],
    "topCategoryName": "Bereidingen/Charcuterie/Vis/Veggie",
    "topCategoryId": "105",
    "businessDomain": "RETAIL_BE",
    "IsPrivateLabel": true,
    "IsBiffe": false,
    "WeightconversionFactor": "0",
    "IsWeightArticle": false,
    "nutriscoreLabel": "C",
    "IsBio": false,
    "CountryOfOrigin": "BELGIË",
    "IsExclusivelySoldInLuxembourg": false,
    "OrderUnit": "P",
    "ShortName": "BONI V.GR.GARN. 125G",
    "IsNew": false,
    "EcoscoreLabel": "C",
    "RecentQuanityOfStockUnits": "1,6",
    "LongName": "BONI grijze gepelde garnalen 125g",
    "AlcoholVolume": "0",
    "FicCode": "I",
    "EcoscoreValue": "50"
  },
  {
    "productId": "796560",
    "technicalArticleNumber": "4607149",
    "commercialArticleNumber": "29494",
    "name": "Gravad Lax",
    "description": "*Verwerkte vis",
    "brand": "BONI",
    "seoBrand": "Boni Selection",
    "thumbNail": "https://static.colruytgroup.com/images/200x200/std.lang.all/89/74/asset-3438974.jpg",
    "fullImage": "https://static.colruytgroup.com/images/500x500/std.lang.all/89/74/asset-3438974.jpg",
    "squareImage": "https://static.colruytgroup.com/images/500x500sq/std.lang.all/89/74/asset-3438974.jpg",
    "content": "140g",
    "walkRouteSequenceNumber": 7481,
    "price": {
      "basicPrice": 5.35,
      "recommendedQuantity": "1.0",
      "measurementUnitPrice": 38.22,
      "measurementUnit": "K",
      "isRedPrice": false,
      "pricePerUOM": 38.22,
      "activationDate": "13-03-2024",
      "recordSource": "Offline",
      "isPromoActive": "N",
      "priceChangeCode": "E"
    },
    "isAvailable": true,
    "isPriceAvailable": true,
    "inPromo": false,
    "gtin": [
      "05400141697100"
    ],
    "topCategoryName": "Bereidingen/Charcuterie/Vis/Veggie",
    "topCategoryId": "105",
    "businessDomain": "RETAIL_BE",
    "IsPrivateLabel": true,
    "IsBiffe": false,
    "WeightconversionFactor": "0",
    "IsWeightArticle": false,
    "nutriscoreLabel": "D",
    "IsBio": false,
    "CountryOfOrigin": "NOORWEGEN",
    "IsExclusivelySoldInLuxembourg": false,
    "OrderUnit": "P",
    "ShortName": "BONI GRAVAD LAX 140G",
    "IsNew": false,
    "EcoscoreLabel": "E",
    "RecentQuanityOfStockUnits": "1",
    "LongName": "BONI Gravad Lax 140g",
    "FicCode": "I",
    "EcoscoreValue": "19"
  },
  {
    "productId": "595481",
    "technicalArticleNumber": "4257114",
    "commercialArticleNumber": "22399",
    "name": "Le Burger",
    "description": "*Veggie burger\n*Klaar voor gebruik\n*Veggie proteïne\n*Vleesvervangers",
    "brand": "DE VEGETARISCHE SLAGER",
    "seoBrand": "DE VEGETARISCHE SLAGER",
    "thumbNail": "https://static.colruytgroup.com/images/200x200/std.lang.all/24/06/asset-2812406.jpg",
    "fullImage": "https://static.colruytgroup.com/images/500x500/std.lang.all/24/06/asset-2812406.jpg",
    "squareImage": "https://static.colruytgroup.com/images/500x500sq/std.lang.all/24/06/asset-2812406.jpg",
    "content": "160g",
    "walkRouteSequenceNumber": 7567,
    "price": {
      "basicPrice": 2.89,
      "recommendedQuantity": "1.0",
      "measurementUnitPrice": 18.07,
      "measurementUnit": "K",
      "isRedPrice": false,
      "pricePerUOM": 18.07,
      "activationDate": "19-03-2024",
      "recordSource": "Offline",
      "isPromoActive": "N",
      "priceChangeCode": "E"
    },
    "isAvailable": true,
    "isPriceAvailable": true,
    "inPromo": false,
    "gtin": [
      "08718692788428",
      "08718692788275"
    ],
    "topCategoryName": "Bereidingen/Charcuterie/Vis/Veggie",
    "topCategoryId": "105",
    "businessDomain": "RETAIL_BE",
    "IsPrivateLabel": false,
    "IsBiffe": false,
    "WeightconversionFactor": "0",
    "IsWeightArticle": false,
    "nutriscoreLabel": "A",
    "IsBio": false,
    "CountryOfOrigin": "NEDERLAND",
    "IsExclusivelySoldInLuxembourg": false,
    "OrderUnit": "P",
    "ShortName": "VESL LE BURGER160G",
    "IsNew": false,
    "EcoscoreLabel": "C",
    "RecentQuanityOfStockUnits": "1,4",
    "LongName": "DE VEGETARISCHE SLAGER Le Burger 160g",
    "FicCode": "E",
    "EcoscoreValue": "59"
  },
  {
    "productId": "264362",
    "technicalArticleNumber": "3587942",
    "commercialArticleNumber": "27401",
    "name": "varkensgebraad sneetjes",
    "description": "Uitgebeend varkensribstuk van eigen\nlastenboek. Gebraad is gekruid met\neigen mengeling en daarna gekookt",
    "brand": "BONI",
    "seoBrand": "Boni Selection",
    "thumbNail": "https://static.colruytgroup.com/images/200x200/std.lang.all/93/38/asset-2509338.jpg",
    "fullImage": "https://static.colruytgroup.com/images/500x500/std.lang.all/93/38/asset-2509338.jpg",
    "squareImage": "https://static.colruytgroup.com/images/500x500sq/std.lang.all/93/38/asset-2509338.jpg",
    "content": "200g",
    "walkRouteSequenceNumber": 7744,
    "price": {
      "basicPrice": 3.66,
      "recommendedQuantity": "1.0",
      "measurementUnitPrice": 18.3,
      "measurementUnit": "K",
      "isRedPrice": false,
      "pricePerUOM": 18.3,
      "activationDate": "08-11-2023",
      "recordSource": "Offline",
      "isPromoActive": "N",
      "priceChangeCode": "H"
    },
    "isAvailable": true,
    "isPriceAvailable": true,
    "inPromo": false,
    "gtin": [
      "05400141539950",
      "05400141422443",
      "05400141326383",
      "05400141787863"
    ],
    "topCategoryName": "Bereidingen/Charcuterie/Vis/Veggie",
    "topCategoryId": "105",
    "businessDomain": "RETAIL_BE",
    "IsPrivateLabel": true,
    "IsBiffe": false,
    "WeightconversionFactor": "0",
    "IsWeightArticle": false,
    "nutriscoreLabel": "D",
    "IsBio": false,
    "CountryOfOrigin": "BELGIË",
    "IsExclusivelySoldInLuxembourg": false,
    "OrderUnit": "P",
    "ShortName": "BONI VARKENSGEBRAAD200G",
    "IsNew": false,
    "EcoscoreLabel": "E",
    "RecentQuanityOfStockUnits": "1",
    "LongName": "BONI varkensgebraad sneetjes 200g",
    "AlcoholVolume": "0",
    "FicCode": "I",
    "EcoscoreValue": "19"
  },
  {
    "productId": "802670",
    "technicalArticleNumber": "4618689",
    "commercialArticleNumber": "11455",
    "name": "spekblokjes natuur",
    "description": "*Varken",
    "brand": "HERTA",
    "seoBrand": "Herta",
    "thumbNail": "https://static.colruytgroup.com/images/200x200/std.lang.all/42/51/asset-3414251.jpg",
    "fullImage": "https://static.colruytgroup.com/images/500x500/std.lang.all/42/51/asset-3414251.jpg",
    "squareImage": "https://static.colruytgroup.com/images/500x500sq/std.lang.all/42/51/asset-3414251.jpg",
    "content": "200g",
    "walkRouteSequenceNumber": 7748,
    "price": {
      "basicPrice": 3.49,
      "recommendedQuantity": "1.0",
      "measurementUnitPrice": 17.45,
      "measurementUnit": "K",
      "isRedPrice": false,
      "pricePerUOM": 17.45,
      "activationDate": "14-03-2024",
      "recordSource": "Offline",
      "isPromoActive": "N",
      "priceChangeCode": "E"
    },
    "isAvailable": true,
    "isPriceAvailable": true,
    "inPromo": true,
    "promotion": [
      {
        "techPromoId": "100936COLR",
        "promotionId": "100936",
        "promotionType": "3",
        "isPersonalized": "N",
        "publicationStartDate": "13-03-2024",
        "publicationEndDate": "26-03-2024"
      }
    ],
    "gtin": [
      "07613036955362",
      "05410573037207",
      "03154230813903"
    ],
    "topCategoryName": "Bereidingen/Charcuterie/Vis/Veggie",
    "topCategoryId": "105",
    "businessDomain": "RETAIL_BE",
    "IsPrivateLabel": false,
    "IsBiffe": false,
    "WeightconversionFactor": "0",
    "IsWeightArticle": false,
    "nutriscoreLabel": "D",
    "IsBio": false,
    "CountryOfOrigin": "FRANKRIJK",
    "IsExclusivelySoldInLuxembourg": false,
    "OrderUnit": "P",
    "ShortName": "HERT SPEKBLOKJ NAT.200G",
    "IsNew": false,
    "RecentQuanityOfStockUnits": "1",
    "LongName": "HERTA spekblokjes natuur 200g",
    "FicCode": "E"
  },
  {
    "productId": "333952",
    "technicalArticleNumber": "3813608",
    "commercialArticleNumber": "18343",
    "name": "Tonijn Perzik",
    "description": "*Perzik, bonen,\ntonijnsalade, ei,\naardappelsalade,\nwortelen, kerstomaat\n*Koud",
    "brand": "BONI",
    "seoBrand": "Boni Selection",
    "thumbNail": "https://static.colruytgroup.com/images/200x200/std.lang.all/24/70/asset-3252470.jpg",
    "fullImage": "https://static.colruytgroup.com/images/500x500/std.lang.all/24/70/asset-3252470.jpg",
    "squareImage": "https://static.colruytgroup.com/images/500x500sq/std.lang.all/24/70/asset-3252470.jpg",
    "content": "450g",
    "walkRouteSequenceNumber": 5303,
    "price": {
      "basicPrice": 4.99,
      "recommendedQuantity": "1.0",
      "quantityPrice": 4.59,
      "quantityPriceQuantity": "3.0",
      "measurementUnitPrice": 11.09,
      "measurementUnitQuantityPrice": 10.2,
      "measurementUnit": "K",
      "isRedPrice": false,
      "pricePerUOM": 11.09,
      "activationDate": "19-12-2023",
      "isPromoActive": "N",
      "priceChangeCode": "H",
      "quantityPricePerUOM": 10.2,
      "quantityActivationDate": "19-12-2023",
      "quantityPriceChangeCode": "H"
    },
    "isAvailable": true,
    "isPriceAvailable": true,
    "inPromo": false,
    "gtin": [
      "15400141602873",
      "05400141557220",
      "35400141436465",
      "05400141602876",
      "05400141436464",
      "15400141158059",
      "05400141158052"
    ],
    "topCategoryName": "Bereidingen/Charcuterie/Vis/Veggie",
    "topCategoryId": "105",
    "businessDomain": "RETAIL_BE",
    "IsPrivateLabel": true,
    "IsBiffe": false,
    "WeightconversionFactor": "0",
    "IsWeightArticle": false,
    "nutriscoreLabel": "B",
    "IsBio": false,
    "CountryOfOrigin": "BELGIË",
    "IsExclusivelySoldInLuxembourg": false,
    "OrderUnit": "P",
    "ShortName": "BONI TON.PERZ.2S.450G",
    "IsNew": false,
    "EcoscoreLabel": "C",
    "RecentQuanityOfStockUnits": "1,2",
    "LongName": "BONI Tonijn Perzik 450g",
    "AlcoholVolume": "0",
    "FicCode": "I",
    "EcoscoreValue": "48"
  },
  {
    "productId": "788718",
    "technicalArticleNumber": "4592848",
    "commercialArticleNumber": "29168",
    "name": "pizzadeeg rechthoekig",
    "description": "*Pizzadeeg dun\nen rechthoekig",
    "brand": "HERTA",
    "seoBrand": "Herta",
    "thumbNail": "https://static.colruytgroup.com/images/200x200/std.lang.all/40/88/asset-2954088.jpg",
    "fullImage": "https://static.colruytgroup.com/images/500x500/std.lang.all/40/88/asset-2954088.jpg",
    "squareImage": "https://static.colruytgroup.com/images/500x500sq/std.lang.all/40/88/asset-2954088.jpg",
    "content": "390g",
    "walkRouteSequenceNumber": 6045,
    "price": {
      "basicPrice": 2.99,
      "recommendedQuantity": "1.0",
      "measurementUnitPrice": 7.67,
      "measurementUnit": "K",
      "isRedPrice": false,
      "pricePerUOM": 7.67,
      "activationDate": "15-03-2024",
      "recordSource": "Offline",
      "isPromoActive": "N",
      "priceChangeCode": "E"
    },
    "isAvailable": true,
    "isPriceAvailable": true,
    "inPromo": true,
    "promotion": [
      {
        "techPromoId": "100936COLR",
        "promotionId": "100936",
        "promotionType": "3",
        "isPersonalized": "N",
        "publicationStartDate": "13-03-2024",
        "publicationEndDate": "26-03-2024"
      }
    ],
    "gtin": [
      "03154230600602",
      "03154230600619"
    ],
    "topCategoryName": "Bereidingen/Charcuterie/Vis/Veggie",
    "topCategoryId": "105",
    "businessDomain": "RETAIL_BE",
    "IsPrivateLabel": false,
    "IsBiffe": false,
    "WeightconversionFactor": "0",
    "IsWeightArticle": false,
    "nutriscoreLabel": "B",
    "IsBio": false,
    "CountryOfOrigin": "ZWITSERLAND",
    "IsExclusivelySoldInLuxembourg": false,
    "OrderUnit": "P",
    "ShortName": "HERT PIZZAD. RECHT.390G",
    "IsNew": false,
    "RecentQuanityOfStockUnits": "1,8",
    "LongName": "HERTA pizzadeeg rechthoekig 390g",
    "AlcoholVolume": "0",
    "FicCode": "E"
  },
  {
    "productId": "285034",
    "technicalArticleNumber": "3659427",
    "commercialArticleNumber": "30196",
    "name": "Noordzeesalade",
    "description": "*Salade met witte\nvis",
    "brand": "DÉLIO",
    "seoBrand": "Délio",
    "thumbNail": "https://static.colruytgroup.com/images/200x200/std.lang.all/26/88/asset-3172688.jpg",
    "fullImage": "https://static.colruytgroup.com/images/500x500/std.lang.all/26/88/asset-3172688.jpg",
    "squareImage": "https://static.colruytgroup.com/images/500x500sq/std.lang.all/26/88/asset-3172688.jpg",
    "content": "200g",
    "walkRouteSequenceNumber": 7924,
    "price": {
      "basicPrice": 3.29,
      "recommendedQuantity": "1.0",
      "measurementUnitPrice": 16.45,
      "measurementUnit": "K",
      "isRedPrice": false,
      "pricePerUOM": 16.45,
      "activationDate": "23-03-2024",
      "recordSource": "Offline",
      "isPromoActive": "N",
      "priceChangeCode": "E"
    },
    "isAvailable": true,
    "isPriceAvailable": true,
    "inPromo": false,
    "gtin": [
      "05411153005050",
      "15411153005057"
    ],
    "topCategoryName": "Bereidingen/Charcuterie/Vis/Veggie",
    "topCategoryId": "105",
    "businessDomain": "RETAIL_BE",
    "IsPrivateLabel": false,
    "IsBiffe": false,
    "WeightconversionFactor": "0",
    "IsWeightArticle": false,
    "nutriscoreLabel": "C",
    "IsBio": false,
    "CountryOfOrigin": "BELGIË",
    "IsExclusivelySoldInLuxembourg": false,
    "OrderUnit": "P",
    "ShortName": "DELI NRDZEESAL.200G",
    "IsNew": false,
    "EcoscoreLabel": "B",
    "RecentQuanityOfStockUnits": "1",
    "LongName": "DÉLIO Noordzeesalade 200g",
    "AlcoholVolume": "0",
    "FicCode": "E",
    "EcoscoreValue": "61"
  },
  {
    "productId": "48667",
    "technicalArticleNumber": "2563331",
    "commercialArticleNumber": "1490",
    "name": "witloof ham&kaassaus",
    "description": "*Witloof, ham, saus\nmet emmentaler\n*In de microgolfoven",
    "brand": "BONI",
    "seoBrand": "Boni Selection",
    "thumbNail": "https://static.colruytgroup.com/images/200x200/std.lang.all/87/36/asset-3208736.jpg",
    "fullImage": "https://static.colruytgroup.com/images/500x500/std.lang.all/87/36/asset-3208736.jpg",
    "squareImage": "https://static.colruytgroup.com/images/500x500sq/std.lang.all/87/36/asset-3208736.jpg",
    "content": "400g",
    "walkRouteSequenceNumber": 6604,
    "price": {
      "basicPrice": 3.69,
      "recommendedQuantity": "1.0",
      "measurementUnitPrice": 9.23,
      "measurementUnit": "K",
      "isRedPrice": false,
      "pricePerUOM": 9.23,
      "activationDate": "28-12-2023",
      "recordSource": "Offline",
      "isPromoActive": "N",
      "priceChangeCode": "E"
    },
    "isAvailable": true,
    "isPriceAvailable": true,
    "inPromo": false,
    "gtin": [
      "15400141844839",
      "05400141156621",
      "05400141344875",
      "15400141156628"
    ],
    "topCategoryName": "Bereidingen/Charcuterie/Vis/Veggie",
    "topCategoryId": "105",
    "businessDomain": "RETAIL_BE",
    "IsPrivateLabel": true,
    "IsBiffe": false,
    "WeightconversionFactor": "0",
    "IsWeightArticle": false,
    "nutriscoreLabel": "C",
    "IsBio": false,
    "CountryOfOrigin": "BELGIË",
    "IsExclusivelySoldInLuxembourg": false,
    "OrderUnit": "P",
    "ShortName": "BONI WITLO. HAM KAAS400",
    "IsNew": false,
    "EcoscoreLabel": "C",
    "RecentQuanityOfStockUnits": "1,4",
    "LongName": "BONI witloof ham&kaassaus 400g",
    "AlcoholVolume": "0",
    "FicCode": "I",
    "EcoscoreValue": "55"
  },
  {
    "productId": "178213",
    "technicalArticleNumber": "3352111",
    "commercialArticleNumber": "22162",
    "name": "Girasoli gegril.groente&ricot.",
    "description": "*Met gegrilde\ngroenten",
    "brand": "BONI",
    "seoBrand": "Boni Selection",
    "thumbNail": "https://static.colruytgroup.com/images/200x200/std.lang.all/24/39/asset-1832439.jpg",
    "fullImage": "https://static.colruytgroup.com/images/500x500/std.lang.all/24/39/asset-1832439.jpg",
    "squareImage": "https://static.colruytgroup.com/images/500x500sq/std.lang.all/24/39/asset-1832439.jpg",
    "content": "250g",
    "walkRouteSequenceNumber": 6694,
    "price": {
      "basicPrice": 2.59,
      "recommendedQuantity": "1.0",
      "measurementUnitPrice": 10.36,
      "measurementUnit": "K",
      "isRedPrice": false,
      "pricePerUOM": 10.36,
      "activationDate": "17-11-2023",
      "isPromoActive": "N",
      "priceChangeCode": "H"
    },
    "isAvailable": true,
    "isPriceAvailable": true,
    "inPromo": false,
    "gtin": [
      "15400141158806",
      "15400141855859",
      "05400141378764",
      "15400141568469",
      "05400141158809",
      "05400141095074",
      "05400141571660",
      "05400141568462"
    ],
    "topCategoryName": "Bereidingen/Charcuterie/Vis/Veggie",
    "topCategoryId": "105",
    "businessDomain": "RETAIL_BE",
    "IsPrivateLabel": true,
    "IsBiffe": false,
    "WeightconversionFactor": "0",
    "IsWeightArticle": false,
    "nutriscoreLabel": "C",
    "IsBio": false,
    "CountryOfOrigin": "ITALIË",
    "IsExclusivelySoldInLuxembourg": false,
    "OrderUnit": "P",
    "ShortName": "BONI PASTA GEG.GROE.250",
    "IsNew": false,
    "EcoscoreLabel": "C",
    "RecentQuanityOfStockUnits": "1",
    "LongName": "BONI Girasoli gegril.groente&ricot. 250g",
    "AlcoholVolume": "0",
    "FicCode": "I",
    "EcoscoreValue": "59"
  },
  {
    "productId": "86597",
    "technicalArticleNumber": "2947780",
    "commercialArticleNumber": "3255",
    "name": "burger Deluxe veg",
    "description": "*Burger\n*Gekruid met peper,\npeterselie\n*Veggie",
    "brand": "GARDEN GOURMET",
    "seoBrand": "Garden Gourmet",
    "thumbNail": "https://ecgproductmw.colruytgroup.com/ecgproductmw/noPicForArticle_2.jpg",
    "fullImage": "https://ecgproductmw.colruytgroup.com/ecgproductmw/noPicForArticle_5.jpg",
    "squareImage": "https://ecgproductmw.colruytgroup.com/ecgproductmw/noPicForArticle_5.jpg",
    "content": "180g",
    "walkRouteSequenceNumber": 7602,
    "price": {
      "basicPrice": 2.85,
      "recommendedQuantity": "1.0",
      "quantityPrice": 2.39,
      "quantityPriceQuantity": "2.0",
      "measurementUnitPrice": 15.84,
      "measurementUnitQuantityPrice": 13.28,
      "measurementUnit": "K",
      "isRedPrice": false,
      "pricePerUOM": 15.84,
      "activationDate": "22-03-2024",
      "recordSource": "Offline",
      "isPromoActive": "N",
      "priceChangeCode": "L",
      "quantityPricePerUOM": 13.28,
      "quantityActivationDate": "22-03-2024",
      "quantityPriceChangeCode": "E"
    },
    "isAvailable": true,
    "isPriceAvailable": true,
    "inPromo": false,
    "gtin": [
      "07290012806940",
      "07290109359168"
    ],
    "topCategoryName": "Bereidingen/Charcuterie/Vis/Veggie",
    "topCategoryId": "105",
    "businessDomain": "RETAIL_BE",
    "IsPrivateLabel": false,
    "IsBiffe": false,
    "WeightconversionFactor": "0",
    "IsWeightArticle": false,
    "nutriscoreLabel": "A",
    "IsBio": false,
    "CountryOfOrigin": "TSJECHIË (REPUBLIEK)",
    "IsExclusivelySoldInLuxembourg": false,
    "OrderUnit": "P",
    "ShortName": "GG BURG DE LUXE 180 GR",
    "IsNew": false,
    "RecentQuanityOfStockUnits": "1",
    "LongName": "GARDEN GOURMET burger Deluxe veg 180g",
    "AlcoholVolume": "0",
    "FicCode": "E"
  },
  {
    "productId": "189768",
    "technicalArticleNumber": "3451217",
    "commercialArticleNumber": "30603",
    "name": "penne groen pesto en tomaten",
    "description": "*Penne met groene\npesto en tomaten.",
    "brand": "BONI",
    "seoBrand": "Boni Selection",
    "thumbNail": "https://static.colruytgroup.com/images/200x200/std.lang.all/79/43/asset-2877943.jpg",
    "fullImage": "https://static.colruytgroup.com/images/500x500/std.lang.all/79/43/asset-2877943.jpg",
    "squareImage": "https://static.colruytgroup.com/images/500x500sq/std.lang.all/79/43/asset-2877943.jpg",
    "content": "400g",
    "walkRouteSequenceNumber": 5306,
    "price": {
      "basicPrice": 3.79,
      "recommendedQuantity": "1.0",
      "measurementUnitPrice": 9.48,
      "measurementUnit": "K",
      "isRedPrice": false,
      "pricePerUOM": 9.48,
      "activationDate": "17-11-2023",
      "isPromoActive": "N",
      "priceChangeCode": "E"
    },
    "isAvailable": true,
    "isPriceAvailable": true,
    "inPromo": false,
    "gtin": [
      "15400141853107",
      "15400141416234",
      "15400141159346",
      "05400141159349",
      "05400141416237",
      "05400141378139",
      "15400141338765",
      "05400141971743"
    ],
    "topCategoryName": "Bereidingen/Charcuterie/Vis/Veggie",
    "topCategoryId": "105",
    "businessDomain": "RETAIL_BE",
    "IsPrivateLabel": true,
    "IsBiffe": false,
    "WeightconversionFactor": "0",
    "IsWeightArticle": false,
    "nutriscoreLabel": "C",
    "IsBio": false,
    "CountryOfOrigin": "BELGIË",
    "IsExclusivelySoldInLuxembourg": false,
    "OrderUnit": "P",
    "ShortName": "BONI PENNE PES.TOM.400G",
    "IsNew": false,
    "EcoscoreLabel": "B",
    "RecentQuanityOfStockUnits": "1",
    "LongName": "BONI penne groen pesto en tomaten 400g",
    "AlcoholVolume": "0",
    "FicCode": "I",
    "EcoscoreValue": "72"
  },
  {
    "productId": "355220",
    "technicalArticleNumber": "3857544",
    "commercialArticleNumber": "27578",
    "name": "Authentiek kalkoengebraad",
    "brand": "AOSTE",
    "seoBrand": "Aoste",
    "thumbNail": "https://static.colruytgroup.com/images/200x200/std.lang.all/48/89/asset-2884889.jpg",
    "fullImage": "https://static.colruytgroup.com/images/500x500/std.lang.all/48/89/asset-2884889.jpg",
    "squareImage": "https://static.colruytgroup.com/images/500x500sq/std.lang.all/48/89/asset-2884889.jpg",
    "content": "120g",
    "walkRouteSequenceNumber": 7849,
    "price": {
      "basicPrice": 3.75,
      "recommendedQuantity": "1.0",
      "measurementUnitPrice": 31.25,
      "measurementUnit": "K",
      "isRedPrice": false,
      "pricePerUOM": 31.25,
      "activationDate": "08-03-2024",
      "recordSource": "Offline",
      "isPromoActive": "N",
      "priceChangeCode": "H"
    },
    "isAvailable": true,
    "isPriceAvailable": true,
    "inPromo": false,
    "gtin": [
      "05411328095534"
    ],
    "topCategoryName": "Bereidingen/Charcuterie/Vis/Veggie",
    "topCategoryId": "105",
    "businessDomain": "RETAIL_BE",
    "IsPrivateLabel": false,
    "IsBiffe": false,
    "WeightconversionFactor": "0",
    "IsWeightArticle": false,
    "nutriscoreLabel": "D",
    "IsBio": false,
    "CountryOfOrigin": "BELGIË",
    "IsExclusivelySoldInLuxembourg": false,
    "OrderUnit": "P",
    "ShortName": "AOSTE AUTH KALKOEN 120G",
    "IsNew": false,
    "EcoscoreLabel": "C",
    "RecentQuanityOfStockUnits": "1",
    "LongName": "AOSTE Authentiek kalkoengebraad 120g",
    "AlcoholVolume": "0",
    "FicCode": "E",
    "EcoscoreValue": "43"
  },
  {
    "productId": "12509",
    "technicalArticleNumber": "1333806",
    "commercialArticleNumber": "27308",
    "name": "gehakt Parmentier",
    "description": "*3,7% emmentaler, ui\n22,5% varkensgehakt,\ntomaten, knoflook\n*In de microgolfoven\noven",
    "brand": "BONI",
    "seoBrand": "Boni Selection",
    "thumbNail": "https://static.colruytgroup.com/images/200x200/std.lang.all/87/28/asset-3208728.jpg",
    "fullImage": "https://static.colruytgroup.com/images/500x500/std.lang.all/87/28/asset-3208728.jpg",
    "squareImage": "https://static.colruytgroup.com/images/500x500sq/std.lang.all/87/28/asset-3208728.jpg",
    "content": "1kg",
    "walkRouteSequenceNumber": 6643,
    "price": {
      "basicPrice": 6.99,
      "recommendedQuantity": "1.0",
      "measurementUnitPrice": 6.99,
      "measurementUnit": "K",
      "isRedPrice": false,
      "pricePerUOM": 6.99,
      "activationDate": "17-11-2023",
      "isPromoActive": "N",
      "priceChangeCode": "H"
    },
    "isAvailable": true,
    "isPriceAvailable": true,
    "inPromo": false,
    "gtin": [
      "05400141477573",
      "35400141158916",
      "05400141158915",
      "05400141273083",
      "15400141357506",
      "05400141084504",
      "15400141477570",
      "05400141357509"
    ],
    "topCategoryName": "Bereidingen/Charcuterie/Vis/Veggie",
    "topCategoryId": "105",
    "businessDomain": "RETAIL_BE",
    "IsPrivateLabel": true,
    "IsBiffe": false,
    "WeightconversionFactor": "0",
    "IsWeightArticle": false,
    "nutriscoreLabel": "C",
    "IsBio": false,
    "CountryOfOrigin": "BELGIË",
    "IsExclusivelySoldInLuxembourg": false,
    "OrderUnit": "P",
    "ShortName": "BONI GEHAKT PARME.1KG",
    "InSeason": true,
    "IsNew": false,
    "EcoscoreLabel": "D",
    "RecentQuanityOfStockUnits": "1",
    "LongName": "BONI gehakt Parmentier 1kg",
    "AlcoholVolume": "0",
    "StartSeasonDate": "12/04/2019",
    "FicCode": "I",
    "EcoscoreValue": "21"
  },
  {
    "productId": "701306",
    "technicalArticleNumber": "4433945",
    "commercialArticleNumber": "16238",
    "name": "schnitzel",
    "description": "*Veggie",
    "brand": "GARDEN GOURMET",
    "seoBrand": "Garden Gourmet",
    "thumbNail": "https://static.colruytgroup.com/images/200x200/std.lang.all/39/18/asset-3303918.jpg",
    "fullImage": "https://static.colruytgroup.com/images/500x500/std.lang.all/39/18/asset-3303918.jpg",
    "squareImage": "https://static.colruytgroup.com/images/500x500sq/std.lang.all/39/18/asset-3303918.jpg",
    "content": "180g",
    "walkRouteSequenceNumber": 7605,
    "price": {
      "basicPrice": 2.49,
      "recommendedQuantity": "1.0",
      "measurementUnitPrice": 13.84,
      "measurementUnit": "K",
      "isRedPrice": false,
      "pricePerUOM": 13.84,
      "activationDate": "23-03-2024",
      "recordSource": "Folder",
      "isPromoActive": "N",
      "priceChangeCode": "E"
    },
    "isAvailable": true,
    "isPriceAvailable": true,
    "inPromo": false,
    "gtin": [
      "07613287936356",
      "07290109359175",
      "07613287424587"
    ],
    "topCategoryName": "Bereidingen/Charcuterie/Vis/Veggie",
    "topCategoryId": "105",
    "businessDomain": "RETAIL_BE",
    "IsPrivateLabel": false,
    "IsBiffe": false,
    "WeightconversionFactor": "0",
    "IsWeightArticle": false,
    "nutriscoreLabel": "A",
    "IsBio": false,
    "CountryOfOrigin": "TSJECHIË (REPUBLIEK)",
    "IsExclusivelySoldInLuxembourg": false,
    "OrderUnit": "P",
    "ShortName": "GG SCHNITZEL 180G",
    "IsNew": false,
    "RecentQuanityOfStockUnits": "1",
    "LongName": "GARDEN GOURMET schnitzel 180g",
    "FicCode": "E"
  },
  {
    "productId": "824244",
    "technicalArticleNumber": "4660304",
    "commercialArticleNumber": "29820",
    "name": "rookworst",
    "brand": "LA VIEILLE ABBAYE",
    "seoBrand": "La vieille abbaye",
    "thumbNail": "https://static.colruytgroup.com/images/200x200/std.lang.all/29/66/asset-3042966.jpg",
    "fullImage": "https://static.colruytgroup.com/images/500x500/std.lang.all/29/66/asset-3042966.jpg",
    "squareImage": "https://static.colruytgroup.com/images/500x500sq/std.lang.all/29/66/asset-3042966.jpg",
    "content": "225g",
    "walkRouteSequenceNumber": 7702,
    "price": {
      "basicPrice": 3.39,
      "recommendedQuantity": "1.0",
      "measurementUnitPrice": 15.07,
      "measurementUnit": "K",
      "isRedPrice": false,
      "pricePerUOM": 15.07,
      "activationDate": "17-02-2024",
      "recordSource": "Offline",
      "isPromoActive": "N",
      "priceChangeCode": "E"
    },
    "isAvailable": true,
    "isPriceAvailable": true,
    "inPromo": false,
    "gtin": [
      "15420027317325",
      "05420027317328"
    ],
    "topCategoryName": "Bereidingen/Charcuterie/Vis/Veggie",
    "topCategoryId": "105",
    "businessDomain": "RETAIL_BE",
    "IsPrivateLabel": false,
    "IsBiffe": false,
    "WeightconversionFactor": "0",
    "IsWeightArticle": false,
    "IsBio": false,
    "CountryOfOrigin": "BELGIË",
    "IsExclusivelySoldInLuxembourg": false,
    "OrderUnit": "P",
    "ShortName": "LAVA ROOKWORST 225G",
    "IsNew": false,
    "EcoscoreLabel": "D",
    "RecentQuanityOfStockUnits": "1",
    "LongName": "LA VIEILLE ABBAYE rookworst 225g",
    "FicCode": "E",
    "EcoscoreValue": "21"
  },
  {
    "productId": "84768",
    "technicalArticleNumber": "2936775",
    "commercialArticleNumber": "38611",
    "name": "Saucisson de Table sn.",
    "description": "*België",
    "brand": "MARCASSOU",
    "seoBrand": "Marcassou",
    "thumbNail": "https://static.colruytgroup.com/images/200x200/std.lang.all/86/25/asset-2148625.jpg",
    "fullImage": "https://static.colruytgroup.com/images/500x500/std.lang.all/86/25/asset-2148625.jpg",
    "squareImage": "https://static.colruytgroup.com/images/500x500sq/std.lang.all/86/25/asset-2148625.jpg",
    "content": "100g",
    "walkRouteSequenceNumber": 7813,
    "price": {
      "basicPrice": 3.65,
      "recommendedQuantity": "1.0",
      "measurementUnitPrice": 36.5,
      "measurementUnit": "K",
      "isRedPrice": false,
      "pricePerUOM": 36.5,
      "activationDate": "15-02-2024",
      "recordSource": "Offline",
      "isPromoActive": "N",
      "priceChangeCode": "E"
    },
    "isAvailable": true,
    "isPriceAvailable": true,
    "inPromo": false,
    "gtin": [
      "05411328045027"
    ],
    "topCategoryName": "Bereidingen/Charcuterie/Vis/Veggie",
    "topCategoryId": "105",
    "businessDomain": "RETAIL_BE",
    "IsPrivateLabel": false,
    "IsBiffe": false,
    "WeightconversionFactor": "0",
    "IsWeightArticle": false,
    "nutriscoreLabel": "E",
    "IsBio": false,
    "CountryOfOrigin": "BELGIË",
    "IsExclusivelySoldInLuxembourg": false,
    "OrderUnit": "P",
    "ShortName": "MARC SAL DE TABLE 100G",
    "IsNew": false,
    "EcoscoreLabel": "D",
    "RecentQuanityOfStockUnits": "1",
    "LongName": "MARCASSOU Saucisson de Table sn. 100g",
    "AlcoholVolume": "0",
    "FicCode": "E",
    "EcoscoreValue": "34"
  },
  {
    "productId": "124042",
    "technicalArticleNumber": "3234036",
    "commercialArticleNumber": "19229",
    "name": "Franse charcuterie",
    "description": "*Frankrijk\n*Assortiment: droge\nworst,droge worst\nmet Provençaalse\nkruiden,Pyrenese ham",
    "brand": "BONI",
    "seoBrand": "Boni Selection",
    "thumbNail": "https://static.colruytgroup.com/images/200x200/std.lang.all/29/53/asset-3362953.jpg",
    "fullImage": "https://static.colruytgroup.com/images/500x500/std.lang.all/29/53/asset-3362953.jpg",
    "squareImage": "https://static.colruytgroup.com/images/500x500sq/std.lang.all/29/53/asset-3362953.jpg",
    "content": "160g",
    "walkRouteSequenceNumber": 7834,
    "price": {
      "basicPrice": 4.59,
      "recommendedQuantity": "1.0",
      "measurementUnitPrice": 28.69,
      "measurementUnit": "K",
      "isRedPrice": false,
      "pricePerUOM": 28.69,
      "activationDate": "19-11-2022",
      "isPromoActive": "N",
      "priceChangeCode": "E"
    },
    "isAvailable": true,
    "isPriceAvailable": true,
    "inPromo": false,
    "gtin": [
      "05400141407907",
      "15400141407904",
      "15400141918349",
      "05400141188622"
    ],
    "topCategoryName": "Bereidingen/Charcuterie/Vis/Veggie",
    "topCategoryId": "105",
    "businessDomain": "RETAIL_BE",
    "IsPrivateLabel": true,
    "IsBiffe": false,
    "WeightconversionFactor": "0",
    "IsWeightArticle": false,
    "nutriscoreLabel": "E",
    "IsBio": false,
    "CountryOfOrigin": "FRANKRIJK",
    "IsExclusivelySoldInLuxembourg": false,
    "OrderUnit": "P",
    "ShortName": "BONI CHARCUTERIESCH160G",
    "IsNew": false,
    "EcoscoreLabel": "E",
    "RecentQuanityOfStockUnits": "1",
    "LongName": "BONI Franse charcuterie 160g",
    "AlcoholVolume": "0",
    "FicCode": "I",
    "EcoscoreValue": "0"
  },
  {
    "productId": "199956",
    "technicalArticleNumber": "3426389",
    "commercialArticleNumber": "30389",
    "name": "pizza Rondo di Roma",
    "description": "*Ham, mozzarella,\ntomaat, olijven\n*In de oven",
    "brand": "BONI",
    "seoBrand": "Boni Selection",
    "thumbNail": "https://static.colruytgroup.com/images/200x200/std.lang.all/11/56/asset-3411156.jpg",
    "fullImage": "https://static.colruytgroup.com/images/500x500/std.lang.all/11/56/asset-3411156.jpg",
    "squareImage": "https://static.colruytgroup.com/images/500x500sq/std.lang.all/11/56/asset-3411156.jpg",
    "content": "450g",
    "walkRouteSequenceNumber": 6681,
    "price": {
      "basicPrice": 4.79,
      "recommendedQuantity": "1.0",
      "measurementUnitPrice": 10.65,
      "measurementUnit": "K",
      "isRedPrice": false,
      "pricePerUOM": 10.65,
      "activationDate": "28-02-2024",
      "isPromoActive": "N",
      "priceChangeCode": "E"
    },
    "isAvailable": true,
    "isPriceAvailable": true,
    "inPromo": false,
    "gtin": [
      "15400141839521",
      "15400141977797",
      "05400141977790",
      "15400141341987",
      "15400141159001",
      "05400141839524",
      "05400141377392",
      "05400141341980",
      "05400141166026",
      "05400141096019",
      "05400141159004"
    ],
    "topCategoryName": "Bereidingen/Charcuterie/Vis/Veggie",
    "topCategoryId": "105",
    "businessDomain": "RETAIL_BE",
    "IsPrivateLabel": true,
    "IsBiffe": false,
    "WeightconversionFactor": "0",
    "IsWeightArticle": false,
    "nutriscoreLabel": "C",
    "IsBio": false,
    "CountryOfOrigin": "BELGIË",
    "IsExclusivelySoldInLuxembourg": false,
    "OrderUnit": "P",
    "ShortName": "BONI RONDO DI ROMA 450G",
    "IsNew": false,
    "EcoscoreLabel": "B",
    "RecentQuanityOfStockUnits": "1",
    "LongName": "BONI pizza Rondo di Roma 450g",
    "AlcoholVolume": "0",
    "FicCode": "I",
    "EcoscoreValue": "70"
  },
  {
    "productId": "185784",
    "technicalArticleNumber": "3435947",
    "commercialArticleNumber": "30438",
    "name": "pizza 4 kazen",
    "description": "*Mozzarella,\nEmmental,Gorgonzola,\nblauwe kaas",
    "brand": "BONI",
    "seoBrand": "Boni Selection",
    "thumbNail": "https://static.colruytgroup.com/images/200x200/std.lang.all/10/96/asset-3351096.jpg",
    "fullImage": "https://static.colruytgroup.com/images/500x500/std.lang.all/10/96/asset-3351096.jpg",
    "squareImage": "https://static.colruytgroup.com/images/500x500sq/std.lang.all/10/96/asset-3351096.jpg",
    "content": "415g",
    "walkRouteSequenceNumber": 6682,
    "price": {
      "basicPrice": 4.79,
      "recommendedQuantity": "1.0",
      "measurementUnitPrice": 11.55,
      "measurementUnit": "K",
      "isRedPrice": false,
      "pricePerUOM": 11.55,
      "activationDate": "15-03-2024",
      "recordSource": "Offline",
      "isPromoActive": "N",
      "priceChangeCode": "E"
    },
    "isAvailable": true,
    "isPriceAvailable": true,
    "inPromo": false,
    "gtin": [
      "05400141977783",
      "15400141157496",
      "05400141341997",
      "05400141165876",
      "05400141159318",
      "15400141159315",
      "05400141081503",
      "15400141977780",
      "05400141157499"
    ],
    "topCategoryName": "Bereidingen/Charcuterie/Vis/Veggie",
    "topCategoryId": "105",
    "businessDomain": "RETAIL_BE",
    "IsPrivateLabel": true,
    "IsBiffe": false,
    "WeightconversionFactor": "0",
    "IsWeightArticle": false,
    "nutriscoreLabel": "D",
    "IsBio": false,
    "CountryOfOrigin": "BELGIË",
    "IsExclusivelySoldInLuxembourg": false,
    "OrderUnit": "P",
    "ShortName": "BONI PIZZA 4 KAZEN 415G",
    "IsNew": false,
    "EcoscoreLabel": "B",
    "RecentQuanityOfStockUnits": "1",
    "LongName": "BONI pizza 4 kazen 415g",
    "AlcoholVolume": "0",
    "FicCode": "I",
    "EcoscoreValue": "68"
  },
  {
    "productId": "541688",
    "technicalArticleNumber": "4165558",
    "commercialArticleNumber": "9780",
    "name": "yakitori teryaki",
    "description": "*Kippenbrochet\nmet teriyaki saus",
    "brand": "BONI",
    "seoBrand": "Boni Selection",
    "thumbNail": "https://static.colruytgroup.com/images/200x200/std.lang.all/11/27/asset-3351127.jpg",
    "fullImage": "https://static.colruytgroup.com/images/500x500/std.lang.all/11/27/asset-3351127.jpg",
    "squareImage": "https://static.colruytgroup.com/images/500x500sq/std.lang.all/11/27/asset-3351127.jpg",
    "content": "5st",
    "walkRouteSequenceNumber": 6725,
    "price": {
      "basicPrice": 4.29,
      "recommendedQuantity": "1.0",
      "measurementUnitPrice": 39,
      "measurementUnit": "K",
      "isRedPrice": false,
      "pricePerUOM": 39,
      "activationDate": "02-01-2024",
      "isPromoActive": "N",
      "priceChangeCode": "H"
    },
    "isAvailable": true,
    "isPriceAvailable": true,
    "inPromo": false,
    "gtin": [
      "15400141958697",
      "05400141562903",
      "05400141310665",
      "05400141958690",
      "05400141420418"
    ],
    "topCategoryName": "Bereidingen/Charcuterie/Vis/Veggie",
    "topCategoryId": "105",
    "businessDomain": "RETAIL_BE",
    "IsPrivateLabel": true,
    "IsBiffe": false,
    "WeightconversionFactor": "0",
    "IsWeightArticle": false,
    "nutriscoreLabel": "D",
    "IsBio": false,
    "CountryOfOrigin": "BELGIË",
    "IsExclusivelySoldInLuxembourg": false,
    "OrderUnit": "P",
    "ShortName": "BONI YAKITO.TERRYA.5ST",
    "InSeason": true,
    "IsNew": false,
    "EcoscoreLabel": "E",
    "RecentQuanityOfStockUnits": "1",
    "LongName": "BONI yakitori teryaki 5st",
    "StartSeasonDate": "15/07/2020",
    "FicCode": "I",
    "EcoscoreValue": "11"
  },
  {
    "productId": "119424",
    "technicalArticleNumber": "3072990",
    "commercialArticleNumber": "31410",
    "name": "Tagliatelle zalm-spinazie",
    "description": "*Met 7 % zalm\n*In de microgolfoven",
    "brand": "BONI",
    "seoBrand": "Boni Selection",
    "thumbNail": "https://static.colruytgroup.com/images/200x200/std.lang.all/10/93/asset-3351093.jpg",
    "fullImage": "https://static.colruytgroup.com/images/500x500/std.lang.all/10/93/asset-3351093.jpg",
    "squareImage": "https://static.colruytgroup.com/images/500x500sq/std.lang.all/10/93/asset-3351093.jpg",
    "content": "450g",
    "walkRouteSequenceNumber": 6602,
    "price": {
      "basicPrice": 4.29,
      "recommendedQuantity": "1.0",
      "measurementUnitPrice": 9.54,
      "measurementUnit": "K",
      "isRedPrice": false,
      "pricePerUOM": 9.54,
      "activationDate": "17-11-2023",
      "isPromoActive": "N",
      "priceChangeCode": "E"
    },
    "isAvailable": true,
    "isPriceAvailable": true,
    "inPromo": false,
    "gtin": [
      "05400141358360",
      "15400141358367",
      "05400141186888",
      "05400141159479",
      "05400141037616",
      "05400141090994"
    ],
    "topCategoryName": "Bereidingen/Charcuterie/Vis/Veggie",
    "topCategoryId": "105",
    "businessDomain": "RETAIL_BE",
    "IsPrivateLabel": true,
    "IsBiffe": false,
    "WeightconversionFactor": "0",
    "IsWeightArticle": false,
    "nutriscoreLabel": "C",
    "IsBio": false,
    "CountryOfOrigin": "BELGIË",
    "IsExclusivelySoldInLuxembourg": false,
    "OrderUnit": "P",
    "ShortName": "BONI TAGL ZALM SPIN 450",
    "IsNew": false,
    "EcoscoreLabel": "B",
    "RecentQuanityOfStockUnits": "1",
    "LongName": "BONI Tagliatelle zalm-spinazie 450g",
    "AlcoholVolume": "0",
    "FicCode": "I",
    "EcoscoreValue": "74"
  },
  {
    "productId": "584829",
    "technicalArticleNumber": "4240179",
    "commercialArticleNumber": "19352",
    "name": "Wrap Spicy Tuna",
    "description": "*Wrap met\ntonijn salade,\nspitskool en paprika",
    "brand": "BONI",
    "seoBrand": "Boni Selection",
    "thumbNail": "https://static.colruytgroup.com/images/200x200/std.lang.all/22/67/asset-2132267.jpg",
    "fullImage": "https://static.colruytgroup.com/images/500x500/std.lang.all/22/67/asset-2132267.jpg",
    "squareImage": "https://static.colruytgroup.com/images/500x500sq/std.lang.all/22/67/asset-2132267.jpg",
    "content": "190g",
    "walkRouteSequenceNumber": 5314,
    "price": {
      "basicPrice": 2.99,
      "recommendedQuantity": "1.0",
      "measurementUnitPrice": 15.74,
      "measurementUnit": "K",
      "isRedPrice": false,
      "pricePerUOM": 15.74,
      "activationDate": "17-11-2023",
      "isPromoActive": "N",
      "priceChangeCode": "H"
    },
    "isAvailable": true,
    "isPriceAvailable": true,
    "inPromo": false,
    "gtin": [
      "05400141915204",
      "05400141365900",
      "15400141365907",
      "15400141915201"
    ],
    "topCategoryName": "Bereidingen/Charcuterie/Vis/Veggie",
    "topCategoryId": "105",
    "businessDomain": "RETAIL_BE",
    "IsPrivateLabel": true,
    "IsBiffe": false,
    "WeightconversionFactor": "0",
    "IsWeightArticle": false,
    "nutriscoreLabel": "C",
    "IsBio": false,
    "CountryOfOrigin": "NEDERLAND",
    "IsExclusivelySoldInLuxembourg": false,
    "OrderUnit": "P",
    "ShortName": "BONI WRAP SPICY TUNA190",
    "IsNew": false,
    "EcoscoreLabel": "C",
    "RecentQuanityOfStockUnits": "1",
    "LongName": "BONI Wrap Spicy Tuna 190g",
    "FicCode": "I",
    "EcoscoreValue": "44"
  },
  {
    "productId": "87891",
    "technicalArticleNumber": "2932100",
    "commercialArticleNumber": "38570",
    "name": "Noorse gerookte zalmreepjes",
    "description": "*Aquacultuur uit\nNoorwegen\n*Subtiele rooksmaak\n*Traditioneel\ngerookt",
    "brand": "BONI",
    "seoBrand": "Boni Selection",
    "thumbNail": "https://static.colruytgroup.com/images/200x200/std.lang.all/95/72/asset-3199572.jpg",
    "fullImage": "https://static.colruytgroup.com/images/500x500/std.lang.all/95/72/asset-3199572.jpg",
    "squareImage": "https://static.colruytgroup.com/images/500x500sq/std.lang.all/95/72/asset-3199572.jpg",
    "content": "150g",
    "walkRouteSequenceNumber": 7484,
    "price": {
      "basicPrice": 5.99,
      "recommendedQuantity": "1.0",
      "quantityPrice": 4.94,
      "quantityPriceQuantity": "2.0",
      "measurementUnitPrice": 39.94,
      "measurementUnitQuantityPrice": 32.94,
      "measurementUnit": "K",
      "isRedPrice": false,
      "pricePerUOM": 39.94,
      "activationDate": "20-03-2024",
      "recordSource": "Offline",
      "isPromoActive": "N",
      "priceChangeCode": "E",
      "quantityPricePerUOM": 32.94,
      "quantityActivationDate": "20-03-2024",
      "quantityPriceChangeCode": "H"
    },
    "isAvailable": true,
    "isPriceAvailable": true,
    "inPromo": false,
    "gtin": [
      "05400141640960",
      "05400141376869",
      "05400141042733",
      "05400141043235",
      "05400141340532"
    ],
    "topCategoryName": "Bereidingen/Charcuterie/Vis/Veggie",
    "topCategoryId": "105",
    "businessDomain": "RETAIL_BE",
    "IsPrivateLabel": true,
    "IsBiffe": false,
    "WeightconversionFactor": "0",
    "IsWeightArticle": false,
    "nutriscoreLabel": "D",
    "IsBio": false,
    "CountryOfOrigin": "NOORWEGEN",
    "IsExclusivelySoldInLuxembourg": false,
    "OrderUnit": "P",
    "ShortName": "BONI GER. ZALMREEP 150G",
    "IsNew": false,
    "EcoscoreLabel": "E",
    "RecentQuanityOfStockUnits": "1",
    "LongName": "BONI Noorse gerookte zalmreepjes 150g",
    "AlcoholVolume": "0",
    "FicCode": "I",
    "EcoscoreValue": "19"
  },
  {
    "productId": "848081",
    "technicalArticleNumber": "4695031",
    "commercialArticleNumber": "27089",
    "name": "gekookte zalm Bellevue",
    "description": "*Gepekeld\n*Oorsprong:Noorwegen\n*ASC",
    "brand": "BONI",
    "seoBrand": "Boni Selection",
    "thumbNail": "https://static.colruytgroup.com/images/200x200/std.lang.all/88/63/asset-3198863.jpg",
    "fullImage": "https://static.colruytgroup.com/images/500x500/std.lang.all/88/63/asset-3198863.jpg",
    "squareImage": "https://static.colruytgroup.com/images/500x500sq/std.lang.all/88/63/asset-3198863.jpg",
    "content": "200g",
    "walkRouteSequenceNumber": 7469,
    "price": {
      "basicPrice": 7.95,
      "recommendedQuantity": "1.0",
      "measurementUnitPrice": 39.75,
      "measurementUnit": "K",
      "isRedPrice": false,
      "pricePerUOM": 39.75,
      "activationDate": "02-01-2024",
      "isPromoActive": "N",
      "priceChangeCode": "E"
    },
    "isAvailable": true,
    "isPriceAvailable": true,
    "inPromo": false,
    "gtin": [
      "05400141701166"
    ],
    "topCategoryName": "Bereidingen/Charcuterie/Vis/Veggie",
    "topCategoryId": "105",
    "businessDomain": "RETAIL_BE",
    "IsPrivateLabel": true,
    "IsBiffe": false,
    "WeightconversionFactor": "0",
    "IsWeightArticle": false,
    "nutriscoreLabel": "D",
    "IsBio": false,
    "CountryOfOrigin": "NOORWEGEN",
    "IsExclusivelySoldInLuxembourg": false,
    "OrderUnit": "P",
    "ShortName": "BONI GEK.ZALM BEL 200G",
    "IsNew": false,
    "EcoscoreLabel": "D",
    "RecentQuanityOfStockUnits": "1",
    "LongName": "BONI gekookte zalm Bellevue 200g",
    "AlcoholVolume": "0",
    "FicCode": "I",
    "EcoscoreValue": "29"
  },
  {
    "productId": "167341",
    "technicalArticleNumber": "3384584",
    "commercialArticleNumber": "21836",
    "name": "bladerdeeg",
    "description": "*geschikt voor zoete\nen hartige gerechten",
    "brand": "BONI BIO",
    "seoBrand": "Boni Selection Bio",
    "thumbNail": "https://static.colruytgroup.com/images/200x200/std.lang.all/55/52/asset-2175552.jpg",
    "fullImage": "https://static.colruytgroup.com/images/500x500/std.lang.all/55/52/asset-2175552.jpg",
    "squareImage": "https://static.colruytgroup.com/images/500x500sq/std.lang.all/55/52/asset-2175552.jpg",
    "content": "230g",
    "walkRouteSequenceNumber": 6052,
    "price": {
      "basicPrice": 2.15,
      "recommendedQuantity": "1.0",
      "measurementUnitPrice": 9.35,
      "measurementUnit": "K",
      "isRedPrice": false,
      "pricePerUOM": 9.35,
      "activationDate": "05-01-2024",
      "recordSource": "Offline",
      "isPromoActive": "N",
      "priceChangeCode": "E"
    },
    "isAvailable": true,
    "isPriceAvailable": true,
    "inPromo": false,
    "gtin": [
      "05400141916287",
      "15400141274735",
      "05400141274738",
      "05400141254150",
      "05400141369861",
      "15400141369868",
      "15400141916284"
    ],
    "topCategoryName": "Bereidingen/Charcuterie/Vis/Veggie",
    "topCategoryId": "105",
    "businessDomain": "RETAIL_BE",
    "IsPrivateLabel": true,
    "IsBiffe": false,
    "WeightconversionFactor": "0",
    "IsWeightArticle": false,
    "nutriscoreLabel": "D",
    "IsBio": true,
    "CountryOfOrigin": "FRANKRIJK",
    "IsExclusivelySoldInLuxembourg": false,
    "OrderUnit": "P",
    "ShortName": "UB BONI BIO BL.DEEG 230",
    "IsNew": false,
    "EcoscoreLabel": "B",
    "RecentQuanityOfStockUnits": "1,1",
    "LongName": "BONI BIO bladerdeeg 230g",
    "AlcoholVolume": "0",
    "FicCode": "I",
    "EcoscoreValue": "78"
  },
  {
    "productId": "613974",
    "technicalArticleNumber": "4288535",
    "commercialArticleNumber": "23277",
    "name": "Croissant Classic 6st",
    "brand": "DANEROLLES",
    "seoBrand": "Danerolles",
    "thumbNail": "https://static.colruytgroup.com/images/200x200/std.lang.all/86/64/asset-2128664.jpg",
    "fullImage": "https://static.colruytgroup.com/images/500x500/std.lang.all/86/64/asset-2128664.jpg",
    "squareImage": "https://static.colruytgroup.com/images/500x500sq/std.lang.all/86/64/asset-2128664.jpg",
    "content": "240g",
    "walkRouteSequenceNumber": 6047,
    "price": {
      "basicPrice": 1.89,
      "recommendedQuantity": "1.0",
      "measurementUnitPrice": 7.88,
      "measurementUnit": "K",
      "isRedPrice": false,
      "pricePerUOM": 7.88,
      "activationDate": "13-03-2024",
      "recordSource": "Offline",
      "isPromoActive": "N",
      "priceChangeCode": "L"
    },
    "isAvailable": true,
    "isPriceAvailable": true,
    "inPromo": false,
    "gtin": [
      "08713788118363",
      "08713788118431"
    ],
    "topCategoryName": "Bereidingen/Charcuterie/Vis/Veggie",
    "topCategoryId": "105",
    "businessDomain": "RETAIL_BE",
    "IsPrivateLabel": false,
    "IsBiffe": false,
    "WeightconversionFactor": "0",
    "IsWeightArticle": false,
    "nutriscoreLabel": "E",
    "IsBio": false,
    "CountryOfOrigin": "NEDERLAND",
    "IsExclusivelySoldInLuxembourg": false,
    "OrderUnit": "P",
    "ShortName": "DANE CROISSANT CLAS240G",
    "IsNew": false,
    "EcoscoreLabel": "B",
    "RecentQuanityOfStockUnits": "1",
    "LongName": "DANEROLLES Croissant Classic 6st 240g",
    "FicCode": "E",
    "EcoscoreValue": "61"
  },
  {
    "productId": "584209",
    "technicalArticleNumber": "4238917",
    "commercialArticleNumber": "27423",
    "name": "kip curry",
    "brand": "BONI",
    "seoBrand": "Boni Selection",
    "thumbNail": "https://static.colruytgroup.com/images/200x200/std.lang.all/74/24/asset-2617424.jpg",
    "fullImage": "https://static.colruytgroup.com/images/500x500/std.lang.all/74/24/asset-2617424.jpg",
    "squareImage": "https://static.colruytgroup.com/images/500x500sq/std.lang.all/74/24/asset-2617424.jpg",
    "content": "500g",
    "walkRouteSequenceNumber": 7952,
    "price": {
      "basicPrice": 5.37,
      "recommendedQuantity": "1.0",
      "measurementUnitPrice": 10.74,
      "measurementUnit": "K",
      "isRedPrice": false,
      "pricePerUOM": 10.74,
      "activationDate": "04-09-2023",
      "recordSource": "Offline",
      "isPromoActive": "N",
      "priceChangeCode": "H"
    },
    "isAvailable": true,
    "isPriceAvailable": true,
    "inPromo": false,
    "gtin": [
      "05400141610796",
      "05400141365658",
      "05400141807806"
    ],
    "topCategoryName": "Bereidingen/Charcuterie/Vis/Veggie",
    "topCategoryId": "105",
    "businessDomain": "RETAIL_BE",
    "IsPrivateLabel": true,
    "IsBiffe": false,
    "WeightconversionFactor": "0",
    "IsWeightArticle": false,
    "nutriscoreLabel": "C",
    "IsBio": false,
    "CountryOfOrigin": "BELGIË",
    "IsExclusivelySoldInLuxembourg": false,
    "OrderUnit": "P",
    "ShortName": "BONI KIP CURRY 500GR",
    "IsNew": false,
    "EcoscoreLabel": "C",
    "RecentQuanityOfStockUnits": "1",
    "LongName": "BONI kip curry 500g",
    "AlcoholVolume": "0",
    "FicCode": "I",
    "EcoscoreValue": "40"
  },
  {
    "productId": "153934",
    "technicalArticleNumber": "3266814",
    "commercialArticleNumber": "36547",
    "name": "Noordzeesalade",
    "description": "*50 % kabeljauw,\n2 % grijze\ngarnalen\n*Met mayonaise",
    "brand": "BONI",
    "seoBrand": "Boni Selection",
    "thumbNail": "https://static.colruytgroup.com/images/200x200/std.lang.all/71/51/asset-2617151.jpg",
    "fullImage": "https://static.colruytgroup.com/images/500x500/std.lang.all/71/51/asset-2617151.jpg",
    "squareImage": "https://static.colruytgroup.com/images/500x500sq/std.lang.all/71/51/asset-2617151.jpg",
    "content": "160g",
    "walkRouteSequenceNumber": 7941,
    "price": {
      "basicPrice": 3.8,
      "recommendedQuantity": "1.0",
      "measurementUnitPrice": 23.75,
      "measurementUnit": "K",
      "isRedPrice": false,
      "pricePerUOM": 23.75,
      "activationDate": "17-11-2023",
      "isPromoActive": "N",
      "priceChangeCode": "E"
    },
    "isAvailable": true,
    "isPriceAvailable": true,
    "inPromo": false,
    "gtin": [
      "05400141801071",
      "05400141877779",
      "05400141069396",
      "05400141351316",
      "05400141188165",
      "05400141503371"
    ],
    "topCategoryName": "Bereidingen/Charcuterie/Vis/Veggie",
    "topCategoryId": "105",
    "businessDomain": "RETAIL_BE",
    "IsPrivateLabel": true,
    "IsBiffe": false,
    "WeightconversionFactor": "0",
    "IsWeightArticle": false,
    "IsBio": false,
    "CountryOfOrigin": "BELGIË",
    "IsExclusivelySoldInLuxembourg": false,
    "OrderUnit": "P",
    "ShortName": "BONI NOORDZEEVISSAL160G",
    "IsNew": false,
    "EcoscoreLabel": "C",
    "RecentQuanityOfStockUnits": "1",
    "LongName": "BONI Noordzeesalade 160g",
    "AlcoholVolume": "0",
    "FicCode": "I",
    "EcoscoreValue": "54"
  },
  {
    "productId": "226059",
    "technicalArticleNumber": "3550509",
    "commercialArticleNumber": "27260",
    "name": "salami met truffel",
    "description": "salami geproduceerd met geselecteerd i\ntaliaans varkensvlees, verrijkt met zw\narte truffel en smaakvolle parmezaanka\nas.",
    "brand": "BONI",
    "seoBrand": "Boni Selection",
    "thumbNail": "https://static.colruytgroup.com/images/200x200/std.lang.all/07/33/asset-3330733.jpg",
    "fullImage": "https://static.colruytgroup.com/images/500x500/std.lang.all/07/33/asset-3330733.jpg",
    "squareImage": "https://static.colruytgroup.com/images/500x500sq/std.lang.all/07/33/asset-3330733.jpg",
    "content": "70g",
    "walkRouteSequenceNumber": 7795,
    "price": {
      "basicPrice": 3.09,
      "recommendedQuantity": "1.0",
      "measurementUnitPrice": 44.15,
      "measurementUnit": "K",
      "isRedPrice": false,
      "pricePerUOM": 44.15,
      "activationDate": "14-03-2024",
      "isPromoActive": "N",
      "priceChangeCode": "H"
    },
    "isAvailable": true,
    "isPriceAvailable": true,
    "inPromo": false,
    "gtin": [
      "15400141856061",
      "05400141386851",
      "05400141322644",
      "15400141386858"
    ],
    "topCategoryName": "Bereidingen/Charcuterie/Vis/Veggie",
    "topCategoryId": "105",
    "businessDomain": "RETAIL_BE",
    "IsPrivateLabel": true,
    "IsBiffe": false,
    "WeightconversionFactor": "0",
    "IsWeightArticle": false,
    "nutriscoreLabel": "E",
    "IsBio": false,
    "CountryOfOrigin": "ITALIË",
    "IsExclusivelySoldInLuxembourg": false,
    "OrderUnit": "P",
    "ShortName": "BONI TRUFFELSALAMI 70G",
    "InSeason": true,
    "IsNew": false,
    "EcoscoreLabel": "D",
    "RecentQuanityOfStockUnits": "1",
    "LongName": "BONI salami met truffel 70g",
    "AlcoholVolume": "0",
    "StartSeasonDate": "20/09/2018",
    "FicCode": "I",
    "EcoscoreValue": "21"
  },
  {
    "productId": "727846",
    "technicalArticleNumber": "4483632",
    "commercialArticleNumber": "19653",
    "name": "Lasagne Vegetariana",
    "description": "*Bereide gerechten",
    "brand": "COME A CASA",
    "seoBrand": "Come A Casa",
    "thumbNail": "https://static.colruytgroup.com/images/200x200/std.lang.all/41/64/asset-2854164.jpg",
    "fullImage": "https://static.colruytgroup.com/images/500x500/std.lang.all/41/64/asset-2854164.jpg",
    "squareImage": "https://static.colruytgroup.com/images/500x500sq/std.lang.all/41/64/asset-2854164.jpg",
    "content": "400g",
    "walkRouteSequenceNumber": 6611,
    "price": {
      "basicPrice": 4.49,
      "recommendedQuantity": "1.0",
      "measurementUnitPrice": 11.23,
      "measurementUnit": "K",
      "isRedPrice": false,
      "pricePerUOM": 11.23,
      "activationDate": "14-03-2024",
      "recordSource": "Offline",
      "isPromoActive": "N",
      "priceChangeCode": "L"
    },
    "isAvailable": true,
    "isPriceAvailable": true,
    "inPromo": false,
    "gtin": [
      "05413848639014",
      "15413848639011"
    ],
    "topCategoryName": "Bereidingen/Charcuterie/Vis/Veggie",
    "topCategoryId": "105",
    "businessDomain": "RETAIL_BE",
    "IsPrivateLabel": false,
    "IsBiffe": false,
    "WeightconversionFactor": "0",
    "IsWeightArticle": false,
    "nutriscoreLabel": "C",
    "IsBio": false,
    "CountryOfOrigin": "BELGIË",
    "IsExclusivelySoldInLuxembourg": false,
    "OrderUnit": "P",
    "ShortName": "COME LASAG.VEGET 400G",
    "IsNew": false,
    "EcoscoreLabel": "B",
    "RecentQuanityOfStockUnits": "1",
    "LongName": "COME A CASA Lasagne Vegetariana 400g",
    "AlcoholVolume": "0",
    "FicCode": "E",
    "EcoscoreValue": "63"
  },
  {
    "productId": "834703",
    "technicalArticleNumber": "4676481",
    "commercialArticleNumber": "10165",
    "name": "Nasi Goreng",
    "description": "*Gewokte rijst met\ngroenten,hamblokjes,\nei en varkensblokjes",
    "brand": "BONI",
    "seoBrand": "Boni Selection",
    "thumbNail": "https://static.colruytgroup.com/images/200x200/std.lang.all/24/75/asset-3252475.jpg",
    "fullImage": "https://static.colruytgroup.com/images/500x500/std.lang.all/24/75/asset-3252475.jpg",
    "squareImage": "https://static.colruytgroup.com/images/500x500sq/std.lang.all/24/75/asset-3252475.jpg",
    "content": "1kg",
    "walkRouteSequenceNumber": 6670,
    "price": {
      "basicPrice": 4.49,
      "recommendedQuantity": "1.0",
      "measurementUnitPrice": 4.49,
      "measurementUnit": "K",
      "isRedPrice": false,
      "pricePerUOM": 4.49,
      "activationDate": "03-06-2023",
      "isPromoActive": "N",
      "priceChangeCode": "E"
    },
    "isAvailable": true,
    "isPriceAvailable": true,
    "inPromo": false,
    "gtin": [
      "15400141451488",
      "05400141451481"
    ],
    "topCategoryName": "Bereidingen/Charcuterie/Vis/Veggie",
    "topCategoryId": "105",
    "businessDomain": "RETAIL_BE",
    "IsPrivateLabel": true,
    "IsBiffe": false,
    "WeightconversionFactor": "0",
    "IsWeightArticle": false,
    "nutriscoreLabel": "C",
    "IsBio": false,
    "CountryOfOrigin": "NEDERLAND",
    "IsExclusivelySoldInLuxembourg": false,
    "OrderUnit": "P",
    "ShortName": "BONI NASI GORENG 1KG",
    "IsNew": false,
    "RecentQuanityOfStockUnits": "1",
    "LongName": "BONI Nasi Goreng 1kg",
    "FicCode": "I"
  },
  {
    "productId": "212465",
    "technicalArticleNumber": "3520590",
    "commercialArticleNumber": "27392",
    "name": "Pavé groene peper",
    "description": "*Frankrijk\n*Droge worst\n*Met groene peper",
    "brand": "BONI",
    "seoBrand": "Boni Selection",
    "thumbNail": "https://static.colruytgroup.com/images/200x200/std.lang.all/86/44/asset-3128644.jpg",
    "fullImage": "https://static.colruytgroup.com/images/500x500/std.lang.all/86/44/asset-3128644.jpg",
    "squareImage": "https://static.colruytgroup.com/images/500x500sq/std.lang.all/86/44/asset-3128644.jpg",
    "content": "200g",
    "walkRouteSequenceNumber": 7801,
    "price": {
      "basicPrice": 4.18,
      "recommendedQuantity": "1.0",
      "measurementUnitPrice": 20.9,
      "measurementUnit": "K",
      "isRedPrice": false,
      "pricePerUOM": 20.9,
      "activationDate": "31-01-2024",
      "recordSource": "Offline",
      "isPromoActive": "N",
      "priceChangeCode": "H"
    },
    "isAvailable": true,
    "isPriceAvailable": true,
    "inPromo": false,
    "gtin": [
      "05400141321500",
      "05400141364088"
    ],
    "topCategoryName": "Bereidingen/Charcuterie/Vis/Veggie",
    "topCategoryId": "105",
    "businessDomain": "RETAIL_BE",
    "IsPrivateLabel": true,
    "IsBiffe": false,
    "WeightconversionFactor": "0",
    "IsWeightArticle": false,
    "nutriscoreLabel": "E",
    "IsBio": false,
    "CountryOfOrigin": "FRANKRIJK",
    "IsExclusivelySoldInLuxembourg": false,
    "OrderUnit": "P",
    "ShortName": "BONI PAVE GR PEPER 200G",
    "IsNew": false,
    "EcoscoreLabel": "C",
    "RecentQuanityOfStockUnits": "1",
    "LongName": "BONI Pavé groene peper 200g",
    "AlcoholVolume": "0",
    "FicCode": "I",
    "EcoscoreValue": "47"
  },
  {
    "productId": "865474",
    "technicalArticleNumber": "4717617",
    "commercialArticleNumber": "3825",
    "name": "Twin Chickenburger",
    "description": "*Oorsprong: België\n*Klasse 2",
    "brand": "DANLERS",
    "thumbNail": "https://static.colruytgroup.com/images/200x200/std.lang.all/39/74/asset-3223974.jpg",
    "fullImage": "https://static.colruytgroup.com/images/500x500/std.lang.all/39/74/asset-3223974.jpg",
    "squareImage": "https://static.colruytgroup.com/images/500x500sq/std.lang.all/39/74/asset-3223974.jpg",
    "content": "250g",
    "walkRouteSequenceNumber": 6620,
    "price": {
      "basicPrice": 2.99,
      "recommendedQuantity": "1.0",
      "measurementUnitPrice": 11.96,
      "measurementUnit": "K",
      "isRedPrice": false,
      "pricePerUOM": 11.96,
      "activationDate": "06-09-2023",
      "isPromoActive": "N",
      "priceChangeCode": "E"
    },
    "isAvailable": true,
    "isPriceAvailable": true,
    "inPromo": false,
    "gtin": [
      "08713354020205",
      "18713354138259"
    ],
    "topCategoryName": "Bereidingen/Charcuterie/Vis/Veggie",
    "topCategoryId": "105",
    "businessDomain": "RETAIL_BE",
    "IsPrivateLabel": false,
    "IsBiffe": false,
    "WeightconversionFactor": "0",
    "IsWeightArticle": false,
    "IsBio": false,
    "CountryOfOrigin": "NEDERLAND",
    "IsExclusivelySoldInLuxembourg": false,
    "OrderUnit": "P",
    "ShortName": "DANL TW.CHICKENBUR.250G",
    "IsNew": false,
    "RecentQuanityOfStockUnits": "1",
    "LongName": "DANLERS Twin Chickenburger 250g",
    "FicCode": "E"
  },
  {
    "productId": "67643",
    "technicalArticleNumber": "2774103",
    "commercialArticleNumber": "43979",
    "name": "salami hazelnoten",
    "description": "*België\n*Met stukjes\nhazelnoot\n*66 % vlees",
    "brand": "BONI",
    "seoBrand": "Boni Selection",
    "thumbNail": "https://static.colruytgroup.com/images/200x200/std.lang.all/27/97/asset-3362797.jpg",
    "fullImage": "https://static.colruytgroup.com/images/500x500/std.lang.all/27/97/asset-3362797.jpg",
    "squareImage": "https://static.colruytgroup.com/images/500x500sq/std.lang.all/27/97/asset-3362797.jpg",
    "content": "150g",
    "walkRouteSequenceNumber": 7814,
    "price": {
      "basicPrice": 2.89,
      "recommendedQuantity": "1.0",
      "measurementUnitPrice": 19.27,
      "measurementUnit": "K",
      "isRedPrice": false,
      "pricePerUOM": 19.27,
      "activationDate": "03-06-2023",
      "isPromoActive": "N",
      "priceChangeCode": "E"
    },
    "isAvailable": true,
    "isPriceAvailable": true,
    "inPromo": false,
    "gtin": [
      "15400141315384",
      "05400141372687",
      "05400141191028",
      "05400141423310",
      "05400141218299"
    ],
    "topCategoryName": "Bereidingen/Charcuterie/Vis/Veggie",
    "topCategoryId": "105",
    "businessDomain": "RETAIL_BE",
    "IsPrivateLabel": true,
    "IsBiffe": false,
    "WeightconversionFactor": "0",
    "IsWeightArticle": false,
    "nutriscoreLabel": "E",
    "IsBio": false,
    "CountryOfOrigin": "BELGIË",
    "IsExclusivelySoldInLuxembourg": false,
    "OrderUnit": "P",
    "ShortName": "BONI NOTENSALAMI 150G",
    "IsNew": false,
    "EcoscoreLabel": "D",
    "RecentQuanityOfStockUnits": "1",
    "LongName": "BONI salami hazelnoten 150g",
    "AlcoholVolume": "0",
    "FicCode": "I",
    "EcoscoreValue": "21"
  },
  {
    "productId": "868829",
    "technicalArticleNumber": "4721811",
    "commercialArticleNumber": "16076",
    "name": "Coppa met roomkaas",
    "brand": "BONI",
    "seoBrand": "Boni Selection",
    "thumbNail": "https://static.colruytgroup.com/images/200x200/std.lang.all/61/95/asset-3216195.jpg",
    "fullImage": "https://static.colruytgroup.com/images/500x500/std.lang.all/61/95/asset-3216195.jpg",
    "squareImage": "https://static.colruytgroup.com/images/500x500sq/std.lang.all/61/95/asset-3216195.jpg",
    "content": "80g",
    "walkRouteSequenceNumber": 7662,
    "price": {
      "basicPrice": 2.99,
      "recommendedQuantity": "1.0",
      "measurementUnitPrice": 37.38,
      "measurementUnit": "K",
      "isRedPrice": false,
      "pricePerUOM": 37.38,
      "activationDate": "29-07-2023",
      "recordSource": "Offline",
      "isPromoActive": "N",
      "priceChangeCode": "E"
    },
    "isAvailable": true,
    "isPriceAvailable": true,
    "inPromo": false,
    "gtin": [
      "05400141535730"
    ],
    "topCategoryName": "Bereidingen/Charcuterie/Vis/Veggie",
    "topCategoryId": "105",
    "businessDomain": "RETAIL_BE",
    "IsPrivateLabel": true,
    "IsBiffe": false,
    "WeightconversionFactor": "0",
    "IsWeightArticle": false,
    "IsBio": false,
    "CountryOfOrigin": "NEDERLAND",
    "IsExclusivelySoldInLuxembourg": false,
    "OrderUnit": "P",
    "ShortName": "BONI COPPA ROOMKAAS 80G",
    "IsNew": false,
    "RecentQuanityOfStockUnits": "1",
    "LongName": "BONI Coppa met roomkaas 80g",
    "FicCode": "I"
  },
  {
    "productId": "101635",
    "technicalArticleNumber": "3112141",
    "commercialArticleNumber": "43819",
    "name": "tonijnsalade pikant",
    "description": "Tonijn in een pikante tomatensaus",
    "brand": "DÉLIO",
    "seoBrand": "Délio",
    "thumbNail": "https://static.colruytgroup.com/images/200x200/std.lang.all/26/84/asset-3172684.jpg",
    "fullImage": "https://static.colruytgroup.com/images/500x500/std.lang.all/26/84/asset-3172684.jpg",
    "squareImage": "https://static.colruytgroup.com/images/500x500sq/std.lang.all/26/84/asset-3172684.jpg",
    "content": "180g",
    "walkRouteSequenceNumber": 7922,
    "price": {
      "basicPrice": 3.35,
      "recommendedQuantity": "1.0",
      "measurementUnitPrice": 18.62,
      "measurementUnit": "K",
      "isRedPrice": false,
      "pricePerUOM": 18.62,
      "activationDate": "23-03-2024",
      "recordSource": "Offline",
      "isPromoActive": "N",
      "priceChangeCode": "E"
    },
    "isAvailable": true,
    "isPriceAvailable": true,
    "inPromo": false,
    "gtin": [
      "05411153009102",
      "15411153009109"
    ],
    "topCategoryName": "Bereidingen/Charcuterie/Vis/Veggie",
    "topCategoryId": "105",
    "businessDomain": "RETAIL_BE",
    "IsPrivateLabel": false,
    "IsBiffe": false,
    "WeightconversionFactor": "0",
    "IsWeightArticle": false,
    "nutriscoreLabel": "B",
    "IsBio": false,
    "CountryOfOrigin": "BELGIË",
    "IsExclusivelySoldInLuxembourg": false,
    "OrderUnit": "P",
    "ShortName": "DELI TONIJN PIK.180G",
    "IsNew": false,
    "EcoscoreLabel": "B",
    "RecentQuanityOfStockUnits": "1",
    "LongName": "DÉLIO tonijnsalade pikant 180g",
    "AlcoholVolume": "0",
    "FicCode": "E",
    "EcoscoreValue": "62"
  },
  {
    "productId": "697936",
    "technicalArticleNumber": "4428542",
    "commercialArticleNumber": "27069",
    "name": "MINI BALLETJES",
    "description": "* Kleine balletjes voor het aperitief",
    "brand": "BONI",
    "seoBrand": "Boni Selection",
    "thumbNail": "https://static.colruytgroup.com/images/200x200/std.lang.all/03/43/asset-3430343.jpg",
    "fullImage": "https://static.colruytgroup.com/images/500x500/std.lang.all/03/43/asset-3430343.jpg",
    "squareImage": "https://static.colruytgroup.com/images/500x500sq/std.lang.all/03/43/asset-3430343.jpg",
    "content": "150g",
    "walkRouteSequenceNumber": 6707,
    "price": {
      "basicPrice": 2.29,
      "recommendedQuantity": "1.0",
      "measurementUnitPrice": 15.27,
      "measurementUnit": "K",
      "isRedPrice": false,
      "pricePerUOM": 15.27,
      "activationDate": "02-01-2023",
      "isPromoActive": "N",
      "priceChangeCode": "E"
    },
    "isAvailable": true,
    "isPriceAvailable": true,
    "inPromo": false,
    "gtin": [
      "05400141454826",
      "15400141720003",
      "05400141720006",
      "05400141490237"
    ],
    "topCategoryName": "Bereidingen/Charcuterie/Vis/Veggie",
    "topCategoryId": "105",
    "businessDomain": "RETAIL_BE",
    "IsPrivateLabel": true,
    "IsBiffe": false,
    "WeightconversionFactor": "0",
    "IsWeightArticle": false,
    "nutriscoreLabel": "D",
    "IsBio": false,
    "CountryOfOrigin": "BELGIË",
    "IsExclusivelySoldInLuxembourg": false,
    "OrderUnit": "P",
    "ShortName": "BONI MINI BALLETJES150G",
    "IsNew": false,
    "EcoscoreLabel": "E",
    "RecentQuanityOfStockUnits": "1",
    "LongName": "BONI MINI BALLETJES 150g",
    "AlcoholVolume": "0",
    "FicCode": "I",
    "EcoscoreValue": "0"
  },
  {
    "productId": "605901",
    "technicalArticleNumber": "4275956",
    "commercialArticleNumber": "27028",
    "name": "CHIFFONADE COPPA",
    "brand": "BONI",
    "seoBrand": "Boni Selection",
    "thumbNail": "https://static.colruytgroup.com/images/200x200/std.lang.all/15/33/asset-3021533.jpg",
    "fullImage": "https://static.colruytgroup.com/images/500x500/std.lang.all/15/33/asset-3021533.jpg",
    "squareImage": "https://static.colruytgroup.com/images/500x500sq/std.lang.all/15/33/asset-3021533.jpg",
    "content": "110g",
    "walkRouteSequenceNumber": 7830,
    "price": {
      "basicPrice": 3.59,
      "recommendedQuantity": "1.0",
      "measurementUnitPrice": 32.64,
      "measurementUnit": "K",
      "isRedPrice": false,
      "pricePerUOM": 32.64,
      "activationDate": "31-05-2023",
      "recordSource": "Offline",
      "isPromoActive": "N",
      "priceChangeCode": "E"
    },
    "isAvailable": true,
    "isPriceAvailable": true,
    "inPromo": false,
    "gtin": [
      "15400141625810",
      "05400141410808",
      "05400141625813"
    ],
    "topCategoryName": "Bereidingen/Charcuterie/Vis/Veggie",
    "topCategoryId": "105",
    "businessDomain": "RETAIL_BE",
    "IsPrivateLabel": true,
    "IsBiffe": false,
    "WeightconversionFactor": "0",
    "IsWeightArticle": false,
    "nutriscoreLabel": "E",
    "IsBio": false,
    "CountryOfOrigin": "FRANKRIJK",
    "IsExclusivelySoldInLuxembourg": false,
    "OrderUnit": "P",
    "ShortName": "BONI COPPA CHIFFO 110G",
    "IsNew": false,
    "EcoscoreLabel": "E",
    "RecentQuanityOfStockUnits": "1",
    "LongName": "BONI CHIFFONADE COPPA 110g",
    "AlcoholVolume": "0",
    "FicCode": "I",
    "EcoscoreValue": "0"
  },
  {
    "productId": "124417",
    "technicalArticleNumber": "3208431",
    "commercialArticleNumber": "31612",
    "name": "Prosciutto Cotto alle Erbe sn.",
    "description": "* Italië\n* Ham\n* 80 % varkensvlees, met kruiden",
    "brand": "BONI",
    "seoBrand": "Boni Selection",
    "thumbNail": "https://static.colruytgroup.com/images/200x200/std.lang.all/03/70/asset-3320370.jpg",
    "fullImage": "https://static.colruytgroup.com/images/500x500/std.lang.all/03/70/asset-3320370.jpg",
    "squareImage": "https://static.colruytgroup.com/images/500x500sq/std.lang.all/03/70/asset-3320370.jpg",
    "content": "150g",
    "walkRouteSequenceNumber": 7823,
    "price": {
      "basicPrice": 4.99,
      "recommendedQuantity": "1.0",
      "measurementUnitPrice": 33.27,
      "measurementUnit": "K",
      "isRedPrice": false,
      "pricePerUOM": 33.27,
      "activationDate": "13-03-2024",
      "recordSource": "Offline",
      "isPromoActive": "N",
      "priceChangeCode": "L"
    },
    "isAvailable": true,
    "isPriceAvailable": true,
    "inPromo": false,
    "gtin": [
      "05400141196597",
      "15400141380313",
      "05400141380316",
      "15400141912033",
      "05400141189490"
    ],
    "topCategoryName": "Bereidingen/Charcuterie/Vis/Veggie",
    "topCategoryId": "105",
    "businessDomain": "RETAIL_BE",
    "IsPrivateLabel": true,
    "IsBiffe": false,
    "WeightconversionFactor": "0",
    "IsWeightArticle": false,
    "nutriscoreLabel": "D",
    "IsBio": false,
    "CountryOfOrigin": "ITALIË",
    "IsExclusivelySoldInLuxembourg": false,
    "OrderUnit": "P",
    "ShortName": "BONICOTTO ALLE ERBE150G",
    "IsNew": false,
    "EcoscoreLabel": "E",
    "RecentQuanityOfStockUnits": "1",
    "LongName": "BONI Prosciutto Cotto alle Erbe sn. 150g",
    "AlcoholVolume": "0",
    "FicCode": "I",
    "EcoscoreValue": "17"
  },
  {
    "productId": "56333",
    "technicalArticleNumber": "2328043",
    "commercialArticleNumber": "18481",
    "name": "pastavellen lasagne",
    "description": "*Lasagnebladeren\n*In de kookpot, oven",
    "brand": "GIOVANNI RANA",
    "seoBrand": "Giovanni Rana",
    "thumbNail": "https://static.colruytgroup.com/images/200x200/std.lang.all/03/45/asset-2700345.jpg",
    "fullImage": "https://static.colruytgroup.com/images/500x500/std.lang.all/03/45/asset-2700345.jpg",
    "squareImage": "https://static.colruytgroup.com/images/500x500sq/std.lang.all/03/45/asset-2700345.jpg",
    "content": "250g",
    "walkRouteSequenceNumber": 6690,
    "price": {
      "basicPrice": 3.79,
      "recommendedQuantity": "1.0",
      "measurementUnitPrice": 15.16,
      "measurementUnit": "K",
      "isRedPrice": false,
      "pricePerUOM": 15.16,
      "activationDate": "05-03-2024",
      "recordSource": "Offline",
      "isPromoActive": "N",
      "priceChangeCode": "E"
    },
    "isAvailable": true,
    "isPriceAvailable": true,
    "inPromo": false,
    "gtin": [
      "00000080564850",
      "08001665126144",
      "08001665123068"
    ],
    "topCategoryName": "Bereidingen/Charcuterie/Vis/Veggie",
    "topCategoryId": "105",
    "businessDomain": "RETAIL_BE",
    "IsPrivateLabel": false,
    "IsBiffe": false,
    "WeightconversionFactor": "0",
    "IsWeightArticle": false,
    "nutriscoreLabel": "A",
    "IsBio": false,
    "CountryOfOrigin": "ITALIË",
    "IsExclusivelySoldInLuxembourg": false,
    "OrderUnit": "P",
    "ShortName": "RANA LASAGNE BLAD 250G",
    "IsNew": false,
    "EcoscoreLabel": "B",
    "RecentQuanityOfStockUnits": "1",
    "LongName": "GIOVANNI RANA pastavellen lasagne 250g",
    "AlcoholVolume": "0",
    "FicCode": "E",
    "EcoscoreValue": "66"
  },
  {
    "productId": "848619",
    "technicalArticleNumber": "4695857",
    "commercialArticleNumber": "30146",
    "name": "salade geitenkaas",
    "brand": "BONI",
    "seoBrand": "Boni Selection",
    "thumbNail": "https://static.colruytgroup.com/images/200x200/std.lang.all/72/75/asset-3307275.jpg",
    "fullImage": "https://static.colruytgroup.com/images/500x500/std.lang.all/72/75/asset-3307275.jpg",
    "squareImage": "https://static.colruytgroup.com/images/500x500sq/std.lang.all/72/75/asset-3307275.jpg",
    "content": "400g",
    "walkRouteSequenceNumber": 5317,
    "price": {
      "basicPrice": 4.79,
      "recommendedQuantity": "1.0",
      "measurementUnitPrice": 11.98,
      "measurementUnit": "K",
      "isRedPrice": false,
      "pricePerUOM": 11.98,
      "activationDate": "12-03-2024",
      "recordSource": "Offline",
      "isPromoActive": "N",
      "priceChangeCode": "H"
    },
    "isAvailable": true,
    "isPriceAvailable": true,
    "inPromo": false,
    "gtin": [
      "05400141694598",
      "05400141512243"
    ],
    "topCategoryName": "Bereidingen/Charcuterie/Vis/Veggie",
    "topCategoryId": "105",
    "businessDomain": "RETAIL_BE",
    "IsPrivateLabel": true,
    "IsBiffe": false,
    "WeightconversionFactor": "0",
    "IsWeightArticle": false,
    "nutriscoreLabel": "C",
    "IsBio": false,
    "CountryOfOrigin": "NEDERLAND",
    "IsExclusivelySoldInLuxembourg": false,
    "OrderUnit": "P",
    "ShortName": "BONI SAL.GEIT.KAAS 400G",
    "IsNew": false,
    "EcoscoreLabel": "B",
    "RecentQuanityOfStockUnits": "1",
    "LongName": "BONI salade geitenkaas 400g",
    "FicCode": "I",
    "EcoscoreValue": "67"
  },
  {
    "productId": "175778",
    "technicalArticleNumber": "3375730",
    "commercialArticleNumber": "23644",
    "name": "zalmburger graatloos",
    "description": "*Gekweekt in\nNoorwegen\n*ASC-certificaat\n*Graatloos",
    "brand": "BONI",
    "seoBrand": "Boni Selection",
    "thumbNail": "https://static.colruytgroup.com/images/200x200/std.lang.all/99/28/asset-3239928.jpg",
    "fullImage": "https://static.colruytgroup.com/images/500x500/std.lang.all/99/28/asset-3239928.jpg",
    "squareImage": "https://static.colruytgroup.com/images/500x500sq/std.lang.all/99/28/asset-3239928.jpg",
    "content": "360g",
    "walkRouteSequenceNumber": 7422,
    "price": {
      "basicPrice": 7.99,
      "recommendedQuantity": "1.0",
      "measurementUnitPrice": 22.2,
      "measurementUnit": "K",
      "isRedPrice": false,
      "pricePerUOM": 22.2,
      "activationDate": "13-03-2024",
      "recordSource": "Offline",
      "isPromoActive": "N",
      "priceChangeCode": "H"
    },
    "isAvailable": true,
    "isPriceAvailable": true,
    "inPromo": false,
    "gtin": [
      "05400141416329",
      "05400141358551",
      "05400141338942",
      "05400141007862",
      "05400141952544",
      "05400141383409"
    ],
    "topCategoryName": "Bereidingen/Charcuterie/Vis/Veggie",
    "topCategoryId": "105",
    "businessDomain": "RETAIL_BE",
    "IsPrivateLabel": true,
    "IsBiffe": false,
    "WeightconversionFactor": "0",
    "IsWeightArticle": false,
    "nutriscoreLabel": "B",
    "IsBio": false,
    "CountryOfOrigin": "NEDERLAND",
    "IsExclusivelySoldInLuxembourg": false,
    "OrderUnit": "P",
    "ShortName": "BONI ZALMBURGER 360G",
    "IsNew": false,
    "EcoscoreLabel": "E",
    "RecentQuanityOfStockUnits": "1",
    "LongName": "BONI zalmburger graatloos 360g",
    "AlcoholVolume": "0",
    "FicCode": "I",
    "EcoscoreValue": "16"
  },
  {
    "productId": "57379",
    "technicalArticleNumber": "2347499",
    "commercialArticleNumber": "6730",
    "name": "pannenkoeken",
    "brand": "BONI BIO",
    "seoBrand": "Boni Selection Bio",
    "thumbNail": "https://static.colruytgroup.com/images/200x200/std.lang.all/80/34/asset-3028034.jpg",
    "fullImage": "https://static.colruytgroup.com/images/500x500/std.lang.all/80/34/asset-3028034.jpg",
    "squareImage": "https://static.colruytgroup.com/images/500x500sq/std.lang.all/80/34/asset-3028034.jpg",
    "content": "350g",
    "walkRouteSequenceNumber": 6104,
    "price": {
      "basicPrice": 1.95,
      "recommendedQuantity": "1.0",
      "measurementUnitPrice": 5.58,
      "measurementUnit": "K",
      "isRedPrice": false,
      "pricePerUOM": 5.58,
      "activationDate": "16-01-2024",
      "recordSource": "Offline",
      "isPromoActive": "N",
      "priceChangeCode": "H"
    },
    "isAvailable": true,
    "isPriceAvailable": true,
    "inPromo": false,
    "gtin": [
      "15400141511045",
      "05400141157871",
      "15400141315735",
      "05400141289350",
      "15400141289357",
      "15400141365792",
      "05400141365795"
    ],
    "topCategoryName": "Bereidingen/Charcuterie/Vis/Veggie",
    "topCategoryId": "105",
    "businessDomain": "RETAIL_BE",
    "IsPrivateLabel": true,
    "IsBiffe": false,
    "WeightconversionFactor": "0",
    "IsWeightArticle": false,
    "nutriscoreLabel": "C",
    "IsBio": true,
    "CountryOfOrigin": "BELGIË",
    "IsExclusivelySoldInLuxembourg": false,
    "OrderUnit": "P",
    "ShortName": "UB BIO BONI PANNENK.6ST",
    "IsNew": false,
    "EcoscoreLabel": "A",
    "RecentQuanityOfStockUnits": "1,10",
    "LongName": "BONI BIO pannenkoeken 350g",
    "AlcoholVolume": "0",
    "FicCode": "I",
    "EcoscoreValue": "100"
  },
  {
    "productId": "236875",
    "technicalArticleNumber": "3532352",
    "commercialArticleNumber": "33339",
    "name": "bladerdeegpasteitjes",
    "description": "*opwarmen in de\noven",
    "brand": "BONI",
    "seoBrand": "Boni Selection",
    "thumbNail": "https://static.colruytgroup.com/images/200x200/std.lang.all/28/17/asset-3352817.jpg",
    "fullImage": "https://static.colruytgroup.com/images/500x500/std.lang.all/28/17/asset-3352817.jpg",
    "squareImage": "https://static.colruytgroup.com/images/500x500sq/std.lang.all/28/17/asset-3352817.jpg",
    "content": "20st",
    "walkRouteSequenceNumber": 6732,
    "price": {
      "basicPrice": 7.49,
      "recommendedQuantity": "1.0",
      "measurementUnitPrice": 23.05,
      "measurementUnit": "K",
      "isRedPrice": false,
      "pricePerUOM": 23.05,
      "activationDate": "02-01-2024",
      "isPromoActive": "N",
      "priceChangeCode": "H"
    },
    "isAvailable": true,
    "isPriceAvailable": true,
    "inPromo": false,
    "gtin": [
      "05400141750812",
      "05400141420326",
      "05400141705140",
      "05400141055573",
      "05400141893687"
    ],
    "topCategoryName": "Bereidingen/Charcuterie/Vis/Veggie",
    "topCategoryId": "105",
    "businessDomain": "RETAIL_BE",
    "IsPrivateLabel": true,
    "IsBiffe": false,
    "WeightconversionFactor": "0",
    "IsWeightArticle": false,
    "nutriscoreLabel": "D",
    "IsBio": false,
    "CountryOfOrigin": "BELGIË",
    "IsExclusivelySoldInLuxembourg": false,
    "OrderUnit": "P",
    "ShortName": "BONI BLAD.PASTEITJES20S",
    "InSeason": true,
    "IsNew": false,
    "EcoscoreLabel": "D",
    "RecentQuanityOfStockUnits": "1",
    "LongName": "BONI bladerdeegpasteitjes 20st",
    "AlcoholVolume": "0",
    "StartSeasonDate": "09/09/2021",
    "FicCode": "I",
    "EcoscoreValue": "28"
  },
  {
    "productId": "56768",
    "technicalArticleNumber": "2339150",
    "commercialArticleNumber": "18521",
    "name": "saucis.d'Arden.IGP look",
    "description": "*België\n*Salami met look",
    "brand": "MARCASSOU",
    "seoBrand": "Marcassou",
    "thumbNail": "https://static.colruytgroup.com/images/200x200/std.lang.all/23/94/asset-2882394.jpg",
    "fullImage": "https://static.colruytgroup.com/images/500x500/std.lang.all/23/94/asset-2882394.jpg",
    "squareImage": "https://static.colruytgroup.com/images/500x500sq/std.lang.all/23/94/asset-2882394.jpg",
    "content": "270g",
    "walkRouteSequenceNumber": 6800,
    "price": {
      "basicPrice": 4.78,
      "recommendedQuantity": "1.0",
      "measurementUnitPrice": 17.71,
      "measurementUnit": "K",
      "isRedPrice": false,
      "pricePerUOM": 17.71,
      "activationDate": "05-03-2024",
      "recordSource": "Offline",
      "isPromoActive": "N",
      "priceChangeCode": "H"
    },
    "isAvailable": true,
    "isPriceAvailable": true,
    "inPromo": false,
    "gtin": [
      "05411328120984",
      "05411328121127",
      "05411761343223",
      "05410916343224"
    ],
    "topCategoryName": "Bereidingen/Charcuterie/Vis/Veggie",
    "topCategoryId": "105",
    "businessDomain": "RETAIL_BE",
    "IsPrivateLabel": false,
    "IsBiffe": false,
    "WeightconversionFactor": "0",
    "IsWeightArticle": false,
    "nutriscoreLabel": "E",
    "IsBio": false,
    "CountryOfOrigin": "BELGIË",
    "IsExclusivelySoldInLuxembourg": false,
    "OrderUnit": "P",
    "ShortName": "MARC SALAMI LOOK 270G",
    "IsNew": false,
    "EcoscoreLabel": "C",
    "RecentQuanityOfStockUnits": "1",
    "LongName": "MARCASSOU saucis.d'Arden.IGP look 270g",
    "AlcoholVolume": "0",
    "FicCode": "E",
    "EcoscoreValue": "52"
  },
  {
    "productId": "185933",
    "technicalArticleNumber": "3456682",
    "commercialArticleNumber": "30661",
    "name": "kip curry rijst",
    "description": "*20% kip, rijst,\ngroente, curry\n*Microgolfoven",
    "brand": "BONI",
    "seoBrand": "Boni Selection",
    "thumbNail": "https://static.colruytgroup.com/images/200x200/std.lang.all/79/11/asset-3307911.jpg",
    "fullImage": "https://static.colruytgroup.com/images/500x500/std.lang.all/79/11/asset-3307911.jpg",
    "squareImage": "https://static.colruytgroup.com/images/500x500sq/std.lang.all/79/11/asset-3307911.jpg",
    "content": "400g",
    "walkRouteSequenceNumber": 6669,
    "price": {
      "basicPrice": 3.49,
      "recommendedQuantity": "1.0",
      "measurementUnitPrice": 8.73,
      "measurementUnit": "K",
      "isRedPrice": false,
      "pricePerUOM": 8.73,
      "activationDate": "07-02-2024",
      "recordSource": "Offline",
      "isPromoActive": "N",
      "priceChangeCode": "L"
    },
    "isAvailable": true,
    "isPriceAvailable": true,
    "inPromo": false,
    "gtin": [
      "05400141562859",
      "05400141159394",
      "15400141833666",
      "15400141159391",
      "15400141095194",
      "05400141833669",
      "05400141381689",
      "05400141095197",
      "15400141825814"
    ],
    "topCategoryName": "Bereidingen/Charcuterie/Vis/Veggie",
    "topCategoryId": "105",
    "businessDomain": "RETAIL_BE",
    "IsPrivateLabel": true,
    "IsBiffe": false,
    "WeightconversionFactor": "0",
    "IsWeightArticle": false,
    "nutriscoreLabel": "C",
    "IsBio": false,
    "CountryOfOrigin": "BELGIË",
    "IsExclusivelySoldInLuxembourg": false,
    "OrderUnit": "P",
    "ShortName": "BONI KIP CUR.RIJST 400G",
    "InSeason": true,
    "IsNew": false,
    "EcoscoreLabel": "D",
    "RecentQuanityOfStockUnits": "1",
    "LongName": "BONI kip curry rijst 400g",
    "AlcoholVolume": "0",
    "StartSeasonDate": "23/06/2022",
    "FicCode": "I",
    "EcoscoreValue": "21"
  },
  {
    "productId": "574314",
    "technicalArticleNumber": "4221794",
    "commercialArticleNumber": "17713",
    "name": "gyros",
    "description": "*Voorgegaarde\nplantaardige\nreepjes\nop basis\nvan soja-eiwit",
    "brand": "VIVERA",
    "seoBrand": "Vivera",
    "thumbNail": "https://static.colruytgroup.com/images/200x200/std.lang.all/35/00/asset-2173500.jpg",
    "fullImage": "https://static.colruytgroup.com/images/500x500/std.lang.all/35/00/asset-2173500.jpg",
    "squareImage": "https://static.colruytgroup.com/images/500x500sq/std.lang.all/35/00/asset-2173500.jpg",
    "content": "175g",
    "walkRouteSequenceNumber": 7593,
    "price": {
      "basicPrice": 2.99,
      "recommendedQuantity": "1.0",
      "measurementUnitPrice": 17.09,
      "measurementUnit": "K",
      "isRedPrice": false,
      "pricePerUOM": 17.09,
      "activationDate": "18-03-2024",
      "recordSource": "Offline",
      "isPromoActive": "N",
      "priceChangeCode": "H"
    },
    "isAvailable": true,
    "isPriceAvailable": true,
    "inPromo": true,
    "promotion": [
      {
        "techPromoId": "100873COLR",
        "promotionId": "100873",
        "promotionType": "4",
        "isPersonalized": "N",
        "publicationStartDate": "13-03-2024",
        "publicationEndDate": "26-03-2024"
      }
    ],
    "gtin": [
      "08718300877582",
      "08718300577581"
    ],
    "topCategoryName": "Bereidingen/Charcuterie/Vis/Veggie",
    "topCategoryId": "105",
    "businessDomain": "RETAIL_BE",
    "IsPrivateLabel": false,
    "IsBiffe": false,
    "WeightconversionFactor": "0",
    "IsWeightArticle": false,
    "IsBio": false,
    "CountryOfOrigin": "NEDERLAND",
    "IsExclusivelySoldInLuxembourg": false,
    "OrderUnit": "P",
    "ShortName": "VIVE VEG.GYROS 175G",
    "IsNew": false,
    "RecentQuanityOfStockUnits": "1,6",
    "LongName": "VIVERA gyros 175g",
    "FicCode": "E"
  },
  {
    "productId": "722779",
    "technicalArticleNumber": "4474416",
    "commercialArticleNumber": "27625",
    "name": "ardense salami",
    "brand": "COLRUYT",
    "seoBrand": "Colruyt",
    "thumbNail": "https://static.colruytgroup.com/images/200x200/std.lang.all/80/23/asset-2708023.jpg",
    "fullImage": "https://static.colruytgroup.com/images/500x500/std.lang.all/80/23/asset-2708023.jpg",
    "squareImage": "https://static.colruytgroup.com/images/500x500sq/std.lang.all/80/23/asset-2708023.jpg",
    "content": "150g",
    "walkRouteSequenceNumber": 8025,
    "price": {
      "basicPrice": 2.93,
      "recommendedQuantity": "1.0",
      "measurementUnitPrice": 19.54,
      "measurementUnit": "K",
      "isRedPrice": false,
      "pricePerUOM": 19.54,
      "activationDate": "31-01-2024",
      "recordSource": "Offline",
      "isPromoActive": "N",
      "priceChangeCode": "H"
    },
    "isAvailable": true,
    "isPriceAvailable": true,
    "inPromo": false,
    "gtin": [
      "05400141467123",
      "05400141905335"
    ],
    "topCategoryName": "Bereidingen/Charcuterie/Vis/Veggie",
    "topCategoryId": "105",
    "businessDomain": "RETAIL_BE",
    "IsPrivateLabel": true,
    "IsBiffe": false,
    "WeightconversionFactor": "0",
    "IsWeightArticle": false,
    "nutriscoreLabel": "E",
    "IsBio": false,
    "CountryOfOrigin": "BELGIË",
    "IsExclusivelySoldInLuxembourg": false,
    "OrderUnit": "P",
    "ShortName": "ZBH ARDENSE SALAMI 150G",
    "IsNew": false,
    "EcoscoreLabel": "E",
    "RecentQuanityOfStockUnits": "1",
    "LongName": "COLRUYT ardense salami 150g",
    "AlcoholVolume": "0",
    "FicCode": "I",
    "EcoscoreValue": "16"
  },
  {
    "productId": "2170",
    "technicalArticleNumber": "27092",
    "commercialArticleNumber": "27092",
    "name": "Marcachouffe zonder look",
    "description": "*België\n*Ardense, droge\nworst\n*Gerookt",
    "brand": "MARCASSOU",
    "seoBrand": "Marcassou",
    "thumbNail": "https://static.colruytgroup.com/images/200x200/std.lang.all/60/14/asset-2176014.jpg",
    "fullImage": "https://static.colruytgroup.com/images/500x500/std.lang.all/60/14/asset-2176014.jpg",
    "squareImage": "https://static.colruytgroup.com/images/500x500sq/std.lang.all/60/14/asset-2176014.jpg",
    "content": "8st",
    "walkRouteSequenceNumber": 6795,
    "price": {
      "basicPrice": 4.65,
      "recommendedQuantity": "1.0",
      "measurementUnitPrice": 23.25,
      "measurementUnit": "K",
      "isRedPrice": false,
      "pricePerUOM": 23.25,
      "activationDate": "20-03-2024",
      "recordSource": "Offline",
      "isPromoActive": "N",
      "priceChangeCode": "H"
    },
    "isAvailable": true,
    "isPriceAvailable": true,
    "inPromo": false,
    "gtin": [
      "05410916046132",
      "05410916064235",
      "05410916075774"
    ],
    "topCategoryName": "Bereidingen/Charcuterie/Vis/Veggie",
    "topCategoryId": "105",
    "businessDomain": "RETAIL_BE",
    "IsPrivateLabel": false,
    "IsBiffe": false,
    "WeightconversionFactor": "0",
    "IsWeightArticle": false,
    "nutriscoreLabel": "E",
    "IsBio": false,
    "CountryOfOrigin": "BELGIË",
    "IsExclusivelySoldInLuxembourg": false,
    "OrderUnit": "P",
    "ShortName": "MAR MARCACHOUF.Z/L 200G",
    "IsNew": false,
    "EcoscoreLabel": "C",
    "RecentQuanityOfStockUnits": "1",
    "LongName": "MARCASSOU Marcachouffe zonder look 8st",
    "AlcoholVolume": "0",
    "FicCode": "E",
    "EcoscoreValue": "40"
  },
  {
    "productId": "540802",
    "technicalArticleNumber": "4164077",
    "commercialArticleNumber": "9733",
    "name": "Espana",
    "brand": "SERRANO",
    "seoBrand": "Serrano",
    "thumbNail": "https://static.colruytgroup.com/images/200x200/std.lang.all/70/42/asset-2427042.jpg",
    "fullImage": "https://static.colruytgroup.com/images/500x500/std.lang.all/70/42/asset-2427042.jpg",
    "squareImage": "https://static.colruytgroup.com/images/500x500sq/std.lang.all/70/42/asset-2427042.jpg",
    "content": "100g",
    "walkRouteSequenceNumber": 7835,
    "price": {
      "basicPrice": 3.13,
      "recommendedQuantity": "1.0",
      "measurementUnitPrice": 31.3,
      "measurementUnit": "K",
      "isRedPrice": false,
      "pricePerUOM": 31.3,
      "activationDate": "14-11-2023",
      "isPromoActive": "N",
      "priceChangeCode": "E"
    },
    "isAvailable": true,
    "isPriceAvailable": true,
    "inPromo": false,
    "gtin": [
      "18428204015085",
      "08428204015071",
      "18428204015078"
    ],
    "topCategoryName": "Bereidingen/Charcuterie/Vis/Veggie",
    "topCategoryId": "105",
    "businessDomain": "RETAIL_BE",
    "IsPrivateLabel": false,
    "IsBiffe": false,
    "WeightconversionFactor": "0",
    "IsWeightArticle": false,
    "IsBio": false,
    "CountryOfOrigin": "SPANJE",
    "IsExclusivelySoldInLuxembourg": false,
    "OrderUnit": "P",
    "ShortName": "SERR ESPANA 100G",
    "InSeason": true,
    "IsNew": false,
    "RecentQuanityOfStockUnits": "1",
    "LongName": "SERRANO Espana 100g",
    "StartSeasonDate": "03/02/2021",
    "FicCode": "E"
  },
  {
    "productId": "267196",
    "technicalArticleNumber": "3642319",
    "commercialArticleNumber": "40702",
    "name": "spirelli Hawaï",
    "description": "*Spirelli met mais,\ncocktaildressing,\nananas, paprika,\nwortelen, pijpajuin\n*Verse koude salade",
    "brand": "BONI",
    "seoBrand": "Boni Selection",
    "thumbNail": "https://static.colruytgroup.com/images/200x200/std.lang.all/41/50/asset-2414150.jpg",
    "fullImage": "https://static.colruytgroup.com/images/500x500/std.lang.all/41/50/asset-2414150.jpg",
    "squareImage": "https://static.colruytgroup.com/images/500x500sq/std.lang.all/41/50/asset-2414150.jpg",
    "content": "400g",
    "walkRouteSequenceNumber": 5307,
    "price": {
      "basicPrice": 3.79,
      "recommendedQuantity": "1.0",
      "measurementUnitPrice": 9.48,
      "measurementUnit": "K",
      "isRedPrice": false,
      "pricePerUOM": 9.48,
      "activationDate": "17-11-2023",
      "isPromoActive": "N",
      "priceChangeCode": "E"
    },
    "isAvailable": true,
    "isPriceAvailable": true,
    "inPromo": false,
    "gtin": [
      "15400141179221",
      "15400141125020",
      "15400141095309",
      "05400141416244",
      "05400141095302",
      "15400141416241",
      "05400141973433"
    ],
    "topCategoryName": "Bereidingen/Charcuterie/Vis/Veggie",
    "topCategoryId": "105",
    "businessDomain": "RETAIL_BE",
    "IsPrivateLabel": true,
    "IsBiffe": false,
    "WeightconversionFactor": "0",
    "IsWeightArticle": false,
    "nutriscoreLabel": "C",
    "IsBio": false,
    "CountryOfOrigin": "BELGIË",
    "IsExclusivelySoldInLuxembourg": false,
    "OrderUnit": "P",
    "ShortName": "BONI SPIR.HAWAI 400 G.",
    "InSeason": true,
    "IsNew": false,
    "EcoscoreLabel": "B",
    "RecentQuanityOfStockUnits": "1",
    "LongName": "BONI spirelli Hawaï 400g",
    "AlcoholVolume": "0",
    "StartSeasonDate": "29/03/2022",
    "FicCode": "I",
    "EcoscoreValue": "72"
  },
  {
    "productId": "601926",
    "technicalArticleNumber": "4268615",
    "commercialArticleNumber": "22846",
    "name": "farfalle sweet veggie",
    "description": "*Farfalle met zoete\ndressing, tomaten,\npaprika en ei.",
    "brand": "BONI",
    "seoBrand": "Boni Selection",
    "thumbNail": "https://static.colruytgroup.com/images/200x200/std.lang.all/79/44/asset-2877944.jpg",
    "fullImage": "https://static.colruytgroup.com/images/500x500/std.lang.all/79/44/asset-2877944.jpg",
    "squareImage": "https://static.colruytgroup.com/images/500x500sq/std.lang.all/79/44/asset-2877944.jpg",
    "content": "400g",
    "walkRouteSequenceNumber": 5308,
    "price": {
      "basicPrice": 3.79,
      "recommendedQuantity": "1.0",
      "measurementUnitPrice": 9.48,
      "measurementUnit": "K",
      "isRedPrice": false,
      "pricePerUOM": 9.48,
      "activationDate": "17-11-2023",
      "isPromoActive": "N",
      "priceChangeCode": "E"
    },
    "isAvailable": true,
    "isPriceAvailable": true,
    "inPromo": false,
    "gtin": [
      "05400141401301",
      "15400141401308",
      "25400141401305",
      "15400141971610",
      "05400141971613"
    ],
    "topCategoryName": "Bereidingen/Charcuterie/Vis/Veggie",
    "topCategoryId": "105",
    "businessDomain": "RETAIL_BE",
    "IsPrivateLabel": true,
    "IsBiffe": false,
    "WeightconversionFactor": "0",
    "IsWeightArticle": false,
    "nutriscoreLabel": "C",
    "IsBio": false,
    "CountryOfOrigin": "BELGIË",
    "IsExclusivelySoldInLuxembourg": false,
    "OrderUnit": "P",
    "ShortName": "BONI FARF.SWEE.VEGG400G",
    "InSeason": true,
    "IsNew": false,
    "EcoscoreLabel": "B",
    "RecentQuanityOfStockUnits": "1",
    "LongName": "BONI farfalle sweet veggie 400g",
    "StartSeasonDate": "29/03/2022",
    "FicCode": "I",
    "EcoscoreValue": "67"
  },
  {
    "productId": "538426",
    "technicalArticleNumber": "4135690",
    "commercialArticleNumber": "9568",
    "name": "Spinazieb.",
    "description": "*Biologisch\n*Vegetarisch",
    "brand": "THE BIO VEGGIE COMPANY",
    "seoBrand": "The bio veggie company",
    "thumbNail": "https://static.colruytgroup.com/images/200x200/std.lang.all/67/98/asset-3146798.jpg",
    "fullImage": "https://static.colruytgroup.com/images/500x500/std.lang.all/67/98/asset-3146798.jpg",
    "squareImage": "https://static.colruytgroup.com/images/500x500sq/std.lang.all/67/98/asset-3146798.jpg",
    "content": "2x80g",
    "walkRouteSequenceNumber": 7577,
    "price": {
      "basicPrice": 3.79,
      "recommendedQuantity": "1.0",
      "measurementUnitPrice": 23.69,
      "measurementUnit": "K",
      "isRedPrice": false,
      "pricePerUOM": 23.69,
      "activationDate": "13-03-2024",
      "isPromoActive": "Y",
      "priceChangeCode": "E"
    },
    "isAvailable": true,
    "isPriceAvailable": true,
    "inPromo": true,
    "promotion": [
      {
        "techPromoId": "100872COLR",
        "promotionId": "100872",
        "promotionType": "3",
        "isPersonalized": "N",
        "publicationStartDate": "13-03-2024",
        "publicationEndDate": "26-03-2024"
      }
    ],
    "gtin": [
      "05425009600009"
    ],
    "topCategoryName": "Bereidingen/Charcuterie/Vis/Veggie",
    "topCategoryId": "105",
    "businessDomain": "RETAIL_BE",
    "IsPrivateLabel": false,
    "IsBiffe": false,
    "WeightconversionFactor": "0",
    "IsWeightArticle": false,
    "nutriscoreLabel": "B",
    "IsBio": true,
    "CountryOfOrigin": "BELGIË",
    "IsExclusivelySoldInLuxembourg": false,
    "OrderUnit": "P",
    "ShortName": "TBVC SPINAZBURG160G",
    "IsNew": false,
    "EcoscoreLabel": "B",
    "RecentQuanityOfStockUnits": "1",
    "LongName": "THE BIO VEGGIE COMPANY Spinazieb. 2x80g",
    "FicCode": "E",
    "EcoscoreValue": "79"
  },
  {
    "productId": "860444",
    "technicalArticleNumber": "4711255",
    "commercialArticleNumber": "9913",
    "name": "Lasagne Groenten",
    "brand": "BONI",
    "seoBrand": "Boni Selection",
    "thumbNail": "https://static.colruytgroup.com/images/200x200/std.lang.all/24/80/asset-3252480.jpg",
    "fullImage": "https://static.colruytgroup.com/images/500x500/std.lang.all/24/80/asset-3252480.jpg",
    "squareImage": "https://static.colruytgroup.com/images/500x500sq/std.lang.all/24/80/asset-3252480.jpg",
    "content": "400g",
    "walkRouteSequenceNumber": 6596,
    "price": {
      "basicPrice": 2.99,
      "recommendedQuantity": "1.0",
      "quantityPrice": 2.5,
      "quantityPriceQuantity": "2.0",
      "measurementUnitPrice": 7.48,
      "measurementUnitQuantityPrice": 6.25,
      "measurementUnit": "K",
      "isRedPrice": false,
      "pricePerUOM": 7.48,
      "activationDate": "13-03-2024",
      "isPromoActive": "Y",
      "priceChangeCode": "E",
      "quantityPricePerUOM": 6.25,
      "quantityActivationDate": "13-03-2024",
      "quantityPriceChangeCode": "E"
    },
    "isAvailable": true,
    "isPriceAvailable": true,
    "inPromo": false,
    "gtin": [
      "05400141443738",
      "15400141443735"
    ],
    "topCategoryName": "Bereidingen/Charcuterie/Vis/Veggie",
    "topCategoryId": "105",
    "businessDomain": "RETAIL_BE",
    "IsPrivateLabel": true,
    "IsBiffe": false,
    "WeightconversionFactor": "0",
    "IsWeightArticle": false,
    "nutriscoreLabel": "C",
    "IsBio": false,
    "CountryOfOrigin": "BELGIË",
    "IsExclusivelySoldInLuxembourg": false,
    "OrderUnit": "P",
    "ShortName": "BONI GROENT.LASAGNE400G",
    "IsNew": false,
    "EcoscoreLabel": "C",
    "RecentQuanityOfStockUnits": "1",
    "LongName": "BONI Lasagne Groenten 400g",
    "FicCode": "I",
    "EcoscoreValue": "55"
  },
  {
    "productId": "704629",
    "technicalArticleNumber": "4439521",
    "commercialArticleNumber": "26190",
    "name": "ham -25% zout 5sn.",
    "description": "*Gekookte ham\n*Ontzwoerd en ontvet",
    "brand": "HERTA SUPERIEUR",
    "seoBrand": "Herta Superieur",
    "thumbNail": "https://static.colruytgroup.com/images/200x200/std.lang.all/51/08/asset-2455108.jpg",
    "fullImage": "https://static.colruytgroup.com/images/500x500/std.lang.all/51/08/asset-2455108.jpg",
    "squareImage": "https://static.colruytgroup.com/images/500x500sq/std.lang.all/51/08/asset-2455108.jpg",
    "content": "167g",
    "walkRouteSequenceNumber": 7869,
    "price": {
      "basicPrice": 4.5,
      "recommendedQuantity": "1.0",
      "measurementUnitPrice": 26.95,
      "measurementUnit": "K",
      "isRedPrice": false,
      "pricePerUOM": 26.95,
      "activationDate": "14-03-2024",
      "recordSource": "Folder",
      "isPromoActive": "N",
      "priceChangeCode": "E"
    },
    "isAvailable": true,
    "isPriceAvailable": true,
    "inPromo": true,
    "promotion": [
      {
        "techPromoId": "100936COLR",
        "promotionId": "100936",
        "promotionType": "3",
        "isPersonalized": "N",
        "publicationStartDate": "13-03-2024",
        "publicationEndDate": "26-03-2024"
      }
    ],
    "gtin": [
      "03154230802839",
      "03154230802822"
    ],
    "topCategoryName": "Bereidingen/Charcuterie/Vis/Veggie",
    "topCategoryId": "105",
    "businessDomain": "RETAIL_BE",
    "IsPrivateLabel": false,
    "IsBiffe": false,
    "WeightconversionFactor": "0",
    "IsWeightArticle": false,
    "nutriscoreLabel": "B",
    "IsBio": false,
    "CountryOfOrigin": "FRANKRIJK",
    "IsExclusivelySoldInLuxembourg": false,
    "OrderUnit": "P",
    "ShortName": "HERT HAM -25% ZOUT 5SN",
    "IsNew": false,
    "RecentQuanityOfStockUnits": "1",
    "LongName": "HERTA SUPERIEUR ham -25% zout 5sn. 167g",
    "FicCode": "E"
  },
  {
    "productId": "452673",
    "technicalArticleNumber": "4014172",
    "commercialArticleNumber": "2762",
    "name": "Pesto verde",
    "description": "*Pesto van spinazie\nen basilicum",
    "brand": "BONI",
    "seoBrand": "Boni Selection",
    "thumbNail": "https://static.colruytgroup.com/images/200x200/std.lang.all/19/52/asset-2991952.jpg",
    "fullImage": "https://static.colruytgroup.com/images/500x500/std.lang.all/19/52/asset-2991952.jpg",
    "squareImage": "https://static.colruytgroup.com/images/500x500sq/std.lang.all/19/52/asset-2991952.jpg",
    "content": "140g",
    "walkRouteSequenceNumber": 6626,
    "price": {
      "basicPrice": 3.49,
      "recommendedQuantity": "1.0",
      "measurementUnitPrice": 24.93,
      "measurementUnit": "K",
      "isRedPrice": false,
      "pricePerUOM": 24.93,
      "activationDate": "13-03-2024",
      "recordSource": "Offline",
      "isPromoActive": "N",
      "priceChangeCode": "L"
    },
    "isAvailable": true,
    "isPriceAvailable": true,
    "inPromo": false,
    "gtin": [
      "05400141556452",
      "15400141816409",
      "15400141928850",
      "05400141209617",
      "15400141209614",
      "05400141816402",
      "15400141556459"
    ],
    "topCategoryName": "Bereidingen/Charcuterie/Vis/Veggie",
    "topCategoryId": "105",
    "businessDomain": "RETAIL_BE",
    "IsPrivateLabel": true,
    "IsBiffe": false,
    "WeightconversionFactor": "0",
    "IsWeightArticle": false,
    "nutriscoreLabel": "E",
    "IsBio": false,
    "CountryOfOrigin": "NEDERLAND",
    "IsExclusivelySoldInLuxembourg": false,
    "OrderUnit": "P",
    "ShortName": "BONI PESTO VERDE 140G",
    "IsNew": false,
    "EcoscoreLabel": "D",
    "RecentQuanityOfStockUnits": "1",
    "LongName": "BONI Pesto verde 140g",
    "FicCode": "I",
    "EcoscoreValue": "38"
  },
  {
    "productId": "561364",
    "technicalArticleNumber": "4199260",
    "commercialArticleNumber": "6522",
    "name": "Aziatisch assortiment",
    "brand": "BONI",
    "seoBrand": "Boni Selection",
    "thumbNail": "https://static.colruytgroup.com/images/200x200/std.lang.all/28/28/asset-3352828.jpg",
    "fullImage": "https://static.colruytgroup.com/images/500x500/std.lang.all/28/28/asset-3352828.jpg",
    "squareImage": "https://static.colruytgroup.com/images/500x500sq/std.lang.all/28/28/asset-3352828.jpg",
    "content": "310g",
    "walkRouteSequenceNumber": 6728,
    "price": {
      "basicPrice": 7.99,
      "recommendedQuantity": "1.0",
      "measurementUnitPrice": 25.78,
      "measurementUnit": "K",
      "isRedPrice": false,
      "pricePerUOM": 25.78,
      "activationDate": "02-01-2023",
      "isPromoActive": "N",
      "priceChangeCode": "H"
    },
    "isAvailable": true,
    "isPriceAvailable": true,
    "inPromo": false,
    "gtin": [
      "15400141562917",
      "05400141432589",
      "05400141477566",
      "05400141342239"
    ],
    "topCategoryName": "Bereidingen/Charcuterie/Vis/Veggie",
    "topCategoryId": "105",
    "businessDomain": "RETAIL_BE",
    "IsPrivateLabel": true,
    "IsBiffe": false,
    "WeightconversionFactor": "0",
    "IsWeightArticle": false,
    "nutriscoreLabel": "D",
    "IsBio": false,
    "CountryOfOrigin": "THAILAND",
    "IsExclusivelySoldInLuxembourg": false,
    "OrderUnit": "P",
    "ShortName": "BONI AZIAT.ASSORT.310G",
    "IsNew": false,
    "EcoscoreLabel": "D",
    "RecentQuanityOfStockUnits": "1",
    "LongName": "BONI Aziatisch assortiment 310g",
    "FicCode": "I",
    "EcoscoreValue": "25"
  },
  {
    "productId": "574334",
    "technicalArticleNumber": "4221814",
    "commercialArticleNumber": "17724",
    "name": "Veg.Spekreepjes",
    "description": "*Voorgegaarde\nplantaardige reepjes\nop basis van soja-\neiwit met een\ntypische rooksmaak.",
    "brand": "VIVERA",
    "seoBrand": "Vivera",
    "thumbNail": "https://static.colruytgroup.com/images/200x200/std.lang.all/50/79/asset-2165079.jpg",
    "fullImage": "https://static.colruytgroup.com/images/500x500/std.lang.all/50/79/asset-2165079.jpg",
    "squareImage": "https://static.colruytgroup.com/images/500x500sq/std.lang.all/50/79/asset-2165079.jpg",
    "content": "175g",
    "walkRouteSequenceNumber": 7594,
    "price": {
      "basicPrice": 2.99,
      "recommendedQuantity": "1.0",
      "measurementUnitPrice": 17.09,
      "measurementUnit": "K",
      "isRedPrice": false,
      "pricePerUOM": 17.09,
      "activationDate": "18-03-2024",
      "isPromoActive": "Y",
      "priceChangeCode": "H"
    },
    "isAvailable": true,
    "isPriceAvailable": true,
    "inPromo": true,
    "promotion": [
      {
        "techPromoId": "100873COLR",
        "promotionId": "100873",
        "promotionType": "4",
        "isPersonalized": "N",
        "publicationStartDate": "13-03-2024",
        "publicationEndDate": "26-03-2024"
      }
    ],
    "gtin": [
      "08718300585562",
      "08718300885563"
    ],
    "topCategoryName": "Bereidingen/Charcuterie/Vis/Veggie",
    "topCategoryId": "105",
    "businessDomain": "RETAIL_BE",
    "IsPrivateLabel": false,
    "IsBiffe": false,
    "WeightconversionFactor": "0",
    "IsWeightArticle": false,
    "nutriscoreLabel": "C",
    "IsBio": false,
    "CountryOfOrigin": "NEDERLAND",
    "IsExclusivelySoldInLuxembourg": false,
    "OrderUnit": "P",
    "ShortName": "VIVE VEG.SPEKREEPJE175G",
    "IsNew": false,
    "EcoscoreLabel": "A",
    "RecentQuanityOfStockUnits": "1,6",
    "LongName": "VIVERA Veg.Spekreepjes 175g",
    "FicCode": "E",
    "EcoscoreValue": "87"
  },
  {
    "productId": "35815",
    "technicalArticleNumber": "1908635",
    "commercialArticleNumber": "35235",
    "name": "Bistro Time snacks 8st",
    "description": "3 hapklare droge worstjes",
    "brand": "AOSTE",
    "seoBrand": "Aoste",
    "thumbNail": "https://static.colruytgroup.com/images/200x200/std.lang.all/73/51/asset-3357351.jpg",
    "fullImage": "https://static.colruytgroup.com/images/500x500/std.lang.all/73/51/asset-3357351.jpg",
    "squareImage": "https://static.colruytgroup.com/images/500x500sq/std.lang.all/73/51/asset-3357351.jpg",
    "content": "150g",
    "walkRouteSequenceNumber": 6798,
    "price": {
      "basicPrice": 3.99,
      "recommendedQuantity": "1.0",
      "measurementUnitPrice": 26.6,
      "measurementUnit": "K",
      "isRedPrice": false,
      "pricePerUOM": 26.6,
      "activationDate": "29-02-2024",
      "recordSource": "Offline",
      "isPromoActive": "N",
      "priceChangeCode": "E"
    },
    "isAvailable": true,
    "isPriceAvailable": true,
    "inPromo": false,
    "gtin": [
      "05410916247249",
      "05411328014887",
      "05411328015143"
    ],
    "topCategoryName": "Bereidingen/Charcuterie/Vis/Veggie",
    "topCategoryId": "105",
    "businessDomain": "RETAIL_BE",
    "IsPrivateLabel": false,
    "IsBiffe": false,
    "WeightconversionFactor": "0",
    "IsWeightArticle": false,
    "nutriscoreLabel": "E",
    "IsBio": false,
    "CountryOfOrigin": "BELGIË",
    "IsExclusivelySoldInLuxembourg": false,
    "OrderUnit": "P",
    "ShortName": "AOSTE BISTRO TIME 150G",
    "IsNew": false,
    "EcoscoreLabel": "D",
    "RecentQuanityOfStockUnits": "1",
    "LongName": "AOSTE Bistro Time snacks 8st 150g",
    "AlcoholVolume": "0",
    "FicCode": "E",
    "EcoscoreValue": "35"
  },
  {
    "productId": "461346",
    "technicalArticleNumber": "3964770",
    "commercialArticleNumber": "2747",
    "name": "quiche zalm spinazie",
    "description": "*15 minuten\nin de oven: 180°C",
    "brand": "BONI",
    "seoBrand": "Boni Selection",
    "thumbNail": "https://static.colruytgroup.com/images/200x200/std.lang.all/66/19/asset-2686619.jpg",
    "fullImage": "https://static.colruytgroup.com/images/500x500/std.lang.all/66/19/asset-2686619.jpg",
    "squareImage": "https://static.colruytgroup.com/images/500x500sq/std.lang.all/66/19/asset-2686619.jpg",
    "content": "300g",
    "walkRouteSequenceNumber": 6722,
    "price": {
      "basicPrice": 4.29,
      "recommendedQuantity": "1.0",
      "measurementUnitPrice": 14.3,
      "measurementUnit": "K",
      "isRedPrice": false,
      "pricePerUOM": 14.3,
      "activationDate": "17-11-2023",
      "isPromoActive": "N",
      "priceChangeCode": "E"
    },
    "isAvailable": true,
    "isPriceAvailable": true,
    "inPromo": false,
    "gtin": [
      "05400141071719",
      "15400141072140",
      "05400141605952",
      "15400141605959",
      "15400141596585"
    ],
    "topCategoryName": "Bereidingen/Charcuterie/Vis/Veggie",
    "topCategoryId": "105",
    "businessDomain": "RETAIL_BE",
    "IsPrivateLabel": true,
    "IsBiffe": false,
    "WeightconversionFactor": "0",
    "IsWeightArticle": false,
    "nutriscoreLabel": "C",
    "IsBio": false,
    "CountryOfOrigin": "BELGIË",
    "IsExclusivelySoldInLuxembourg": false,
    "OrderUnit": "P",
    "ShortName": "BONI QUICH.ZALM SPI300G",
    "InSeason": true,
    "IsNew": false,
    "EcoscoreLabel": "B",
    "RecentQuanityOfStockUnits": "1",
    "LongName": "BONI quiche zalm spinazie 300g",
    "StartSeasonDate": "05/08/2021",
    "FicCode": "I",
    "EcoscoreValue": "65"
  },
  {
    "productId": "164926",
    "technicalArticleNumber": "3401494",
    "commercialArticleNumber": "50032",
    "name": "worst natuur vegetarisch",
    "description": "*Veggie",
    "brand": "BONI",
    "seoBrand": "Boni Selection",
    "thumbNail": "https://static.colruytgroup.com/images/200x200/std.lang.all/05/36/asset-3040536.jpg",
    "fullImage": "https://static.colruytgroup.com/images/500x500/std.lang.all/05/36/asset-3040536.jpg",
    "squareImage": "https://static.colruytgroup.com/images/500x500sq/std.lang.all/05/36/asset-3040536.jpg",
    "content": "100g",
    "walkRouteSequenceNumber": 7504,
    "price": {
      "basicPrice": 1.79,
      "recommendedQuantity": "1.0",
      "measurementUnitPrice": 17.9,
      "measurementUnit": "K",
      "isRedPrice": false,
      "pricePerUOM": 17.9,
      "activationDate": "13-03-2024",
      "isPromoActive": "N",
      "priceChangeCode": "E"
    },
    "isAvailable": true,
    "isPriceAvailable": true,
    "inPromo": true,
    "promotion": [
      {
        "techPromoId": "100899COLR",
        "promotionId": "100899",
        "promotionType": "3",
        "isPersonalized": "N",
        "publicationStartDate": "13-03-2024",
        "publicationEndDate": "26-03-2024"
      }
    ],
    "gtin": [
      "05400141601329",
      "15400141601326",
      "05400141205534",
      "05400141359138",
      "05400141151190",
      "05400141081657",
      "15400141151197",
      "05400141896732",
      "15400141896739"
    ],
    "topCategoryName": "Bereidingen/Charcuterie/Vis/Veggie",
    "topCategoryId": "105",
    "businessDomain": "RETAIL_BE",
    "IsPrivateLabel": true,
    "IsBiffe": false,
    "WeightconversionFactor": "0",
    "IsWeightArticle": false,
    "nutriscoreLabel": "D",
    "IsBio": false,
    "CountryOfOrigin": "OOSTENRIJK",
    "IsExclusivelySoldInLuxembourg": false,
    "OrderUnit": "P",
    "ShortName": "BONI VEG CHARC NAT 100G",
    "IsNew": false,
    "EcoscoreLabel": "C",
    "RecentQuanityOfStockUnits": "1",
    "LongName": "BONI worst natuur vegetarisch 100g",
    "AlcoholVolume": "0",
    "FicCode": "I",
    "EcoscoreValue": "58"
  },
  {
    "productId": "689011",
    "technicalArticleNumber": "4414434",
    "commercialArticleNumber": "27247",
    "name": "fiocco di prosciutto",
    "description": "* 96% varkenvlees\n* Aperitief\n* Italiaans product\n* Gedroogde ham",
    "brand": "BONI",
    "seoBrand": "Boni Selection",
    "thumbNail": "https://static.colruytgroup.com/images/200x200/std.lang.all/38/64/asset-3343864.jpg",
    "fullImage": "https://static.colruytgroup.com/images/500x500/std.lang.all/38/64/asset-3343864.jpg",
    "squareImage": "https://static.colruytgroup.com/images/500x500sq/std.lang.all/38/64/asset-3343864.jpg",
    "content": "50g",
    "walkRouteSequenceNumber": 6698,
    "price": {
      "basicPrice": 2.79,
      "recommendedQuantity": "1.0",
      "measurementUnitPrice": 55.8,
      "measurementUnit": "K",
      "isRedPrice": false,
      "pricePerUOM": 55.8,
      "activationDate": "22-01-2024",
      "recordSource": "Offline",
      "isPromoActive": "N",
      "priceChangeCode": "E"
    },
    "isAvailable": true,
    "isPriceAvailable": true,
    "inPromo": false,
    "gtin": [
      "15400141905219",
      "05400141905212"
    ],
    "topCategoryName": "Bereidingen/Charcuterie/Vis/Veggie",
    "topCategoryId": "105",
    "businessDomain": "RETAIL_BE",
    "IsPrivateLabel": true,
    "IsBiffe": false,
    "WeightconversionFactor": "0",
    "IsWeightArticle": false,
    "nutriscoreLabel": "E",
    "IsBio": false,
    "CountryOfOrigin": "BELGIË",
    "IsExclusivelySoldInLuxembourg": false,
    "OrderUnit": "P",
    "ShortName": "BONI FIOCCO PROSCIUT50G",
    "IsNew": false,
    "EcoscoreLabel": "E",
    "RecentQuanityOfStockUnits": "1",
    "LongName": "BONI fiocco di prosciutto 50g",
    "AlcoholVolume": "0",
    "FicCode": "I",
    "EcoscoreValue": "0"
  },
  {
    "productId": "165526",
    "technicalArticleNumber": "3401521",
    "commercialArticleNumber": "50033",
    "name": "worst tom-basil vegetarisch",
    "description": "*Veggie",
    "brand": "BONI",
    "seoBrand": "Boni Selection",
    "thumbNail": "https://static.colruytgroup.com/images/200x200/std.lang.all/49/57/asset-3194957.jpg",
    "fullImage": "https://static.colruytgroup.com/images/500x500/std.lang.all/49/57/asset-3194957.jpg",
    "squareImage": "https://static.colruytgroup.com/images/500x500sq/std.lang.all/49/57/asset-3194957.jpg",
    "content": "100g",
    "walkRouteSequenceNumber": 7506,
    "price": {
      "basicPrice": 1.79,
      "recommendedQuantity": "1.0",
      "measurementUnitPrice": 17.9,
      "measurementUnit": "K",
      "isRedPrice": false,
      "pricePerUOM": 17.9,
      "activationDate": "13-03-2024",
      "isPromoActive": "N",
      "priceChangeCode": "E"
    },
    "isAvailable": true,
    "isPriceAvailable": true,
    "inPromo": true,
    "promotion": [
      {
        "techPromoId": "100899COLR",
        "promotionId": "100899",
        "promotionType": "3",
        "isPersonalized": "N",
        "publicationStartDate": "13-03-2024",
        "publicationEndDate": "26-03-2024"
      }
    ],
    "gtin": [
      "15400141151227",
      "05400141359145",
      "05400141151220",
      "15400141601111",
      "05400141601114",
      "15400141896722",
      "05400141896725"
    ],
    "topCategoryName": "Bereidingen/Charcuterie/Vis/Veggie",
    "topCategoryId": "105",
    "businessDomain": "RETAIL_BE",
    "IsPrivateLabel": true,
    "IsBiffe": false,
    "WeightconversionFactor": "0",
    "IsWeightArticle": false,
    "nutriscoreLabel": "C",
    "IsBio": false,
    "CountryOfOrigin": "OOSTENRIJK",
    "IsExclusivelySoldInLuxembourg": false,
    "OrderUnit": "P",
    "ShortName": "BONI VEG CHA TO BAS 100",
    "IsNew": false,
    "EcoscoreLabel": "B",
    "RecentQuanityOfStockUnits": "1",
    "LongName": "BONI worst tom-basil vegetarisch 100g",
    "AlcoholVolume": "0",
    "FicCode": "I",
    "EcoscoreValue": "77"
  },
  {
    "productId": "868789",
    "technicalArticleNumber": "4721429",
    "commercialArticleNumber": "15789",
    "name": "baconblokjes",
    "brand": "HERTA",
    "seoBrand": "Herta",
    "thumbNail": "https://static.colruytgroup.com/images/200x200/std.lang.all/63/34/asset-3196334.jpg",
    "fullImage": "https://static.colruytgroup.com/images/500x500/std.lang.all/63/34/asset-3196334.jpg",
    "squareImage": "https://static.colruytgroup.com/images/500x500sq/std.lang.all/63/34/asset-3196334.jpg",
    "content": "2x100g",
    "walkRouteSequenceNumber": 7749,
    "price": {
      "basicPrice": 3.39,
      "recommendedQuantity": "1.0",
      "measurementUnitPrice": 16.95,
      "measurementUnit": "K",
      "isRedPrice": false,
      "pricePerUOM": 16.95,
      "activationDate": "20-03-2024",
      "recordSource": "Offline",
      "isPromoActive": "Y",
      "priceChangeCode": "L"
    },
    "isAvailable": true,
    "isPriceAvailable": true,
    "inPromo": true,
    "promotion": [
      {
        "techPromoId": "100936COLR",
        "promotionId": "100936",
        "promotionType": "3",
        "isPersonalized": "N",
        "publicationStartDate": "13-03-2024",
        "publicationEndDate": "26-03-2024"
      }
    ],
    "gtin": [
      "03154230812494",
      "03154230812500",
      "03154230812517"
    ],
    "topCategoryName": "Bereidingen/Charcuterie/Vis/Veggie",
    "topCategoryId": "105",
    "businessDomain": "RETAIL_BE",
    "IsPrivateLabel": false,
    "IsBiffe": false,
    "WeightconversionFactor": "0",
    "IsWeightArticle": false,
    "nutriscoreLabel": "C",
    "IsBio": false,
    "CountryOfOrigin": "FRANKRIJK",
    "IsExclusivelySoldInLuxembourg": false,
    "OrderUnit": "P",
    "ShortName": "HERT BACONBLOKJES2X100G",
    "IsNew": false,
    "EcoscoreLabel": "E",
    "RecentQuanityOfStockUnits": "1",
    "LongName": "HERTA baconblokjes 2x100g",
    "FicCode": "E",
    "EcoscoreValue": "11"
  },
  {
    "productId": "225608",
    "technicalArticleNumber": "3567930",
    "commercialArticleNumber": "31019",
    "name": "Vegan martino",
    "description": "*Op basis van\nwortelpulp\n*Vegan",
    "brand": "BONI",
    "seoBrand": "Boni Selection",
    "thumbNail": "https://static.colruytgroup.com/images/200x200/std.lang.all/22/08/asset-3212208.jpg",
    "fullImage": "https://static.colruytgroup.com/images/500x500/std.lang.all/22/08/asset-3212208.jpg",
    "squareImage": "https://static.colruytgroup.com/images/500x500sq/std.lang.all/22/08/asset-3212208.jpg",
    "content": "200g",
    "walkRouteSequenceNumber": 7492,
    "price": {
      "basicPrice": 2.2,
      "recommendedQuantity": "1.0",
      "measurementUnitPrice": 11,
      "measurementUnit": "K",
      "isRedPrice": false,
      "pricePerUOM": 11,
      "activationDate": "13-03-2024",
      "recordSource": "Offline",
      "isPromoActive": "N",
      "priceChangeCode": "L"
    },
    "isAvailable": true,
    "isPriceAvailable": true,
    "inPromo": true,
    "promotion": [
      {
        "techPromoId": "100899COLR",
        "promotionId": "100899",
        "promotionType": "3",
        "isPersonalized": "N",
        "publicationStartDate": "13-03-2024",
        "publicationEndDate": "26-03-2024"
      }
    ],
    "gtin": [
      "15400141360643",
      "15400141700647",
      "05400141700640",
      "05400141765601",
      "05400141462203",
      "05400141531688",
      "15400141531685"
    ],
    "topCategoryName": "Bereidingen/Charcuterie/Vis/Veggie",
    "topCategoryId": "105",
    "businessDomain": "RETAIL_BE",
    "IsPrivateLabel": true,
    "IsBiffe": false,
    "WeightconversionFactor": "0",
    "IsWeightArticle": false,
    "nutriscoreLabel": "C",
    "IsBio": false,
    "CountryOfOrigin": "BELGIË",
    "IsExclusivelySoldInLuxembourg": false,
    "OrderUnit": "P",
    "ShortName": "BONI VEG.MARTINO 200G",
    "IsNew": false,
    "EcoscoreLabel": "B",
    "RecentQuanityOfStockUnits": "1",
    "LongName": "BONI Vegan martino 200g",
    "AlcoholVolume": "0",
    "FicCode": "I",
    "EcoscoreValue": "70"
  },
  {
    "productId": "696770",
    "technicalArticleNumber": "4426899",
    "commercialArticleNumber": "26058",
    "name": "Maaltijdsalade Griekse Salade",
    "brand": "BONI",
    "seoBrand": "Boni Selection",
    "thumbNail": "https://static.colruytgroup.com/images/200x200/std.lang.all/90/36/asset-3349036.jpg",
    "fullImage": "https://static.colruytgroup.com/images/500x500/std.lang.all/90/36/asset-3349036.jpg",
    "squareImage": "https://static.colruytgroup.com/images/500x500sq/std.lang.all/90/36/asset-3349036.jpg",
    "content": "400g",
    "walkRouteSequenceNumber": 5305,
    "price": {
      "basicPrice": 5.29,
      "recommendedQuantity": "1.0",
      "quantityPrice": 4.87,
      "quantityPriceQuantity": "3.0",
      "measurementUnitPrice": 13.23,
      "measurementUnitQuantityPrice": 12.18,
      "measurementUnit": "K",
      "isRedPrice": false,
      "pricePerUOM": 13.23,
      "activationDate": "13-03-2024",
      "isPromoActive": "N",
      "priceChangeCode": "E",
      "quantityPricePerUOM": 12.18,
      "quantityActivationDate": "13-03-2024",
      "quantityPriceChangeCode": "L"
    },
    "isAvailable": true,
    "isPriceAvailable": true,
    "inPromo": false,
    "gtin": [
      "05400141454352",
      "15400141454359",
      "05400141750843",
      "05400141806021",
      "05400141941074"
    ],
    "topCategoryName": "Bereidingen/Charcuterie/Vis/Veggie",
    "topCategoryId": "105",
    "businessDomain": "RETAIL_BE",
    "IsPrivateLabel": true,
    "IsBiffe": false,
    "WeightconversionFactor": "0",
    "IsWeightArticle": false,
    "nutriscoreLabel": "B",
    "IsBio": false,
    "CountryOfOrigin": "BELGIË",
    "IsExclusivelySoldInLuxembourg": false,
    "OrderUnit": "P",
    "ShortName": "BONI GRIEKSE SALADE400G",
    "IsNew": false,
    "EcoscoreLabel": "B",
    "RecentQuanityOfStockUnits": "1",
    "LongName": "BONI Maaltijdsalade Griekse Salade 400g",
    "FicCode": "I",
    "EcoscoreValue": "67"
  },
  {
    "productId": "826411",
    "technicalArticleNumber": "4663921",
    "commercialArticleNumber": "30100",
    "name": "groenteweelde balletjes",
    "brand": "BUTTERFLY",
    "seoBrand": "Butterfly",
    "thumbNail": "https://static.colruytgroup.com/images/200x200/nl_be/69/80/asset-3286980.jpg",
    "fullImage": "https://static.colruytgroup.com/images/500x500/nl_be/69/80/asset-3286980.jpg",
    "squareImage": "https://static.colruytgroup.com/images/500x500sq/nl_be/69/80/asset-3286980.jpg",
    "content": "950ml",
    "walkRouteSequenceNumber": 6636,
    "price": {
      "basicPrice": 3.99,
      "recommendedQuantity": "1.0",
      "measurementUnitPrice": 4.2,
      "measurementUnit": "L",
      "isRedPrice": false,
      "pricePerUOM": 4.2,
      "activationDate": "28-02-2024",
      "recordSource": "Offline",
      "isPromoActive": "N",
      "priceChangeCode": "E"
    },
    "isAvailable": true,
    "isPriceAvailable": true,
    "inPromo": false,
    "gtin": [
      "05425010839887"
    ],
    "topCategoryName": "Bereidingen/Charcuterie/Vis/Veggie",
    "topCategoryId": "105",
    "businessDomain": "RETAIL_BE",
    "IsPrivateLabel": false,
    "IsBiffe": false,
    "WeightconversionFactor": "0",
    "IsWeightArticle": false,
    "nutriscoreLabel": "C",
    "IsBio": false,
    "CountryOfOrigin": "BELGIË",
    "IsExclusivelySoldInLuxembourg": false,
    "OrderUnit": "P",
    "ShortName": "BUTT GROENTENWEEL.950ML",
    "IsNew": false,
    "EcoscoreLabel": "D",
    "RecentQuanityOfStockUnits": "1",
    "LongName": "BUTTERFLY groenteweelde balletjes 950ml",
    "FicCode": "E",
    "EcoscoreValue": "32"
  },
  {
    "productId": "597386",
    "technicalArticleNumber": "4260094",
    "commercialArticleNumber": "2355",
    "name": "Veggie Sea Salad",
    "description": "*Visvrije\nvegetarische salade\n*Veggie",
    "brand": "BONMUSH",
    "seoBrand": "BonMush",
    "thumbNail": "https://static.colruytgroup.com/images/200x200/std.lang.all/24/79/asset-3342479.jpg",
    "fullImage": "https://static.colruytgroup.com/images/500x500/std.lang.all/24/79/asset-3342479.jpg",
    "squareImage": "https://static.colruytgroup.com/images/500x500sq/std.lang.all/24/79/asset-3342479.jpg",
    "content": "135g",
    "walkRouteSequenceNumber": 7498,
    "price": {
      "basicPrice": 2.99,
      "recommendedQuantity": "1.0",
      "measurementUnitPrice": 22.15,
      "measurementUnit": "K",
      "isRedPrice": false,
      "pricePerUOM": 22.15,
      "activationDate": "13-03-2024",
      "isPromoActive": "Y",
      "priceChangeCode": "E"
    },
    "isAvailable": true,
    "isPriceAvailable": true,
    "inPromo": true,
    "promotion": [
      {
        "techPromoId": "100870COLR",
        "promotionId": "100870",
        "promotionType": "3",
        "isPersonalized": "N",
        "publicationStartDate": "13-03-2024",
        "publicationEndDate": "26-03-2024"
      }
    ],
    "gtin": [
      "05413345008504",
      "05413345008535"
    ],
    "topCategoryName": "Bereidingen/Charcuterie/Vis/Veggie",
    "topCategoryId": "105",
    "businessDomain": "RETAIL_BE",
    "IsPrivateLabel": false,
    "IsBiffe": false,
    "WeightconversionFactor": "0",
    "IsWeightArticle": false,
    "nutriscoreLabel": "D",
    "IsBio": false,
    "CountryOfOrigin": "BELGIË",
    "IsExclusivelySoldInLuxembourg": false,
    "OrderUnit": "P",
    "ShortName": "BONM VEGGIE SEA SAL135G",
    "IsNew": false,
    "EcoscoreLabel": "A",
    "RecentQuanityOfStockUnits": "1",
    "LongName": "BONMUSH Veggie Sea Salad 135g",
    "FicCode": "E",
    "EcoscoreValue": "89"
  },
  {
    "productId": "779453",
    "technicalArticleNumber": "4573643",
    "commercialArticleNumber": "28635",
    "name": "tonijn salade mexicaans MSC",
    "description": "*Salade van rode bonen,\n*tonijn, groenten\n*en maïs",
    "brand": "BONI",
    "seoBrand": "Boni Selection",
    "thumbNail": "https://static.colruytgroup.com/images/200x200/std.lang.all/02/69/asset-2930269.jpg",
    "fullImage": "https://static.colruytgroup.com/images/500x500/std.lang.all/02/69/asset-2930269.jpg",
    "squareImage": "https://static.colruytgroup.com/images/500x500sq/std.lang.all/02/69/asset-2930269.jpg",
    "content": "250g",
    "walkRouteSequenceNumber": 17607,
    "price": {
      "basicPrice": 1.77,
      "recommendedQuantity": "1.0",
      "measurementUnitPrice": 7.08,
      "measurementUnit": "K",
      "isRedPrice": false,
      "pricePerUOM": 7.08,
      "activationDate": "19-01-2024",
      "recordSource": "Offline",
      "isPromoActive": "N",
      "priceChangeCode": "L"
    },
    "isAvailable": true,
    "isPriceAvailable": true,
    "inPromo": false,
    "gtin": [
      "15400141893059",
      "05400141893052"
    ],
    "topCategoryName": "Bereidingen/Charcuterie/Vis/Veggie",
    "topCategoryId": "105",
    "businessDomain": "RETAIL_BE",
    "IsPrivateLabel": true,
    "IsBiffe": false,
    "WeightconversionFactor": "0",
    "IsWeightArticle": false,
    "nutriscoreLabel": "A",
    "IsBio": false,
    "CountryOfOrigin": "FRANKRIJK",
    "IsExclusivelySoldInLuxembourg": false,
    "OrderUnit": "P",
    "ShortName": "BONI TON.SAL.MEX.MSC250",
    "IsNew": false,
    "EcoscoreLabel": "C",
    "RecentQuanityOfStockUnits": "1",
    "LongName": "BONI tonijn salade mexicaans MSC 250g",
    "FicCode": "I",
    "EcoscoreValue": "53"
  },
  {
    "productId": "127648",
    "technicalArticleNumber": "3209946",
    "commercialArticleNumber": "15544",
    "name": "kabeljauw royal graatloos MSC",
    "description": "*Wild, noord-\noostelijk deel van\nAtlantische oceaan\n*met label MSC",
    "brand": "BONI",
    "seoBrand": "Boni Selection",
    "thumbNail": "https://static.colruytgroup.com/images/200x200/std.lang.all/99/49/asset-3269949.jpg",
    "fullImage": "https://static.colruytgroup.com/images/500x500/std.lang.all/99/49/asset-3269949.jpg",
    "squareImage": "https://static.colruytgroup.com/images/500x500sq/std.lang.all/99/49/asset-3269949.jpg",
    "content": "±600g",
    "walkRouteSequenceNumber": 7434,
    "price": {
      "basicPrice": 26.36,
      "recommendedQuantity": "1.0",
      "unit": "K",
      "measurementUnitPrice": 26.36,
      "measurementUnit": "K",
      "isRedPrice": false,
      "pricePerUOM": 26.36,
      "activationDate": "13-03-2024",
      "recordSource": "Folder",
      "isPromoActive": "N",
      "priceChangeCode": "L"
    },
    "isAvailable": true,
    "isPriceAvailable": true,
    "inPromo": false,
    "gtin": [
      "05400141036909",
      "95400141294074",
      "95400141036902"
    ],
    "topCategoryName": "Bereidingen/Charcuterie/Vis/Veggie",
    "topCategoryId": "105",
    "businessDomain": "RETAIL_BE",
    "IsPrivateLabel": true,
    "IsBiffe": false,
    "WeightconversionFactor": "600",
    "IsWeightArticle": true,
    "nutriscoreLabel": "A",
    "IsBio": false,
    "CountryOfOrigin": "BELGIË",
    "IsExclusivelySoldInLuxembourg": false,
    "OrderUnit": "P",
    "ShortName": "BONI KABHAAS ROYAL600GW",
    "IsNew": false,
    "EcoscoreLabel": "D",
    "RecentQuanityOfStockUnits": "1",
    "LongName": "BONI kabeljauw royal graatloos MSC ±600g",
    "AlcoholVolume": "0",
    "FicCode": "I",
    "EcoscoreValue": "31"
  },
  {
    "productId": "776981",
    "technicalArticleNumber": "4569141",
    "commercialArticleNumber": "14753",
    "name": "plantaardige kipstukjes",
    "description": "*Voorgegaarde\nplantaardige\nkipstukjes op basis\nvan soja- en tarwe\n-eiwit.",
    "brand": "BONI",
    "seoBrand": "Boni Selection",
    "thumbNail": "https://static.colruytgroup.com/images/200x200/std.lang.all/26/68/asset-2982668.jpg",
    "fullImage": "https://static.colruytgroup.com/images/500x500/std.lang.all/26/68/asset-2982668.jpg",
    "squareImage": "https://static.colruytgroup.com/images/500x500sq/std.lang.all/26/68/asset-2982668.jpg",
    "content": "180g",
    "walkRouteSequenceNumber": 7620,
    "price": {
      "basicPrice": 2.85,
      "recommendedQuantity": "1.0",
      "measurementUnitPrice": 15.84,
      "measurementUnit": "K",
      "isRedPrice": false,
      "pricePerUOM": 15.84,
      "activationDate": "13-03-2024",
      "isPromoActive": "Y",
      "priceChangeCode": "E"
    },
    "isAvailable": true,
    "isPriceAvailable": true,
    "inPromo": true,
    "promotion": [
      {
        "techPromoId": "100899COLR",
        "promotionId": "100899",
        "promotionType": "3",
        "isPersonalized": "N",
        "publicationStartDate": "13-03-2024",
        "publicationEndDate": "26-03-2024"
      }
    ],
    "gtin": [
      "05400141461268",
      "15400141461265"
    ],
    "topCategoryName": "Bereidingen/Charcuterie/Vis/Veggie",
    "topCategoryId": "105",
    "businessDomain": "RETAIL_BE",
    "IsPrivateLabel": true,
    "IsBiffe": false,
    "WeightconversionFactor": "0",
    "IsWeightArticle": false,
    "nutriscoreLabel": "B",
    "IsBio": false,
    "CountryOfOrigin": "NEDERLAND",
    "IsExclusivelySoldInLuxembourg": false,
    "OrderUnit": "P",
    "ShortName": "BONI PLANTA.KIPSTUK180G",
    "IsNew": false,
    "EcoscoreLabel": "B",
    "RecentQuanityOfStockUnits": "1,6",
    "LongName": "BONI plantaardige kipstukjes 180g",
    "FicCode": "I",
    "EcoscoreValue": "77"
  },
  {
    "productId": "619136",
    "technicalArticleNumber": "4297147",
    "commercialArticleNumber": "22147",
    "name": "Vegetarische Kaasschnitzel",
    "brand": "VIVERA",
    "seoBrand": "Vivera",
    "thumbNail": "https://static.colruytgroup.com/images/200x200/std.lang.all/37/34/asset-3353734.jpg",
    "fullImage": "https://static.colruytgroup.com/images/500x500/std.lang.all/37/34/asset-3353734.jpg",
    "squareImage": "https://static.colruytgroup.com/images/500x500sq/std.lang.all/37/34/asset-3353734.jpg",
    "content": "150g",
    "walkRouteSequenceNumber": 7588,
    "price": {
      "basicPrice": 3.09,
      "recommendedQuantity": "1.0",
      "measurementUnitPrice": 20.6,
      "measurementUnit": "K",
      "isRedPrice": false,
      "pricePerUOM": 20.6,
      "activationDate": "12-03-2024",
      "recordSource": "Offline",
      "isPromoActive": "N",
      "priceChangeCode": "E"
    },
    "isAvailable": true,
    "isPriceAvailable": true,
    "inPromo": true,
    "promotion": [
      {
        "techPromoId": "100873COLR",
        "promotionId": "100873",
        "promotionType": "4",
        "isPersonalized": "N",
        "publicationStartDate": "13-03-2024",
        "publicationEndDate": "26-03-2024"
      }
    ],
    "gtin": [
      "08718300878510",
      "08718300579011"
    ],
    "topCategoryName": "Bereidingen/Charcuterie/Vis/Veggie",
    "topCategoryId": "105",
    "businessDomain": "RETAIL_BE",
    "IsPrivateLabel": false,
    "IsBiffe": false,
    "WeightconversionFactor": "0",
    "IsWeightArticle": false,
    "IsBio": false,
    "CountryOfOrigin": "NEDERLAND",
    "IsExclusivelySoldInLuxembourg": false,
    "OrderUnit": "P",
    "ShortName": "VIVE VEG.KAASSCHNIT150G",
    "IsNew": false,
    "RecentQuanityOfStockUnits": "1,6",
    "LongName": "VIVERA Vegetarische Kaasschnitzel 150g",
    "FicCode": "E"
  },
  {
    "productId": "688557",
    "technicalArticleNumber": "4413767",
    "commercialArticleNumber": "27201",
    "name": "salame strolghino",
    "brand": "BONI",
    "seoBrand": "Boni Selection",
    "thumbNail": "https://static.colruytgroup.com/images/200x200/std.lang.all/38/63/asset-3343863.jpg",
    "fullImage": "https://static.colruytgroup.com/images/500x500/std.lang.all/38/63/asset-3343863.jpg",
    "squareImage": "https://static.colruytgroup.com/images/500x500sq/std.lang.all/38/63/asset-3343863.jpg",
    "content": "50g",
    "walkRouteSequenceNumber": 6699,
    "price": {
      "basicPrice": 2.79,
      "recommendedQuantity": "1.0",
      "measurementUnitPrice": 55.8,
      "measurementUnit": "K",
      "isRedPrice": false,
      "pricePerUOM": 55.8,
      "activationDate": "17-11-2023",
      "isPromoActive": "N",
      "priceChangeCode": "E"
    },
    "isAvailable": true,
    "isPriceAvailable": true,
    "inPromo": false,
    "gtin": [
      "15400141905202",
      "05400141905205"
    ],
    "topCategoryName": "Bereidingen/Charcuterie/Vis/Veggie",
    "topCategoryId": "105",
    "businessDomain": "RETAIL_BE",
    "IsPrivateLabel": true,
    "IsBiffe": false,
    "WeightconversionFactor": "0",
    "IsWeightArticle": false,
    "nutriscoreLabel": "E",
    "IsBio": false,
    "CountryOfOrigin": "BELGIË",
    "IsExclusivelySoldInLuxembourg": false,
    "OrderUnit": "P",
    "ShortName": "BONI SALAME STROLGHI50G",
    "IsNew": false,
    "EcoscoreLabel": "E",
    "RecentQuanityOfStockUnits": "1",
    "LongName": "BONI salame strolghino 50g",
    "AlcoholVolume": "0",
    "FicCode": "I",
    "EcoscoreValue": "16"
  },
  {
    "productId": "881684",
    "technicalArticleNumber": "4739140",
    "commercialArticleNumber": "2438",
    "name": "Cornby Gevogelte Kookworst",
    "thumbNail": "https://static.colruytgroup.com/images/200x200/std.lang.all/09/89/asset-3270989.jpg",
    "fullImage": "https://static.colruytgroup.com/images/500x500/std.lang.all/09/89/asset-3270989.jpg",
    "squareImage": "https://static.colruytgroup.com/images/500x500sq/std.lang.all/09/89/asset-3270989.jpg",
    "content": "400g",
    "walkRouteSequenceNumber": 7827,
    "price": {
      "basicPrice": 2.95,
      "recommendedQuantity": "1.0",
      "measurementUnitPrice": 7.38,
      "measurementUnit": "K",
      "isRedPrice": false,
      "pricePerUOM": 7.38,
      "activationDate": "19-01-2024",
      "recordSource": "Offline",
      "isPromoActive": "N",
      "priceChangeCode": "H"
    },
    "isAvailable": true,
    "isPriceAvailable": true,
    "inPromo": false,
    "gtin": [
      "05411761390852"
    ],
    "topCategoryName": "Bereidingen/Charcuterie/Vis/Veggie",
    "topCategoryId": "105",
    "businessDomain": "RETAIL_BE",
    "IsPrivateLabel": false,
    "IsBiffe": false,
    "WeightconversionFactor": "0",
    "IsWeightArticle": false,
    "nutriscoreLabel": "D",
    "IsBio": false,
    "CountryOfOrigin": "BELGIË",
    "IsExclusivelySoldInLuxembourg": false,
    "OrderUnit": "P",
    "ShortName": "CORNBY GEVOG.WORST 400G",
    "IsNew": false,
    "EcoscoreLabel": "E",
    "RecentQuanityOfStockUnits": "1",
    "LongName": "Cornby Gevogelte Kookworst 400g",
    "AlcoholVolume": "0",
    "FicCode": "I",
    "EcoscoreValue": "0"
  },
  {
    "productId": "840103",
    "technicalArticleNumber": "4683954",
    "commercialArticleNumber": "9731",
    "name": "Tempehblokjes ketjap",
    "description": "*Veggie\n*Blokjes tempeh\n*Ketjap saus",
    "brand": "BONI",
    "seoBrand": "Boni Selection",
    "thumbNail": "https://static.colruytgroup.com/images/200x200/std.lang.all/83/75/asset-3148375.jpg",
    "fullImage": "https://static.colruytgroup.com/images/500x500/std.lang.all/83/75/asset-3148375.jpg",
    "squareImage": "https://static.colruytgroup.com/images/500x500sq/std.lang.all/83/75/asset-3148375.jpg",
    "content": "180g",
    "walkRouteSequenceNumber": 7612,
    "price": {
      "basicPrice": 2.85,
      "recommendedQuantity": "1.0",
      "measurementUnitPrice": 15.84,
      "measurementUnit": "K",
      "isRedPrice": false,
      "pricePerUOM": 15.84,
      "activationDate": "22-03-2023",
      "isPromoActive": "N",
      "priceChangeCode": "H"
    },
    "isAvailable": true,
    "isPriceAvailable": true,
    "inPromo": true,
    "promotion": [
      {
        "techPromoId": "100899COLR",
        "promotionId": "100899",
        "promotionType": "3",
        "isPersonalized": "N",
        "publicationStartDate": "13-03-2024",
        "publicationEndDate": "26-03-2024"
      }
    ],
    "gtin": [
      "15400141637417",
      "05400141637410"
    ],
    "topCategoryName": "Bereidingen/Charcuterie/Vis/Veggie",
    "topCategoryId": "105",
    "businessDomain": "RETAIL_BE",
    "IsPrivateLabel": true,
    "IsBiffe": false,
    "WeightconversionFactor": "0",
    "IsWeightArticle": false,
    "nutriscoreLabel": "C",
    "IsBio": false,
    "CountryOfOrigin": "NEDERLAND",
    "IsExclusivelySoldInLuxembourg": false,
    "OrderUnit": "P",
    "ShortName": "BONI TEMPEHBL KETJ 180G",
    "IsNew": false,
    "EcoscoreLabel": "B",
    "RecentQuanityOfStockUnits": "1",
    "LongName": "BONI Tempehblokjes ketjap 180g",
    "FicCode": "I",
    "EcoscoreValue": "75"
  },
  {
    "productId": "325386",
    "technicalArticleNumber": "3776159",
    "commercialArticleNumber": "20215",
    "name": "schar meunière MSC",
    "description": "*Wildvangst in de\nNoordoostelijke\nStille Oceaan\n*met label MSC",
    "brand": "BONI",
    "seoBrand": "Boni Selection",
    "thumbNail": "https://static.colruytgroup.com/images/200x200/std.lang.all/99/33/asset-3239933.jpg",
    "fullImage": "https://static.colruytgroup.com/images/500x500/std.lang.all/99/33/asset-3239933.jpg",
    "squareImage": "https://static.colruytgroup.com/images/500x500sq/std.lang.all/99/33/asset-3239933.jpg",
    "content": "±300g",
    "walkRouteSequenceNumber": 7425,
    "price": {
      "basicPrice": 18.99,
      "recommendedQuantity": "0.1",
      "unit": "K",
      "measurementUnitPrice": 18.99,
      "measurementUnit": "K",
      "isRedPrice": false,
      "pricePerUOM": 18.99,
      "activationDate": "17-01-2024",
      "recordSource": "Offline",
      "isPromoActive": "N",
      "priceChangeCode": "H"
    },
    "isAvailable": true,
    "isPriceAvailable": true,
    "inPromo": false,
    "gtin": [
      "95400141413932",
      "05400141209686"
    ],
    "topCategoryName": "Bereidingen/Charcuterie/Vis/Veggie",
    "topCategoryId": "105",
    "businessDomain": "RETAIL_BE",
    "IsPrivateLabel": true,
    "IsBiffe": false,
    "WeightconversionFactor": "300",
    "IsWeightArticle": true,
    "nutriscoreLabel": "B",
    "IsBio": false,
    "CountryOfOrigin": "NEDERLAND",
    "IsExclusivelySoldInLuxembourg": false,
    "OrderUnit": "P",
    "ShortName": "BONI SCHAR MEUN.300GW",
    "IsNew": false,
    "EcoscoreLabel": "E",
    "RecentQuanityOfStockUnits": "1",
    "LongName": "BONI schar meunière MSC ±300g",
    "AlcoholVolume": "0",
    "FicCode": "I",
    "EcoscoreValue": "4"
  },
  {
    "productId": "788657",
    "technicalArticleNumber": "4592769",
    "commercialArticleNumber": "28994",
    "name": "kipfilet",
    "description": "*Gebakken\nkippenvlees",
    "brand": "AOSTE PLUS",
    "seoBrand": "Aoste Plus",
    "thumbNail": "https://static.colruytgroup.com/images/200x200/std.lang.all/93/33/asset-3209333.jpg",
    "fullImage": "https://static.colruytgroup.com/images/500x500/std.lang.all/93/33/asset-3209333.jpg",
    "squareImage": "https://static.colruytgroup.com/images/500x500sq/std.lang.all/93/33/asset-3209333.jpg",
    "content": "120g",
    "walkRouteSequenceNumber": 7893,
    "price": {
      "basicPrice": 4.35,
      "recommendedQuantity": "1.0",
      "quantityPrice": 2.17,
      "quantityPriceQuantity": "2.0",
      "measurementUnitPrice": 36.25,
      "measurementUnitQuantityPrice": 18.09,
      "measurementUnit": "K",
      "isRedPrice": false,
      "pricePerUOM": 36.25,
      "activationDate": "21-03-2024",
      "recordSource": "Offline",
      "isPromoActive": "N",
      "priceChangeCode": "E",
      "quantityPricePerUOM": 18.09,
      "quantityActivationDate": "21-03-2024",
      "quantityPriceChangeCode": "L"
    },
    "isAvailable": true,
    "isPriceAvailable": true,
    "inPromo": false,
    "gtin": [
      "05411761363177",
      "05411319500634"
    ],
    "topCategoryName": "Bereidingen/Charcuterie/Vis/Veggie",
    "topCategoryId": "105",
    "businessDomain": "RETAIL_BE",
    "IsPrivateLabel": false,
    "IsBiffe": false,
    "WeightconversionFactor": "0",
    "IsWeightArticle": false,
    "nutriscoreLabel": "A",
    "IsBio": false,
    "CountryOfOrigin": "BELGIË",
    "IsExclusivelySoldInLuxembourg": false,
    "OrderUnit": "P",
    "ShortName": "AOPL KIPFILET 120G",
    "IsNew": false,
    "EcoscoreLabel": "D",
    "RecentQuanityOfStockUnits": "1",
    "LongName": "AOSTE PLUS kipfilet 120g",
    "FicCode": "E",
    "EcoscoreValue": "21"
  },
  {
    "productId": "19028",
    "technicalArticleNumber": "1773181",
    "commercialArticleNumber": "33841",
    "name": "lasagne verde",
    "description": "*Met 13,5 %\nvarkensvlees\n*In de oven",
    "brand": "COME A CASA",
    "seoBrand": "Come A Casa",
    "thumbNail": "https://static.colruytgroup.com/images/200x200/std.lang.all/19/81/asset-2071981.jpg",
    "fullImage": "https://static.colruytgroup.com/images/500x500/std.lang.all/19/81/asset-2071981.jpg",
    "squareImage": "https://static.colruytgroup.com/images/500x500sq/std.lang.all/19/81/asset-2071981.jpg",
    "content": "400g",
    "walkRouteSequenceNumber": 6612,
    "price": {
      "basicPrice": 4.69,
      "recommendedQuantity": "1.0",
      "measurementUnitPrice": 11.73,
      "measurementUnit": "K",
      "isRedPrice": false,
      "pricePerUOM": 11.73,
      "activationDate": "15-02-2024",
      "recordSource": "Offline",
      "isPromoActive": "N",
      "priceChangeCode": "E"
    },
    "isAvailable": true,
    "isPriceAvailable": true,
    "inPromo": false,
    "gtin": [
      "15413848290021",
      "45413848004209",
      "05413848004201"
    ],
    "topCategoryName": "Bereidingen/Charcuterie/Vis/Veggie",
    "topCategoryId": "105",
    "businessDomain": "RETAIL_BE",
    "IsPrivateLabel": false,
    "IsBiffe": false,
    "WeightconversionFactor": "0",
    "IsWeightArticle": false,
    "nutriscoreLabel": "C",
    "IsBio": false,
    "CountryOfOrigin": "BELGIË",
    "IsExclusivelySoldInLuxembourg": false,
    "OrderUnit": "P",
    "ShortName": "CAC LASAGNE VERDE400",
    "IsNew": false,
    "EcoscoreLabel": "C",
    "RecentQuanityOfStockUnits": "1",
    "LongName": "COME A CASA lasagne verde 400g",
    "AlcoholVolume": "0",
    "FicCode": "E",
    "EcoscoreValue": "42"
  },
  {
    "productId": "20523",
    "technicalArticleNumber": "1913558",
    "commercialArticleNumber": "27626",
    "name": "worst gekookt",
    "description": "*België",
    "brand": "CHATAR",
    "seoBrand": "Chatar",
    "thumbNail": "https://static.colruytgroup.com/images/200x200/std.lang.all/63/67/asset-396367.jpg",
    "fullImage": "https://static.colruytgroup.com/images/500x500/std.lang.all/63/67/asset-396367.jpg",
    "squareImage": "https://static.colruytgroup.com/images/500x500sq/std.lang.all/63/67/asset-396367.jpg",
    "content": "3x250g",
    "walkRouteSequenceNumber": 7860,
    "price": {
      "basicPrice": 4.79,
      "recommendedQuantity": "1.0",
      "measurementUnitPrice": 6.39,
      "measurementUnit": "K",
      "isRedPrice": false,
      "pricePerUOM": 6.39,
      "activationDate": "26-01-2024",
      "isPromoActive": "N",
      "priceChangeCode": "L"
    },
    "isAvailable": true,
    "isPriceAvailable": true,
    "inPromo": false,
    "gtin": [
      "05411123903140",
      "05412586020559"
    ],
    "topCategoryName": "Bereidingen/Charcuterie/Vis/Veggie",
    "topCategoryId": "105",
    "businessDomain": "RETAIL_BE",
    "IsPrivateLabel": false,
    "IsBiffe": false,
    "WeightconversionFactor": "0",
    "IsWeightArticle": false,
    "IsBio": false,
    "CountryOfOrigin": "BELGIË",
    "IsExclusivelySoldInLuxembourg": false,
    "OrderUnit": "P",
    "ShortName": "HALAL CHAT GEVOG.3X250G",
    "IsNew": false,
    "EcoscoreLabel": "E",
    "RecentQuanityOfStockUnits": "1",
    "LongName": "CHATAR worst gekookt 3x250g",
    "AlcoholVolume": "0",
    "FicCode": "E",
    "EcoscoreValue": "0"
  },
  {
    "productId": "582997",
    "technicalArticleNumber": "4236526",
    "commercialArticleNumber": "18635",
    "name": "bâton de berger",
    "description": "*Frankrijk\n*Droge worst\n*Met natuurlijke\nkruiden",
    "brand": "JUSTIN BRIDOU",
    "seoBrand": "Justin Bridou Le Bâton de Berger",
    "thumbNail": "https://static.colruytgroup.com/images/200x200/std.lang.all/87/99/asset-3208799.jpg",
    "fullImage": "https://static.colruytgroup.com/images/500x500/std.lang.all/87/99/asset-3208799.jpg",
    "squareImage": "https://static.colruytgroup.com/images/500x500sq/std.lang.all/87/99/asset-3208799.jpg",
    "content": "250g",
    "walkRouteSequenceNumber": 7782,
    "price": {
      "basicPrice": 6.49,
      "recommendedQuantity": "1.0",
      "quantityPrice": 3.24,
      "quantityPriceQuantity": "2.0",
      "measurementUnitPrice": 25.96,
      "measurementUnitQuantityPrice": 12.96,
      "measurementUnit": "K",
      "isRedPrice": false,
      "pricePerUOM": 25.96,
      "activationDate": "22-03-2024",
      "recordSource": "Offline",
      "isPromoActive": "N",
      "priceChangeCode": "E",
      "quantityPricePerUOM": 12.96,
      "quantityActivationDate": "22-03-2024",
      "quantityPriceChangeCode": "L"
    },
    "isAvailable": true,
    "isPriceAvailable": true,
    "inPromo": false,
    "gtin": [
      "03449862080213",
      "03449865293139"
    ],
    "topCategoryName": "Bereidingen/Charcuterie/Vis/Veggie",
    "topCategoryId": "105",
    "businessDomain": "RETAIL_BE",
    "IsPrivateLabel": false,
    "IsBiffe": false,
    "WeightconversionFactor": "0",
    "IsWeightArticle": false,
    "nutriscoreLabel": "E",
    "IsBio": false,
    "CountryOfOrigin": "FRANKRIJK",
    "IsExclusivelySoldInLuxembourg": false,
    "OrderUnit": "P",
    "ShortName": "JB BATON BERGER 250G",
    "IsNew": false,
    "EcoscoreLabel": "D",
    "RecentQuanityOfStockUnits": "1",
    "LongName": "JUSTIN BRIDOU bâton de berger 250g",
    "FicCode": "E",
    "EcoscoreValue": "34"
  },
  {
    "productId": "2169",
    "technicalArticleNumber": "27077",
    "commercialArticleNumber": "27077",
    "name": "rolmops mayonaise MSC",
    "description": "*Wild, noord-\noostelijk deel van\nAtlantische oceaan\n*met label MSC",
    "brand": "BONI",
    "seoBrand": "Boni Selection",
    "thumbNail": "https://static.colruytgroup.com/images/200x200/std.lang.all/05/65/asset-3240565.jpg",
    "fullImage": "https://static.colruytgroup.com/images/500x500/std.lang.all/05/65/asset-3240565.jpg",
    "squareImage": "https://static.colruytgroup.com/images/500x500sq/std.lang.all/05/65/asset-3240565.jpg",
    "content": "350g",
    "walkRouteSequenceNumber": 7418,
    "price": {
      "basicPrice": 4.75,
      "recommendedQuantity": "1.0",
      "measurementUnitPrice": 13.58,
      "measurementUnit": "K",
      "isRedPrice": false,
      "pricePerUOM": 13.58,
      "activationDate": "05-03-2024",
      "recordSource": "Online",
      "isPromoActive": "N",
      "priceChangeCode": "L"
    },
    "isAvailable": true,
    "isPriceAvailable": true,
    "inPromo": false,
    "gtin": [
      "05400141761740",
      "15400141761747",
      "05400141070743",
      "05400141098716",
      "05400141270778",
      "05400141285390",
      "05400141378511",
      "05400141413656",
      "05400141970777",
      "15400141285397",
      "15400141413653"
    ],
    "topCategoryName": "Bereidingen/Charcuterie/Vis/Veggie",
    "topCategoryId": "105",
    "businessDomain": "RETAIL_BE",
    "IsPrivateLabel": true,
    "IsBiffe": false,
    "WeightconversionFactor": "0",
    "IsWeightArticle": false,
    "nutriscoreLabel": "D",
    "IsBio": false,
    "CountryOfOrigin": "BELGIË",
    "IsExclusivelySoldInLuxembourg": false,
    "OrderUnit": "P",
    "ShortName": "BONI ROLMOPS MAYO.350G",
    "InSeason": true,
    "IsNew": false,
    "EcoscoreLabel": "B",
    "RecentQuanityOfStockUnits": "1",
    "LongName": "BONI rolmops mayonaise MSC 350g",
    "AlcoholVolume": "0",
    "StartSeasonDate": "05/10/2001",
    "FicCode": "I",
    "EcoscoreValue": "79"
  },
  {
    "productId": "457918",
    "technicalArticleNumber": "3952076",
    "commercialArticleNumber": "1893",
    "name": "kipballetjes Halal",
    "description": "*Duitsland",
    "brand": "MARHABA",
    "seoBrand": "Marhaba",
    "thumbNail": "https://static.colruytgroup.com/images/200x200/std.lang.all/33/94/asset-1793394.jpg",
    "fullImage": "https://static.colruytgroup.com/images/500x500/std.lang.all/33/94/asset-1793394.jpg",
    "squareImage": "https://static.colruytgroup.com/images/500x500sq/std.lang.all/33/94/asset-1793394.jpg",
    "content": "250g",
    "walkRouteSequenceNumber": 7850,
    "price": {
      "basicPrice": 3.99,
      "recommendedQuantity": "1.0",
      "measurementUnitPrice": 15.96,
      "measurementUnit": "K",
      "isRedPrice": false,
      "pricePerUOM": 15.96,
      "activationDate": "25-01-2024",
      "isPromoActive": "N",
      "priceChangeCode": "H"
    },
    "isAvailable": true,
    "isPriceAvailable": true,
    "inPromo": false,
    "gtin": [
      "08717545694077",
      "08717545694060"
    ],
    "topCategoryName": "Bereidingen/Charcuterie/Vis/Veggie",
    "topCategoryId": "105",
    "businessDomain": "RETAIL_BE",
    "IsPrivateLabel": false,
    "IsBiffe": false,
    "WeightconversionFactor": "0",
    "IsWeightArticle": false,
    "nutriscoreLabel": "D",
    "IsBio": false,
    "CountryOfOrigin": "BELGIË",
    "IsExclusivelySoldInLuxembourg": false,
    "OrderUnit": "P",
    "ShortName": "MARH KIPBALLETJES 250G",
    "IsNew": false,
    "EcoscoreLabel": "C",
    "RecentQuanityOfStockUnits": "1",
    "LongName": "MARHABA kipballetjes Halal 250g",
    "AlcoholVolume": "0",
    "FicCode": "E",
    "EcoscoreValue": "42"
  },
  {
    "productId": "776076",
    "technicalArticleNumber": "4567377",
    "commercialArticleNumber": "7208",
    "name": "KNACKI kip 6st",
    "brand": "HERTA",
    "seoBrand": "Herta Knacki",
    "thumbNail": "https://static.colruytgroup.com/images/200x200/std.lang.all/56/00/asset-2935600.jpg",
    "fullImage": "https://static.colruytgroup.com/images/500x500/std.lang.all/56/00/asset-2935600.jpg",
    "squareImage": "https://static.colruytgroup.com/images/500x500sq/std.lang.all/56/00/asset-2935600.jpg",
    "content": "210g",
    "walkRouteSequenceNumber": 7715,
    "price": {
      "basicPrice": 3.15,
      "recommendedQuantity": "1.0",
      "measurementUnitPrice": 15,
      "measurementUnit": "K",
      "isRedPrice": false,
      "pricePerUOM": 15,
      "activationDate": "14-03-2024",
      "recordSource": "Offline",
      "isPromoActive": "N",
      "priceChangeCode": "E"
    },
    "isAvailable": true,
    "isPriceAvailable": true,
    "inPromo": true,
    "promotion": [
      {
        "techPromoId": "100936COLR",
        "promotionId": "100936",
        "promotionType": "3",
        "isPersonalized": "N",
        "publicationStartDate": "13-03-2024",
        "publicationEndDate": "26-03-2024"
      }
    ],
    "gtin": [
      "07613036942898",
      "03154230034339"
    ],
    "topCategoryName": "Bereidingen/Charcuterie/Vis/Veggie",
    "topCategoryId": "105",
    "businessDomain": "RETAIL_BE",
    "IsPrivateLabel": false,
    "IsBiffe": false,
    "WeightconversionFactor": "0",
    "IsWeightArticle": false,
    "nutriscoreLabel": "D",
    "IsBio": false,
    "CountryOfOrigin": "FRANKRIJK",
    "IsExclusivelySoldInLuxembourg": false,
    "OrderUnit": "P",
    "ShortName": "HERT KNACKI KIP 6ST",
    "IsNew": false,
    "RecentQuanityOfStockUnits": "1",
    "LongName": "HERTA KNACKI kip 6st 210g",
    "AlcoholVolume": "0",
    "FicCode": "E"
  },
  {
    "productId": "640182",
    "technicalArticleNumber": "4332663",
    "commercialArticleNumber": "13043",
    "name": "kruimeldeeg",
    "brand": "HERTA",
    "seoBrand": "Herta",
    "thumbNail": "https://static.colruytgroup.com/images/200x200/nl_be/80/51/asset-2368051.jpg",
    "fullImage": "https://static.colruytgroup.com/images/500x500/nl_be/80/51/asset-2368051.jpg",
    "squareImage": "https://static.colruytgroup.com/images/500x500sq/nl_be/80/51/asset-2368051.jpg",
    "content": "230g",
    "walkRouteSequenceNumber": 6049,
    "price": {
      "basicPrice": 1.99,
      "recommendedQuantity": "1.0",
      "measurementUnitPrice": 8.66,
      "measurementUnit": "K",
      "isRedPrice": false,
      "pricePerUOM": 8.66,
      "activationDate": "14-03-2024",
      "recordSource": "Offline",
      "isPromoActive": "N",
      "priceChangeCode": "E"
    },
    "isAvailable": true,
    "isPriceAvailable": true,
    "inPromo": true,
    "promotion": [
      {
        "techPromoId": "100936COLR",
        "promotionId": "100936",
        "promotionType": "3",
        "isPersonalized": "N",
        "publicationStartDate": "13-03-2024",
        "publicationEndDate": "26-03-2024"
      }
    ],
    "gtin": [
      "03154230600510",
      "03154230600527",
      "03023296773936",
      "05410573002267"
    ],
    "topCategoryName": "Bereidingen/Charcuterie/Vis/Veggie",
    "topCategoryId": "105",
    "businessDomain": "RETAIL_BE",
    "IsPrivateLabel": false,
    "IsBiffe": false,
    "WeightconversionFactor": "0",
    "IsWeightArticle": false,
    "nutriscoreLabel": "D",
    "IsBio": false,
    "CountryOfOrigin": "ZWITSERLAND",
    "IsExclusivelySoldInLuxembourg": false,
    "OrderUnit": "P",
    "ShortName": "HERTA KRUIMELDEEG 230G",
    "IsNew": false,
    "RecentQuanityOfStockUnits": "1",
    "LongName": "HERTA kruimeldeeg 230g",
    "FicCode": "E"
  },
  {
    "productId": "86081",
    "technicalArticleNumber": "2931781",
    "commercialArticleNumber": "1337",
    "name": "l'Authentique salami kip",
    "description": "*België\n*100 % kippenvlees",
    "brand": "AOSTE",
    "seoBrand": "Aoste",
    "thumbNail": "https://static.colruytgroup.com/images/200x200/std.lang.all/79/31/asset-3377931.jpg",
    "fullImage": "https://static.colruytgroup.com/images/500x500/std.lang.all/79/31/asset-3377931.jpg",
    "squareImage": "https://static.colruytgroup.com/images/500x500sq/std.lang.all/79/31/asset-3377931.jpg",
    "content": "100g",
    "walkRouteSequenceNumber": 7811,
    "price": {
      "basicPrice": 5.19,
      "recommendedQuantity": "1.0",
      "measurementUnitPrice": 51.9,
      "measurementUnit": "K",
      "isRedPrice": false,
      "pricePerUOM": 51.9,
      "activationDate": "06-03-2024",
      "recordSource": "Offline",
      "isPromoActive": "N",
      "priceChangeCode": "H"
    },
    "isAvailable": true,
    "isPriceAvailable": true,
    "inPromo": false,
    "gtin": [
      "05411319500863",
      "05411328041739",
      "05411328042064"
    ],
    "topCategoryName": "Bereidingen/Charcuterie/Vis/Veggie",
    "topCategoryId": "105",
    "businessDomain": "RETAIL_BE",
    "IsPrivateLabel": false,
    "IsBiffe": false,
    "WeightconversionFactor": "0",
    "IsWeightArticle": false,
    "nutriscoreLabel": "E",
    "IsBio": false,
    "CountryOfOrigin": "BELGIË",
    "IsExclusivelySoldInLuxembourg": false,
    "OrderUnit": "P",
    "ShortName": "AOSTE AUTH.SALAM.KIP100",
    "IsNew": false,
    "EcoscoreLabel": "D",
    "RecentQuanityOfStockUnits": "1",
    "LongName": "AOSTE l'Authentique salami kip 100g",
    "AlcoholVolume": "0",
    "FicCode": "E",
    "EcoscoreValue": "34"
  },
  {
    "productId": "881372",
    "technicalArticleNumber": "4738760",
    "commercialArticleNumber": "1370",
    "name": "linguine nestjes",
    "brand": "BONI",
    "seoBrand": "Boni Selection",
    "thumbNail": "https://static.colruytgroup.com/images/200x200/std.lang.all/03/93/asset-3380393.jpg",
    "fullImage": "https://static.colruytgroup.com/images/500x500/std.lang.all/03/93/asset-3380393.jpg",
    "squareImage": "https://static.colruytgroup.com/images/500x500sq/std.lang.all/03/93/asset-3380393.jpg",
    "content": "500g",
    "walkRouteSequenceNumber": 6656,
    "price": {
      "basicPrice": 2.49,
      "recommendedQuantity": "1.0",
      "measurementUnitPrice": 4.98,
      "measurementUnit": "K",
      "isRedPrice": false,
      "pricePerUOM": 4.98,
      "activationDate": "31-01-2024",
      "isPromoActive": "N",
      "priceChangeCode": "E"
    },
    "isAvailable": true,
    "isPriceAvailable": true,
    "inPromo": false,
    "gtin": [
      "05400141561715"
    ],
    "topCategoryName": "Bereidingen/Charcuterie/Vis/Veggie",
    "topCategoryId": "105",
    "businessDomain": "RETAIL_BE",
    "IsPrivateLabel": true,
    "IsBiffe": false,
    "WeightconversionFactor": "0",
    "IsWeightArticle": false,
    "nutriscoreLabel": "A",
    "IsBio": false,
    "CountryOfOrigin": "ITALIË",
    "IsExclusivelySoldInLuxembourg": false,
    "OrderUnit": "P",
    "ShortName": "BONI LINGUINE NEST.500G",
    "IsNew": false,
    "EcoscoreLabel": "B",
    "RecentQuanityOfStockUnits": "1",
    "LongName": "BONI linguine nestjes 500g",
    "AlcoholVolume": "0",
    "FicCode": "I",
    "EcoscoreValue": "66"
  },
  {
    "productId": "867094",
    "technicalArticleNumber": "4719864",
    "commercialArticleNumber": "1705",
    "name": "kip bearnaise",
    "brand": "CHARLES",
    "seoBrand": "Charles",
    "thumbNail": "https://static.colruytgroup.com/images/200x200/std.lang.all/94/76/asset-3209476.jpg",
    "fullImage": "https://static.colruytgroup.com/images/500x500/std.lang.all/94/76/asset-3209476.jpg",
    "squareImage": "https://static.colruytgroup.com/images/500x500sq/std.lang.all/94/76/asset-3209476.jpg",
    "content": "150g",
    "walkRouteSequenceNumber": 7938,
    "price": {
      "basicPrice": 2.99,
      "recommendedQuantity": "1.0",
      "measurementUnitPrice": 19.94,
      "measurementUnit": "K",
      "isRedPrice": false,
      "pricePerUOM": 19.94,
      "activationDate": "29-02-2024",
      "isPromoActive": "N",
      "priceChangeCode": "L"
    },
    "isAvailable": true,
    "isPriceAvailable": true,
    "inPromo": false,
    "gtin": [
      "05413950158625",
      "15413950158622"
    ],
    "topCategoryName": "Bereidingen/Charcuterie/Vis/Veggie",
    "topCategoryId": "105",
    "businessDomain": "RETAIL_BE",
    "IsPrivateLabel": false,
    "IsBiffe": false,
    "WeightconversionFactor": "0",
    "IsWeightArticle": false,
    "nutriscoreLabel": "E",
    "IsBio": false,
    "CountryOfOrigin": "BELGIË",
    "IsExclusivelySoldInLuxembourg": false,
    "OrderUnit": "P",
    "ShortName": "CHAR KIP BEARNAISE 150G",
    "IsNew": false,
    "EcoscoreLabel": "E",
    "RecentQuanityOfStockUnits": "1",
    "LongName": "CHARLES kip bearnaise 150g",
    "FicCode": "E",
    "EcoscoreValue": "19"
  },
  {
    "productId": "123102",
    "technicalArticleNumber": "3213379",
    "commercialArticleNumber": "14848",
    "name": "chorizo sneetjes",
    "description": "*Spanje\n*Pikant\n*Aperitief",
    "brand": "BONI",
    "seoBrand": "Boni Selection",
    "thumbNail": "https://static.colruytgroup.com/images/200x200/std.lang.all/33/31/asset-3223331.jpg",
    "fullImage": "https://static.colruytgroup.com/images/500x500/std.lang.all/33/31/asset-3223331.jpg",
    "squareImage": "https://static.colruytgroup.com/images/500x500sq/std.lang.all/33/31/asset-3223331.jpg",
    "content": "150g",
    "walkRouteSequenceNumber": 6703,
    "price": {
      "basicPrice": 3.49,
      "recommendedQuantity": "1.0",
      "measurementUnitPrice": 23.27,
      "measurementUnit": "K",
      "isRedPrice": false,
      "pricePerUOM": 23.27,
      "activationDate": "02-02-2024",
      "recordSource": "Offline",
      "isPromoActive": "N",
      "priceChangeCode": "E"
    },
    "isAvailable": true,
    "isPriceAvailable": true,
    "inPromo": false,
    "gtin": [
      "05400141188066",
      "15400141918950",
      "05400141370812",
      "05425007096552",
      "05400141793208"
    ],
    "topCategoryName": "Bereidingen/Charcuterie/Vis/Veggie",
    "topCategoryId": "105",
    "businessDomain": "RETAIL_BE",
    "IsPrivateLabel": true,
    "IsBiffe": false,
    "WeightconversionFactor": "0",
    "IsWeightArticle": false,
    "nutriscoreLabel": "E",
    "IsBio": false,
    "CountryOfOrigin": "SPANJE",
    "IsExclusivelySoldInLuxembourg": false,
    "OrderUnit": "P",
    "ShortName": "BONI CHOR. SN APERO150G",
    "IsNew": false,
    "EcoscoreLabel": "E",
    "RecentQuanityOfStockUnits": "1",
    "LongName": "BONI chorizo sneetjes 150g",
    "AlcoholVolume": "0",
    "FicCode": "I",
    "EcoscoreValue": "14"
  },
  {
    "productId": "861244",
    "technicalArticleNumber": "4712369",
    "commercialArticleNumber": "21654",
    "name": "Bresaola",
    "description": "*droog gezouten\nrundvlees",
    "brand": "BONI",
    "seoBrand": "Boni Selection",
    "thumbNail": "https://static.colruytgroup.com/images/200x200/std.lang.all/29/56/asset-3362956.jpg",
    "fullImage": "https://static.colruytgroup.com/images/500x500/std.lang.all/29/56/asset-3362956.jpg",
    "squareImage": "https://static.colruytgroup.com/images/500x500sq/std.lang.all/29/56/asset-3362956.jpg",
    "content": "70g",
    "walkRouteSequenceNumber": 7828,
    "price": {
      "basicPrice": 4.27,
      "recommendedQuantity": "1.0",
      "quantityPrice": 3.08,
      "quantityPriceQuantity": "2.0",
      "measurementUnitPrice": 61,
      "measurementUnitQuantityPrice": 44,
      "measurementUnit": "K",
      "isRedPrice": false,
      "pricePerUOM": 61,
      "activationDate": "19-03-2024",
      "recordSource": "Offline",
      "isPromoActive": "N",
      "priceChangeCode": "E",
      "quantityPricePerUOM": 44,
      "quantityActivationDate": "19-03-2024",
      "quantityPriceChangeCode": "L"
    },
    "isAvailable": true,
    "isPriceAvailable": true,
    "inPromo": false,
    "gtin": [
      "15400141616214",
      "05400141616217"
    ],
    "topCategoryName": "Bereidingen/Charcuterie/Vis/Veggie",
    "topCategoryId": "105",
    "businessDomain": "RETAIL_BE",
    "IsPrivateLabel": true,
    "IsBiffe": false,
    "WeightconversionFactor": "0",
    "IsWeightArticle": false,
    "nutriscoreLabel": "E",
    "IsBio": false,
    "CountryOfOrigin": "ITALIË",
    "IsExclusivelySoldInLuxembourg": false,
    "OrderUnit": "P",
    "ShortName": "BONI BRESAOLA 70G",
    "IsNew": false,
    "EcoscoreLabel": "E",
    "RecentQuanityOfStockUnits": "1",
    "LongName": "BONI Bresaola 70g",
    "FicCode": "I",
    "EcoscoreValue": "0"
  },
  {
    "productId": "115862",
    "technicalArticleNumber": "3007756",
    "commercialArticleNumber": "14044",
    "name": "Noors gerookt zalmhaasje",
    "description": "*Aquacultuur uit\nNoorwegen\n*Subtiele rooksmaak\n*Traditioneel\ngerookt",
    "brand": "BONI",
    "seoBrand": "Boni Selection",
    "thumbNail": "https://static.colruytgroup.com/images/200x200/std.lang.all/79/74/asset-3197974.jpg",
    "fullImage": "https://static.colruytgroup.com/images/500x500/std.lang.all/79/74/asset-3197974.jpg",
    "squareImage": "https://static.colruytgroup.com/images/500x500sq/std.lang.all/79/74/asset-3197974.jpg",
    "content": "160g",
    "walkRouteSequenceNumber": 7479,
    "price": {
      "basicPrice": 8.99,
      "recommendedQuantity": "2.0",
      "measurementUnitPrice": 56.19,
      "measurementUnit": "K",
      "isRedPrice": false,
      "pricePerUOM": 56.19,
      "activationDate": "17-11-2023",
      "isPromoActive": "N",
      "priceChangeCode": "E"
    },
    "isAvailable": true,
    "isPriceAvailable": true,
    "inPromo": false,
    "gtin": [
      "05400141398311",
      "15400141820833",
      "05400141376852",
      "05400141359671",
      "05400141339925",
      "05400141726213"
    ],
    "topCategoryName": "Bereidingen/Charcuterie/Vis/Veggie",
    "topCategoryId": "105",
    "businessDomain": "RETAIL_BE",
    "IsPrivateLabel": true,
    "IsBiffe": false,
    "WeightconversionFactor": "0",
    "IsWeightArticle": false,
    "nutriscoreLabel": "D",
    "IsBio": false,
    "CountryOfOrigin": "NOORWEGEN",
    "IsExclusivelySoldInLuxembourg": false,
    "OrderUnit": "P",
    "ShortName": "BONI NOORS ZALMHAAS 160",
    "IsNew": false,
    "EcoscoreLabel": "D",
    "RecentQuanityOfStockUnits": "1",
    "LongName": "BONI Noors gerookt zalmhaasje 160g",
    "AlcoholVolume": "0",
    "FicCode": "I",
    "EcoscoreValue": "37"
  },
  {
    "productId": "90393",
    "technicalArticleNumber": "2933913",
    "commercialArticleNumber": "33893",
    "name": "kabeljauwfil.gepan.graatl.MSC",
    "description": "*Wild, noord-\noostelijk deel van\nAtlantische oceaan\n*met label MSC",
    "brand": "BONI",
    "seoBrand": "Boni Selection",
    "thumbNail": "https://static.colruytgroup.com/images/200x200/std.lang.all/77/87/asset-3197787.jpg",
    "fullImage": "https://static.colruytgroup.com/images/500x500/std.lang.all/77/87/asset-3197787.jpg",
    "squareImage": "https://static.colruytgroup.com/images/500x500sq/std.lang.all/77/87/asset-3197787.jpg",
    "content": "±300g",
    "walkRouteSequenceNumber": 7424,
    "price": {
      "basicPrice": 22.49,
      "recommendedQuantity": "1.0",
      "unit": "K",
      "measurementUnitPrice": 22.49,
      "measurementUnit": "K",
      "isRedPrice": false,
      "pricePerUOM": 22.49,
      "activationDate": "23-03-2024",
      "recordSource": "Offline",
      "isPromoActive": "N",
      "priceChangeCode": "L"
    },
    "isAvailable": true,
    "isPriceAvailable": true,
    "inPromo": false,
    "gtin": [
      "95400141208859",
      "05400141091816",
      "05400141142433",
      "05414646022152",
      "95400141006714",
      "05400141340655",
      "05400141965605",
      "05400141378702",
      "95400141142436",
      "95400141965608"
    ],
    "topCategoryName": "Bereidingen/Charcuterie/Vis/Veggie",
    "topCategoryId": "105",
    "businessDomain": "RETAIL_BE",
    "IsPrivateLabel": true,
    "IsBiffe": false,
    "WeightconversionFactor": "300",
    "IsWeightArticle": true,
    "nutriscoreLabel": "A",
    "IsBio": false,
    "CountryOfOrigin": "RUSLAND",
    "IsExclusivelySoldInLuxembourg": false,
    "OrderUnit": "P",
    "ShortName": "BONI GEP.KABELJ.+-300GW",
    "IsNew": false,
    "EcoscoreLabel": "E",
    "RecentQuanityOfStockUnits": "1",
    "LongName": "BONI kabeljauwfil.gepan.graatl.MSC ±300g",
    "AlcoholVolume": "0",
    "FicCode": "I",
    "EcoscoreValue": "8"
  },
  {
    "productId": "356180",
    "technicalArticleNumber": "3846026",
    "commercialArticleNumber": "33118",
    "name": "salami blokjes",
    "description": "*Salami blokjes",
    "brand": "ECONOM",
    "seoBrand": "Econom",
    "thumbNail": "https://static.colruytgroup.com/images/200x200/std.lang.all/08/36/asset-2120836.jpg",
    "fullImage": "https://static.colruytgroup.com/images/500x500/std.lang.all/08/36/asset-2120836.jpg",
    "squareImage": "https://static.colruytgroup.com/images/500x500sq/std.lang.all/08/36/asset-2120836.jpg",
    "content": "1kg",
    "walkRouteSequenceNumber": 6804,
    "price": {
      "basicPrice": 10.49,
      "recommendedQuantity": "1.0",
      "measurementUnitPrice": 10.49,
      "measurementUnit": "K",
      "isRedPrice": false,
      "pricePerUOM": 10.49,
      "activationDate": "21-04-2023",
      "isPromoActive": "N",
      "priceChangeCode": "H"
    },
    "isAvailable": true,
    "isPriceAvailable": true,
    "inPromo": false,
    "gtin": [
      "05400141207897",
      "15404009106862",
      "05404009106865",
      "05404009109187",
      "05404009104007",
      "15404009109689"
    ],
    "topCategoryName": "Bereidingen/Charcuterie/Vis/Veggie",
    "topCategoryId": "105",
    "businessDomain": "RETAIL_BE",
    "IsPrivateLabel": true,
    "IsBiffe": false,
    "WeightconversionFactor": "0",
    "IsWeightArticle": false,
    "nutriscoreLabel": "E",
    "IsBio": false,
    "CountryOfOrigin": "BELGIË",
    "IsExclusivelySoldInLuxembourg": false,
    "OrderUnit": "P",
    "ShortName": "HC ECON SALAMI BLOK 1K",
    "InSeason": true,
    "IsNew": false,
    "EcoscoreLabel": "E",
    "RecentQuanityOfStockUnits": "1",
    "LongName": "ECONOM salami blokjes 1kg",
    "AlcoholVolume": "0",
    "StartSeasonDate": "19/04/2023",
    "FicCode": "I",
    "EcoscoreValue": "15"
  },
  {
    "productId": "53631",
    "technicalArticleNumber": "2359960",
    "commercialArticleNumber": "26240",
    "name": "boerenpaté",
    "description": "*België",
    "brand": "AOSTE",
    "seoBrand": "Aoste",
    "thumbNail": "https://static.colruytgroup.com/images/200x200/std.lang.all/48/17/asset-2884817.jpg",
    "fullImage": "https://static.colruytgroup.com/images/500x500/std.lang.all/48/17/asset-2884817.jpg",
    "squareImage": "https://static.colruytgroup.com/images/500x500sq/std.lang.all/48/17/asset-2884817.jpg",
    "content": "150g",
    "walkRouteSequenceNumber": 7711,
    "price": {
      "basicPrice": 2.89,
      "recommendedQuantity": "1.0",
      "measurementUnitPrice": 19.27,
      "measurementUnit": "K",
      "isRedPrice": false,
      "pricePerUOM": 19.27,
      "activationDate": "28-02-2024",
      "recordSource": "Offline",
      "isPromoActive": "N",
      "priceChangeCode": "E"
    },
    "isAvailable": true,
    "isPriceAvailable": true,
    "inPromo": false,
    "gtin": [
      "05411328191830",
      "05411328055828"
    ],
    "topCategoryName": "Bereidingen/Charcuterie/Vis/Veggie",
    "topCategoryId": "105",
    "businessDomain": "RETAIL_BE",
    "IsPrivateLabel": false,
    "IsBiffe": false,
    "WeightconversionFactor": "0",
    "IsWeightArticle": false,
    "nutriscoreLabel": "E",
    "IsBio": false,
    "CountryOfOrigin": "BELGIË",
    "IsExclusivelySoldInLuxembourg": false,
    "OrderUnit": "P",
    "ShortName": "AOSTE BOEREPATE 150G",
    "IsNew": false,
    "EcoscoreLabel": "D",
    "RecentQuanityOfStockUnits": "1",
    "LongName": "AOSTE boerenpaté 150g",
    "AlcoholVolume": "0",
    "FicCode": "E",
    "EcoscoreValue": "38"
  },
  {
    "productId": "449236",
    "technicalArticleNumber": "4018208",
    "commercialArticleNumber": "5076",
    "name": "Koude schotel zalm",
    "description": "*koude schotel",
    "brand": "BONI",
    "seoBrand": "Boni Selection",
    "thumbNail": "https://static.colruytgroup.com/images/200x200/std.lang.all/22/10/asset-3212210.jpg",
    "fullImage": "https://static.colruytgroup.com/images/500x500/std.lang.all/22/10/asset-3212210.jpg",
    "squareImage": "https://static.colruytgroup.com/images/500x500sq/std.lang.all/22/10/asset-3212210.jpg",
    "content": "450g",
    "walkRouteSequenceNumber": 5300,
    "price": {
      "basicPrice": 5.99,
      "recommendedQuantity": "1.0",
      "quantityPrice": 5.94,
      "quantityPriceQuantity": "3.0",
      "measurementUnitPrice": 13.32,
      "measurementUnitQuantityPrice": 13.2,
      "measurementUnit": "K",
      "isRedPrice": false,
      "pricePerUOM": 13.32,
      "activationDate": "06-03-2024",
      "isPromoActive": "N",
      "priceChangeCode": "L",
      "quantityPricePerUOM": 13.2,
      "quantityActivationDate": "06-03-2024",
      "quantityPriceChangeCode": "E"
    },
    "isAvailable": true,
    "isPriceAvailable": true,
    "inPromo": false,
    "gtin": [
      "05400141875195",
      "35400141875196",
      "25400141345388",
      "05400141238211",
      "15400141345381",
      "35400141238212"
    ],
    "topCategoryName": "Bereidingen/Charcuterie/Vis/Veggie",
    "topCategoryId": "105",
    "businessDomain": "RETAIL_BE",
    "IsPrivateLabel": true,
    "IsBiffe": false,
    "WeightconversionFactor": "0",
    "IsWeightArticle": false,
    "nutriscoreLabel": "A",
    "IsBio": false,
    "CountryOfOrigin": "BELGIË",
    "IsExclusivelySoldInLuxembourg": false,
    "OrderUnit": "P",
    "ShortName": "BONI SAL.ZALM BEL.450G",
    "InSeason": true,
    "IsNew": false,
    "EcoscoreLabel": "C",
    "RecentQuanityOfStockUnits": "1,2",
    "LongName": "BONI Koude schotel zalm 450g",
    "StartSeasonDate": "13/03/2019",
    "FicCode": "I",
    "EcoscoreValue": "58"
  },
  {
    "productId": "142865",
    "technicalArticleNumber": "3280853",
    "commercialArticleNumber": "31919",
    "name": "kip-kap sneetjes",
    "description": "*België\n*Boterham, koude\nschotels",
    "brand": "BONI",
    "seoBrand": "Boni Selection",
    "thumbNail": "https://static.colruytgroup.com/images/200x200/std.lang.all/37/28/asset-3353728.jpg",
    "fullImage": "https://static.colruytgroup.com/images/500x500/std.lang.all/37/28/asset-3353728.jpg",
    "squareImage": "https://static.colruytgroup.com/images/500x500sq/std.lang.all/37/28/asset-3353728.jpg",
    "content": "200g",
    "walkRouteSequenceNumber": 7735,
    "price": {
      "basicPrice": 2.5,
      "recommendedQuantity": "1.0",
      "measurementUnitPrice": 12.5,
      "measurementUnit": "K",
      "isRedPrice": false,
      "pricePerUOM": 12.5,
      "activationDate": "10-02-2024",
      "recordSource": "Offline",
      "isPromoActive": "N",
      "priceChangeCode": "H"
    },
    "isAvailable": true,
    "isPriceAvailable": true,
    "inPromo": false,
    "gtin": [
      "05400141320091",
      "05400141370393"
    ],
    "topCategoryName": "Bereidingen/Charcuterie/Vis/Veggie",
    "topCategoryId": "105",
    "businessDomain": "RETAIL_BE",
    "IsPrivateLabel": true,
    "IsBiffe": false,
    "WeightconversionFactor": "0",
    "IsWeightArticle": false,
    "nutriscoreLabel": "D",
    "IsBio": false,
    "CountryOfOrigin": "BELGIË",
    "IsExclusivelySoldInLuxembourg": false,
    "OrderUnit": "P",
    "ShortName": "BONI KIP KAP 200G",
    "IsNew": false,
    "EcoscoreLabel": "D",
    "RecentQuanityOfStockUnits": "1",
    "LongName": "BONI kip-kap sneetjes 200g",
    "AlcoholVolume": "0",
    "FicCode": "I",
    "EcoscoreValue": "27"
  },
  {
    "productId": "812990",
    "technicalArticleNumber": "4639119",
    "commercialArticleNumber": "15808",
    "name": "gouda plakken",
    "description": "*Vegetarisch",
    "brand": "VIOLIFE",
    "seoBrand": "Violife",
    "thumbNail": "https://static.colruytgroup.com/images/200x200/std.lang.all/39/80/asset-3003980.jpg",
    "fullImage": "https://static.colruytgroup.com/images/500x500/std.lang.all/39/80/asset-3003980.jpg",
    "squareImage": "https://static.colruytgroup.com/images/500x500sq/std.lang.all/39/80/asset-3003980.jpg",
    "content": "140g",
    "walkRouteSequenceNumber": 7502,
    "price": {
      "basicPrice": 2.99,
      "recommendedQuantity": "1.0",
      "measurementUnitPrice": 21.36,
      "measurementUnit": "K",
      "isRedPrice": false,
      "pricePerUOM": 21.36,
      "activationDate": "19-03-2024",
      "recordSource": "Offline",
      "isPromoActive": "N",
      "priceChangeCode": "H"
    },
    "isAvailable": true,
    "isPriceAvailable": true,
    "inPromo": false,
    "gtin": [
      "05202390023163",
      "05202390030680",
      "05202390029332"
    ],
    "topCategoryName": "Bereidingen/Charcuterie/Vis/Veggie",
    "topCategoryId": "105",
    "businessDomain": "RETAIL_BE",
    "IsPrivateLabel": false,
    "IsBiffe": false,
    "WeightconversionFactor": "0",
    "IsWeightArticle": false,
    "nutriscoreLabel": "E",
    "IsBio": false,
    "CountryOfOrigin": "GRIEKENLAND",
    "IsExclusivelySoldInLuxembourg": false,
    "OrderUnit": "P",
    "ShortName": "VILI GOUDA PLAKKEN 140G",
    "IsNew": false,
    "EcoscoreLabel": "D",
    "RecentQuanityOfStockUnits": "1,1,6",
    "LongName": "VIOLIFE gouda plakken 140g",
    "FicCode": "E",
    "EcoscoreValue": "31"
  },
  {
    "productId": "709936",
    "technicalArticleNumber": "4450481",
    "commercialArticleNumber": "26425",
    "name": "gevulde pasta zomer truffel",
    "brand": "BONI",
    "seoBrand": "Boni Selection",
    "thumbNail": "https://static.colruytgroup.com/images/200x200/std.lang.all/97/05/asset-2979705.jpg",
    "fullImage": "https://static.colruytgroup.com/images/500x500/std.lang.all/97/05/asset-2979705.jpg",
    "squareImage": "https://static.colruytgroup.com/images/500x500sq/std.lang.all/97/05/asset-2979705.jpg",
    "content": "250g",
    "walkRouteSequenceNumber": 7530,
    "price": {
      "basicPrice": 2.59,
      "recommendedQuantity": "1.0",
      "measurementUnitPrice": 10.36,
      "measurementUnit": "K",
      "isRedPrice": false,
      "pricePerUOM": 10.36,
      "activationDate": "02-01-2024",
      "isPromoActive": "N",
      "priceChangeCode": "E"
    },
    "isAvailable": true,
    "isPriceAvailable": true,
    "inPromo": false,
    "gtin": [
      "05400141728705",
      "15400141443780",
      "05400141443783",
      "15400141728702"
    ],
    "topCategoryName": "Bereidingen/Charcuterie/Vis/Veggie",
    "topCategoryId": "105",
    "businessDomain": "RETAIL_BE",
    "IsPrivateLabel": true,
    "IsBiffe": false,
    "WeightconversionFactor": "0",
    "IsWeightArticle": false,
    "nutriscoreLabel": "D",
    "IsBio": false,
    "CountryOfOrigin": "ITALIË",
    "IsExclusivelySoldInLuxembourg": false,
    "OrderUnit": "P",
    "ShortName": "BONI GE.PAS.TRUFF250",
    "InSeason": true,
    "IsNew": false,
    "EcoscoreLabel": "B",
    "RecentQuanityOfStockUnits": "1",
    "LongName": "BONI gevulde pasta zomer truffel 250g",
    "StartSeasonDate": "13/09/2023",
    "FicCode": "I",
    "EcoscoreValue": "60"
  },
  {
    "productId": "599752",
    "technicalArticleNumber": "4264596",
    "commercialArticleNumber": "14811",
    "name": "kalkoensalami",
    "brand": "AOSTE",
    "seoBrand": "Aoste",
    "thumbNail": "https://static.colruytgroup.com/images/200x200/std.lang.all/60/26/asset-2176026.jpg",
    "fullImage": "https://static.colruytgroup.com/images/500x500/std.lang.all/60/26/asset-2176026.jpg",
    "squareImage": "https://static.colruytgroup.com/images/500x500sq/std.lang.all/60/26/asset-2176026.jpg",
    "content": "90g",
    "walkRouteSequenceNumber": 7812,
    "price": {
      "basicPrice": 4.69,
      "recommendedQuantity": "1.0",
      "measurementUnitPrice": 52.12,
      "measurementUnit": "K",
      "isRedPrice": false,
      "pricePerUOM": 52.12,
      "activationDate": "08-03-2024",
      "recordSource": "Offline",
      "isPromoActive": "N",
      "priceChangeCode": "H"
    },
    "isAvailable": true,
    "isPriceAvailable": true,
    "inPromo": false,
    "gtin": [
      "05411761334689"
    ],
    "topCategoryName": "Bereidingen/Charcuterie/Vis/Veggie",
    "topCategoryId": "105",
    "businessDomain": "RETAIL_BE",
    "IsPrivateLabel": false,
    "IsBiffe": false,
    "WeightconversionFactor": "0",
    "IsWeightArticle": false,
    "nutriscoreLabel": "E",
    "IsBio": false,
    "CountryOfOrigin": "BELGIË",
    "IsExclusivelySoldInLuxembourg": false,
    "OrderUnit": "P",
    "ShortName": "AOST KALKOENSALAMI 90G",
    "IsNew": false,
    "EcoscoreLabel": "D",
    "RecentQuanityOfStockUnits": "1",
    "LongName": "AOSTE kalkoensalami 90g",
    "FicCode": "E",
    "EcoscoreValue": "34"
  },
  {
    "productId": "887400",
    "technicalArticleNumber": "4746805",
    "commercialArticleNumber": "32762",
    "name": "Chiffonade Ham",
    "brand": "BONI",
    "seoBrand": "Boni Selection",
    "thumbNail": "https://static.colruytgroup.com/images/200x200/std.lang.all/07/47/asset-3330747.jpg",
    "fullImage": "https://static.colruytgroup.com/images/500x500/std.lang.all/07/47/asset-3330747.jpg",
    "squareImage": "https://static.colruytgroup.com/images/500x500sq/std.lang.all/07/47/asset-3330747.jpg",
    "content": "110g",
    "walkRouteSequenceNumber": 7877,
    "price": {
      "basicPrice": 3.28,
      "recommendedQuantity": "1.0",
      "measurementUnitPrice": 29.82,
      "measurementUnit": "K",
      "isRedPrice": false,
      "pricePerUOM": 29.82,
      "activationDate": "13-03-2024",
      "recordSource": "Offline",
      "isPromoActive": "N",
      "priceChangeCode": "H"
    },
    "isAvailable": true,
    "isPriceAvailable": true,
    "inPromo": false,
    "gtin": [
      "05400141874679"
    ],
    "topCategoryName": "Bereidingen/Charcuterie/Vis/Veggie",
    "topCategoryId": "105",
    "businessDomain": "RETAIL_BE",
    "IsPrivateLabel": true,
    "IsBiffe": false,
    "WeightconversionFactor": "0",
    "IsWeightArticle": false,
    "nutriscoreLabel": "C",
    "IsBio": false,
    "CountryOfOrigin": "BELGIË",
    "IsExclusivelySoldInLuxembourg": false,
    "OrderUnit": "P",
    "ShortName": "BONI CHIFFONADE HAM110G",
    "IsNew": false,
    "RecentQuanityOfStockUnits": "1",
    "LongName": "BONI Chiffonade Ham 110g",
    "AlcoholVolume": "0",
    "FicCode": "I"
  },
  {
    "productId": "726051",
    "technicalArticleNumber": "4480045",
    "commercialArticleNumber": "15147",
    "name": "farfalle met kip",
    "brand": "BONI",
    "seoBrand": "Boni Selection",
    "thumbNail": "https://static.colruytgroup.com/images/200x200/std.lang.all/75/58/asset-2797558.jpg",
    "fullImage": "https://static.colruytgroup.com/images/500x500/std.lang.all/75/58/asset-2797558.jpg",
    "squareImage": "https://static.colruytgroup.com/images/500x500sq/std.lang.all/75/58/asset-2797558.jpg",
    "content": "400g",
    "walkRouteSequenceNumber": 5309,
    "price": {
      "basicPrice": 3.99,
      "recommendedQuantity": "1.0",
      "measurementUnitPrice": 9.98,
      "measurementUnit": "K",
      "isRedPrice": false,
      "pricePerUOM": 9.98,
      "activationDate": "19-04-2023",
      "isPromoActive": "N",
      "priceChangeCode": "H"
    },
    "isAvailable": true,
    "isPriceAvailable": true,
    "inPromo": false,
    "gtin": [
      "05400141538632",
      "05400141550290"
    ],
    "topCategoryName": "Bereidingen/Charcuterie/Vis/Veggie",
    "topCategoryId": "105",
    "businessDomain": "RETAIL_BE",
    "IsPrivateLabel": true,
    "IsBiffe": false,
    "WeightconversionFactor": "0",
    "IsWeightArticle": false,
    "nutriscoreLabel": "B",
    "IsBio": false,
    "CountryOfOrigin": "BELGIË",
    "IsExclusivelySoldInLuxembourg": false,
    "OrderUnit": "P",
    "ShortName": "BONI FARFALLE KIP 400G",
    "IsNew": false,
    "EcoscoreLabel": "C",
    "RecentQuanityOfStockUnits": "1",
    "LongName": "BONI farfalle met kip 400g",
    "FicCode": "I",
    "EcoscoreValue": "43"
  },
  {
    "productId": "51714",
    "technicalArticleNumber": "2368436",
    "commercialArticleNumber": "32042",
    "name": "pipes d'Ardenne IGP",
    "description": "*België\n*Ardense worst\n*Aperitief",
    "brand": "MARCASSOU",
    "seoBrand": "Marcassou",
    "thumbNail": "https://static.colruytgroup.com/images/200x200/std.lang.all/33/64/asset-2883364.jpg",
    "fullImage": "https://static.colruytgroup.com/images/500x500/std.lang.all/33/64/asset-2883364.jpg",
    "squareImage": "https://static.colruytgroup.com/images/500x500sq/std.lang.all/33/64/asset-2883364.jpg",
    "content": "250g",
    "walkRouteSequenceNumber": 6796,
    "price": {
      "basicPrice": 4.69,
      "recommendedQuantity": "1.0",
      "measurementUnitPrice": 18.76,
      "measurementUnit": "K",
      "isRedPrice": false,
      "pricePerUOM": 18.76,
      "activationDate": "15-02-2024",
      "recordSource": "Offline",
      "isPromoActive": "N",
      "priceChangeCode": "E"
    },
    "isAvailable": true,
    "isPriceAvailable": true,
    "inPromo": false,
    "gtin": [
      "05411328194503",
      "05411328120762",
      "05411328121219"
    ],
    "topCategoryName": "Bereidingen/Charcuterie/Vis/Veggie",
    "topCategoryId": "105",
    "businessDomain": "RETAIL_BE",
    "IsPrivateLabel": false,
    "IsBiffe": false,
    "WeightconversionFactor": "0",
    "IsWeightArticle": false,
    "nutriscoreLabel": "E",
    "IsBio": false,
    "CountryOfOrigin": "BELGIË",
    "IsExclusivelySoldInLuxembourg": false,
    "OrderUnit": "P",
    "ShortName": "MARC PIPES ARDENNE 250G",
    "IsNew": false,
    "EcoscoreLabel": "D",
    "RecentQuanityOfStockUnits": "1",
    "LongName": "MARCASSOU pipes d'Ardenne IGP 250g",
    "AlcoholVolume": "0",
    "FicCode": "E",
    "EcoscoreValue": "39"
  },
  {
    "productId": "84926",
    "technicalArticleNumber": "2983886",
    "commercialArticleNumber": "4761",
    "name": "moussaka aubergine",
    "brand": "COME A CASA",
    "seoBrand": "Come A Casa",
    "thumbNail": "https://static.colruytgroup.com/images/200x200/std.lang.all/03/48/asset-2700348.jpg",
    "fullImage": "https://static.colruytgroup.com/images/500x500/std.lang.all/03/48/asset-2700348.jpg",
    "squareImage": "https://static.colruytgroup.com/images/500x500sq/std.lang.all/03/48/asset-2700348.jpg",
    "content": "400g",
    "walkRouteSequenceNumber": 6641,
    "price": {
      "basicPrice": 6.15,
      "recommendedQuantity": "1.0",
      "measurementUnitPrice": 15.38,
      "measurementUnit": "K",
      "isRedPrice": false,
      "pricePerUOM": 15.38,
      "activationDate": "23-03-2024",
      "recordSource": "Offline",
      "isPromoActive": "N",
      "priceChangeCode": "H"
    },
    "isAvailable": true,
    "isPriceAvailable": true,
    "inPromo": false,
    "gtin": [
      "05413848106042",
      "55413848230216"
    ],
    "topCategoryName": "Bereidingen/Charcuterie/Vis/Veggie",
    "topCategoryId": "105",
    "businessDomain": "RETAIL_BE",
    "IsPrivateLabel": false,
    "IsBiffe": false,
    "WeightconversionFactor": "0",
    "IsWeightArticle": false,
    "nutriscoreLabel": "C",
    "IsBio": false,
    "CountryOfOrigin": "BELGIË",
    "IsExclusivelySoldInLuxembourg": false,
    "OrderUnit": "P",
    "ShortName": "CAC MOUSSAKA 400G",
    "IsNew": false,
    "EcoscoreLabel": "E",
    "RecentQuanityOfStockUnits": "1",
    "LongName": "COME A CASA moussaka aubergine 400g",
    "AlcoholVolume": "0",
    "FicCode": "E",
    "EcoscoreValue": "0"
  },
  {
    "productId": "890520",
    "technicalArticleNumber": "4751247",
    "commercialArticleNumber": "11518",
    "name": "lasagne kip mascarpone",
    "brand": "COME A CASA",
    "seoBrand": "Come A Casa",
    "thumbNail": "https://static.colruytgroup.com/images/200x200/std.lang.all/38/50/asset-3303850.jpg",
    "fullImage": "https://static.colruytgroup.com/images/500x500/std.lang.all/38/50/asset-3303850.jpg",
    "squareImage": "https://static.colruytgroup.com/images/500x500sq/std.lang.all/38/50/asset-3303850.jpg",
    "content": "400g",
    "walkRouteSequenceNumber": 7534,
    "price": {
      "basicPrice": 4.99,
      "recommendedQuantity": "1.0",
      "measurementUnitPrice": 12.48,
      "measurementUnit": "K",
      "isRedPrice": false,
      "pricePerUOM": 12.48,
      "activationDate": "13-02-2024",
      "recordSource": "Offline",
      "isPromoActive": "N",
      "priceChangeCode": "E"
    },
    "isAvailable": true,
    "isPriceAvailable": true,
    "inPromo": false,
    "gtin": [
      "05413848271795"
    ],
    "topCategoryName": "Bereidingen/Charcuterie/Vis/Veggie",
    "topCategoryId": "105",
    "businessDomain": "RETAIL_BE",
    "IsPrivateLabel": false,
    "IsBiffe": false,
    "WeightconversionFactor": "0",
    "IsWeightArticle": false,
    "nutriscoreLabel": "C",
    "IsBio": false,
    "CountryOfOrigin": "BELGIË",
    "IsExclusivelySoldInLuxembourg": false,
    "OrderUnit": "P",
    "ShortName": "CAC LAS.KIP MASCAR400G",
    "IsNew": false,
    "EcoscoreLabel": "C",
    "RecentQuanityOfStockUnits": "1",
    "LongName": "COME A CASA lasagne kip mascarpone 400g",
    "AlcoholVolume": "0",
    "FicCode": "E",
    "EcoscoreValue": "41"
  },
  {
    "productId": "469843",
    "technicalArticleNumber": "4073978",
    "commercialArticleNumber": "7294",
    "name": "groentenburger vegetari",
    "description": "*Vegetarische burger",
    "brand": "BONI",
    "seoBrand": "Boni Selection",
    "thumbNail": "https://static.colruytgroup.com/images/200x200/std.lang.all/28/27/asset-3352827.jpg",
    "fullImage": "https://static.colruytgroup.com/images/500x500/std.lang.all/28/27/asset-3352827.jpg",
    "squareImage": "https://static.colruytgroup.com/images/500x500sq/std.lang.all/28/27/asset-3352827.jpg",
    "content": "200g",
    "walkRouteSequenceNumber": 7626,
    "price": {
      "basicPrice": 1.49,
      "recommendedQuantity": "1.0",
      "measurementUnitPrice": 7.45,
      "measurementUnit": "K",
      "isRedPrice": false,
      "pricePerUOM": 7.45,
      "activationDate": "22-03-2024",
      "recordSource": "Offline",
      "isPromoActive": "N",
      "priceChangeCode": "L"
    },
    "isAvailable": true,
    "isPriceAvailable": true,
    "inPromo": true,
    "promotion": [
      {
        "techPromoId": "100899COLR",
        "promotionId": "100899",
        "promotionType": "3",
        "isPersonalized": "N",
        "publicationStartDate": "13-03-2024",
        "publicationEndDate": "26-03-2024"
      }
    ],
    "gtin": [
      "15400141991601",
      "05400141512267",
      "05400141991604",
      "05400141595741",
      "05400141274080",
      "05400141342376",
      "15400141342373",
      "05400141508109"
    ],
    "topCategoryName": "Bereidingen/Charcuterie/Vis/Veggie",
    "topCategoryId": "105",
    "businessDomain": "RETAIL_BE",
    "IsPrivateLabel": true,
    "IsBiffe": false,
    "WeightconversionFactor": "0",
    "IsWeightArticle": false,
    "nutriscoreLabel": "C",
    "IsBio": false,
    "CountryOfOrigin": "BELGIË",
    "IsExclusivelySoldInLuxembourg": false,
    "OrderUnit": "P",
    "ShortName": "BONI GROENTBURGER 2ST",
    "IsNew": false,
    "EcoscoreLabel": "B",
    "RecentQuanityOfStockUnits": "1,1",
    "LongName": "BONI groentenburger vegetari 200g",
    "FicCode": "I",
    "EcoscoreValue": "78"
  },
  {
    "productId": "870016",
    "technicalArticleNumber": "4723517",
    "commercialArticleNumber": "21259",
    "name": "Kipfilet peperroomsaus gratin",
    "description": "*Kipfilet\npeperroomsaus\ngratin",
    "brand": "BONI",
    "seoBrand": "Boni Selection",
    "thumbNail": "https://static.colruytgroup.com/images/200x200/std.lang.all/59/94/asset-3255994.jpg",
    "fullImage": "https://static.colruytgroup.com/images/500x500/std.lang.all/59/94/asset-3255994.jpg",
    "squareImage": "https://static.colruytgroup.com/images/500x500sq/std.lang.all/59/94/asset-3255994.jpg",
    "content": "450g",
    "walkRouteSequenceNumber": 6677,
    "price": {
      "basicPrice": 5.99,
      "recommendedQuantity": "1.0",
      "measurementUnitPrice": 13.32,
      "measurementUnit": "K",
      "isRedPrice": false,
      "pricePerUOM": 13.32,
      "activationDate": "18-10-2023",
      "isPromoActive": "N",
      "priceChangeCode": "E"
    },
    "isAvailable": true,
    "isPriceAvailable": true,
    "inPromo": false,
    "gtin": [
      "05400141756371"
    ],
    "topCategoryName": "Bereidingen/Charcuterie/Vis/Veggie",
    "topCategoryId": "105",
    "businessDomain": "RETAIL_BE",
    "IsPrivateLabel": true,
    "IsBiffe": false,
    "WeightconversionFactor": "0",
    "IsWeightArticle": false,
    "nutriscoreLabel": "C",
    "IsBio": false,
    "CountryOfOrigin": "BELGIË",
    "IsExclusivelySoldInLuxembourg": false,
    "OrderUnit": "P",
    "ShortName": "BONI KIPF.PEP.RO.GR450G",
    "IsNew": false,
    "RecentQuanityOfStockUnits": "1",
    "LongName": "BONI Kipfilet peperroomsaus gratin 450g",
    "FicCode": "I"
  },
  {
    "productId": "758638",
    "technicalArticleNumber": "4535875",
    "commercialArticleNumber": "28229",
    "name": "braadworst vegetarisch",
    "description": "*Vegetarisch",
    "brand": "BONI",
    "seoBrand": "Boni Selection",
    "thumbNail": "https://static.colruytgroup.com/images/200x200/std.lang.all/29/27/asset-3352927.jpg",
    "fullImage": "https://static.colruytgroup.com/images/500x500/std.lang.all/29/27/asset-3352927.jpg",
    "squareImage": "https://static.colruytgroup.com/images/500x500sq/std.lang.all/29/27/asset-3352927.jpg",
    "content": "180g",
    "walkRouteSequenceNumber": 7616,
    "price": {
      "basicPrice": 2.99,
      "recommendedQuantity": "1.0",
      "measurementUnitPrice": 16.62,
      "measurementUnit": "K",
      "isRedPrice": false,
      "pricePerUOM": 16.62,
      "activationDate": "13-09-2023",
      "isPromoActive": "N",
      "priceChangeCode": "H"
    },
    "isAvailable": true,
    "isPriceAvailable": true,
    "inPromo": true,
    "promotion": [
      {
        "techPromoId": "100899COLR",
        "promotionId": "100899",
        "promotionType": "3",
        "isPersonalized": "N",
        "publicationStartDate": "13-03-2024",
        "publicationEndDate": "26-03-2024"
      }
    ],
    "gtin": [
      "15400141615514",
      "05400141615517",
      "15400141965275",
      "05400141965278"
    ],
    "topCategoryName": "Bereidingen/Charcuterie/Vis/Veggie",
    "topCategoryId": "105",
    "businessDomain": "RETAIL_BE",
    "IsPrivateLabel": true,
    "IsBiffe": false,
    "WeightconversionFactor": "0",
    "IsWeightArticle": false,
    "nutriscoreLabel": "A",
    "IsBio": false,
    "CountryOfOrigin": "VERENIGD KONINKRIJK",
    "IsExclusivelySoldInLuxembourg": false,
    "OrderUnit": "P",
    "ShortName": "BONI VEG BRAADWOR180G",
    "IsNew": false,
    "EcoscoreLabel": "C",
    "RecentQuanityOfStockUnits": "1",
    "LongName": "BONI braadworst vegetarisch 180g",
    "FicCode": "I",
    "EcoscoreValue": "59"
  },
  {
    "productId": "703329",
    "technicalArticleNumber": "4437529",
    "commercialArticleNumber": "20985",
    "name": "Grantortelli Basil-Parmigiano",
    "brand": "BONI",
    "seoBrand": "Boni Selection",
    "thumbNail": "https://static.colruytgroup.com/images/200x200/std.lang.all/29/25/asset-3352925.jpg",
    "fullImage": "https://static.colruytgroup.com/images/500x500/std.lang.all/29/25/asset-3352925.jpg",
    "squareImage": "https://static.colruytgroup.com/images/500x500sq/std.lang.all/29/25/asset-3352925.jpg",
    "content": "250g",
    "walkRouteSequenceNumber": 6695,
    "price": {
      "basicPrice": 2.59,
      "recommendedQuantity": "1.0",
      "measurementUnitPrice": 10.36,
      "measurementUnit": "K",
      "isRedPrice": false,
      "pricePerUOM": 10.36,
      "activationDate": "16-08-2023",
      "isPromoActive": "N",
      "priceChangeCode": "H"
    },
    "isAvailable": true,
    "isPriceAvailable": true,
    "inPromo": false,
    "gtin": [
      "15400141602187",
      "05400141602180",
      "15400141502197",
      "05400141502190"
    ],
    "topCategoryName": "Bereidingen/Charcuterie/Vis/Veggie",
    "topCategoryId": "105",
    "businessDomain": "RETAIL_BE",
    "IsPrivateLabel": true,
    "IsBiffe": false,
    "WeightconversionFactor": "0",
    "IsWeightArticle": false,
    "nutriscoreLabel": "D",
    "IsBio": false,
    "CountryOfOrigin": "ITALIË",
    "IsExclusivelySoldInLuxembourg": false,
    "OrderUnit": "P",
    "ShortName": "BONI GRAN.BASI-PARM250G",
    "IsNew": false,
    "EcoscoreLabel": "B",
    "RecentQuanityOfStockUnits": "1",
    "LongName": "BONI Grantortelli Basil-Parmigiano 250g",
    "FicCode": "I",
    "EcoscoreValue": "60"
  },
  {
    "productId": "709707",
    "technicalArticleNumber": "4449647",
    "commercialArticleNumber": "26391",
    "name": "quinoa salade",
    "brand": "BONI",
    "seoBrand": "Boni Selection",
    "thumbNail": "https://static.colruytgroup.com/images/200x200/std.lang.all/80/49/asset-2508049.jpg",
    "fullImage": "https://static.colruytgroup.com/images/500x500/std.lang.all/80/49/asset-2508049.jpg",
    "squareImage": "https://static.colruytgroup.com/images/500x500sq/std.lang.all/80/49/asset-2508049.jpg",
    "content": "300g",
    "walkRouteSequenceNumber": 5293,
    "price": {
      "basicPrice": 3.49,
      "recommendedQuantity": "1.0",
      "measurementUnitPrice": 11.64,
      "measurementUnit": "K",
      "isRedPrice": false,
      "pricePerUOM": 11.64,
      "activationDate": "13-03-2024",
      "isPromoActive": "N",
      "priceChangeCode": "H"
    },
    "isAvailable": true,
    "isPriceAvailable": true,
    "inPromo": false,
    "gtin": [
      "05400141428742"
    ],
    "topCategoryName": "Bereidingen/Charcuterie/Vis/Veggie",
    "topCategoryId": "105",
    "businessDomain": "RETAIL_BE",
    "IsPrivateLabel": true,
    "IsBiffe": false,
    "WeightconversionFactor": "0",
    "IsWeightArticle": false,
    "nutriscoreLabel": "C",
    "IsBio": false,
    "CountryOfOrigin": "FRANKRIJK",
    "IsExclusivelySoldInLuxembourg": false,
    "OrderUnit": "P",
    "ShortName": "BONI QUINOA SALADE 300G",
    "IsNew": false,
    "EcoscoreLabel": "A",
    "RecentQuanityOfStockUnits": "1",
    "LongName": "BONI quinoa salade 300g",
    "FicCode": "I",
    "EcoscoreValue": "85"
  },
  {
    "productId": "873632",
    "technicalArticleNumber": "4728150",
    "commercialArticleNumber": "30031",
    "name": "Rolmops op azijn",
    "brand": "BONI",
    "seoBrand": "Boni Selection",
    "thumbNail": "https://static.colruytgroup.com/images/200x200/std.lang.all/35/84/asset-3273584.jpg",
    "fullImage": "https://static.colruytgroup.com/images/500x500/std.lang.all/35/84/asset-3273584.jpg",
    "squareImage": "https://static.colruytgroup.com/images/500x500sq/std.lang.all/35/84/asset-3273584.jpg",
    "content": "270g",
    "walkRouteSequenceNumber": 7471,
    "price": {
      "basicPrice": 6.49,
      "recommendedQuantity": "1.0",
      "measurementUnitPrice": 24.04,
      "measurementUnit": "K",
      "isRedPrice": false,
      "pricePerUOM": 24.04,
      "activationDate": "17-02-2024",
      "isPromoActive": "N",
      "priceChangeCode": "E"
    },
    "isAvailable": true,
    "isPriceAvailable": true,
    "inPromo": false,
    "gtin": [
      "15400141925439",
      "05400141925432"
    ],
    "topCategoryName": "Bereidingen/Charcuterie/Vis/Veggie",
    "topCategoryId": "105",
    "businessDomain": "RETAIL_BE",
    "IsPrivateLabel": true,
    "IsBiffe": false,
    "WeightconversionFactor": "0",
    "IsWeightArticle": false,
    "nutriscoreLabel": "D",
    "IsBio": false,
    "CountryOfOrigin": "DENEMARKEN",
    "IsExclusivelySoldInLuxembourg": false,
    "OrderUnit": "P",
    "ShortName": "BONI ROLMOPS AZIJN 270G",
    "IsNew": false,
    "EcoscoreLabel": "B",
    "RecentQuanityOfStockUnits": "1",
    "LongName": "BONI Rolmops op azijn 270g",
    "FicCode": "I",
    "EcoscoreValue": "66"
  },
  {
    "productId": "486592",
    "technicalArticleNumber": "4093624",
    "commercialArticleNumber": "8187",
    "name": "Pangasiusfilet gemarineerd",
    "description": "*ASC gecertificeerd\n*Gekweekt in Vietnam",
    "brand": "BONI",
    "seoBrand": "Boni Selection",
    "thumbNail": "https://static.colruytgroup.com/images/200x200/std.lang.all/58/22/asset-1825822.jpg",
    "fullImage": "https://static.colruytgroup.com/images/500x500/std.lang.all/58/22/asset-1825822.jpg",
    "squareImage": "https://static.colruytgroup.com/images/500x500sq/std.lang.all/58/22/asset-1825822.jpg",
    "content": "±280g",
    "walkRouteSequenceNumber": 7423,
    "price": {
      "basicPrice": 15.99,
      "recommendedQuantity": "1.0",
      "unit": "K",
      "measurementUnitPrice": 15.99,
      "measurementUnit": "K",
      "isRedPrice": false,
      "pricePerUOM": 15.99,
      "activationDate": "26-02-2024",
      "recordSource": "Offline",
      "isPromoActive": "N",
      "priceChangeCode": "H"
    },
    "isAvailable": true,
    "isPriceAvailable": true,
    "inPromo": false,
    "gtin": [
      "95400141992994",
      "05400141285208",
      "95400141285201",
      "05400141992991"
    ],
    "topCategoryName": "Bereidingen/Charcuterie/Vis/Veggie",
    "topCategoryId": "105",
    "businessDomain": "RETAIL_BE",
    "IsPrivateLabel": true,
    "IsBiffe": false,
    "WeightconversionFactor": "280",
    "IsWeightArticle": true,
    "nutriscoreLabel": "C",
    "IsBio": false,
    "CountryOfOrigin": "VIETNAM",
    "IsExclusivelySoldInLuxembourg": false,
    "OrderUnit": "P",
    "ShortName": "BONI PANGFIL GEMAR280GW",
    "IsNew": false,
    "EcoscoreLabel": "E",
    "RecentQuanityOfStockUnits": "1",
    "LongName": "BONI Pangasiusfilet gemarineerd ±280g",
    "FicCode": "I",
    "EcoscoreValue": "4"
  },
  {
    "productId": "166659",
    "technicalArticleNumber": "3380710",
    "commercialArticleNumber": "6420",
    "name": "zeewierbl.Sushi Nori",
    "brand": "BLUE DRAGON",
    "seoBrand": "Blue Dragon",
    "thumbNail": "https://static.colruytgroup.com/images/200x200/std.lang.all/06/72/asset-2620672.jpg",
    "fullImage": "https://static.colruytgroup.com/images/500x500/std.lang.all/06/72/asset-2620672.jpg",
    "squareImage": "https://static.colruytgroup.com/images/500x500sq/std.lang.all/06/72/asset-2620672.jpg",
    "content": "11g",
    "walkRouteSequenceNumber": 8683,
    "price": {
      "basicPrice": 3.39,
      "recommendedQuantity": "1.0",
      "measurementUnitPrice": 308.19,
      "measurementUnit": "K",
      "isRedPrice": false,
      "pricePerUOM": 308.19,
      "activationDate": "15-02-2024",
      "recordSource": "Offline",
      "isPromoActive": "N",
      "priceChangeCode": "H"
    },
    "isAvailable": true,
    "isPriceAvailable": true,
    "inPromo": false,
    "gtin": [
      "05015612200750",
      "05010338303006"
    ],
    "topCategoryName": "Bereidingen/Charcuterie/Vis/Veggie",
    "topCategoryId": "105",
    "businessDomain": "RETAIL_BE",
    "IsPrivateLabel": false,
    "IsBiffe": false,
    "WeightconversionFactor": "0",
    "IsWeightArticle": false,
    "nutriscoreLabel": "C",
    "IsBio": false,
    "CountryOfOrigin": "VERENIGD KONINKRIJK",
    "IsExclusivelySoldInLuxembourg": false,
    "OrderUnit": "P",
    "ShortName": "BLUE DR.SUSHI NORI 11G",
    "IsNew": false,
    "EcoscoreLabel": "E",
    "RecentQuanityOfStockUnits": "1",
    "LongName": "BLUE DRAGON zeewierbl.Sushi Nori 11g",
    "AlcoholVolume": "0",
    "FicCode": "E",
    "EcoscoreValue": "6"
  },
  {
    "productId": "709707",
    "technicalArticleNumber": "4449647",
    "commercialArticleNumber": "26391",
    "name": "quinoa salade",
    "brand": "BONI",
    "seoBrand": "Boni Selection",
    "thumbNail": "https://static.colruytgroup.com/images/200x200/std.lang.all/80/49/asset-2508049.jpg",
    "fullImage": "https://static.colruytgroup.com/images/500x500/std.lang.all/80/49/asset-2508049.jpg",
    "squareImage": "https://static.colruytgroup.com/images/500x500sq/std.lang.all/80/49/asset-2508049.jpg",
    "content": "300g",
    "walkRouteSequenceNumber": 5293,
    "price": {
      "basicPrice": 3.49,
      "recommendedQuantity": "1.0",
      "measurementUnitPrice": 11.64,
      "measurementUnit": "K",
      "isRedPrice": false,
      "pricePerUOM": 11.64,
      "activationDate": "13-03-2024",
      "isPromoActive": "N",
      "priceChangeCode": "H"
    },
    "isAvailable": true,
    "isPriceAvailable": true,
    "inPromo": false,
    "gtin": [
      "05400141428742"
    ],
    "topCategoryName": "Bereidingen/Charcuterie/Vis/Veggie",
    "topCategoryId": "105",
    "businessDomain": "RETAIL_BE",
    "IsPrivateLabel": true,
    "IsBiffe": false,
    "WeightconversionFactor": "0",
    "IsWeightArticle": false,
    "nutriscoreLabel": "C",
    "IsBio": false,
    "CountryOfOrigin": "FRANKRIJK",
    "IsExclusivelySoldInLuxembourg": false,
    "OrderUnit": "P",
    "ShortName": "BONI QUINOA SALADE 300G",
    "IsNew": false,
    "EcoscoreLabel": "A",
    "RecentQuanityOfStockUnits": "1",
    "LongName": "BONI quinoa salade 300g",
    "FicCode": "I",
    "EcoscoreValue": "85"
  },
  {
    "productId": "486592",
    "technicalArticleNumber": "4093624",
    "commercialArticleNumber": "8187",
    "name": "Pangasiusfilet gemarineerd",
    "description": "*ASC gecertificeerd\n*Gekweekt in Vietnam",
    "brand": "BONI",
    "seoBrand": "Boni Selection",
    "thumbNail": "https://static.colruytgroup.com/images/200x200/std.lang.all/58/22/asset-1825822.jpg",
    "fullImage": "https://static.colruytgroup.com/images/500x500/std.lang.all/58/22/asset-1825822.jpg",
    "squareImage": "https://static.colruytgroup.com/images/500x500sq/std.lang.all/58/22/asset-1825822.jpg",
    "content": "±280g",
    "walkRouteSequenceNumber": 7423,
    "price": {
      "basicPrice": 15.99,
      "recommendedQuantity": "1.0",
      "unit": "K",
      "measurementUnitPrice": 15.99,
      "measurementUnit": "K",
      "isRedPrice": false,
      "pricePerUOM": 15.99,
      "activationDate": "26-02-2024",
      "recordSource": "Offline",
      "isPromoActive": "N",
      "priceChangeCode": "H"
    },
    "isAvailable": true,
    "isPriceAvailable": true,
    "inPromo": false,
    "gtin": [
      "95400141992994",
      "05400141285208",
      "95400141285201",
      "05400141992991"
    ],
    "topCategoryName": "Bereidingen/Charcuterie/Vis/Veggie",
    "topCategoryId": "105",
    "businessDomain": "RETAIL_BE",
    "IsPrivateLabel": true,
    "IsBiffe": false,
    "WeightconversionFactor": "280",
    "IsWeightArticle": true,
    "nutriscoreLabel": "C",
    "IsBio": false,
    "CountryOfOrigin": "VIETNAM",
    "IsExclusivelySoldInLuxembourg": false,
    "OrderUnit": "P",
    "ShortName": "BONI PANGFIL GEMAR280GW",
    "IsNew": false,
    "EcoscoreLabel": "E",
    "RecentQuanityOfStockUnits": "1",
    "LongName": "BONI Pangasiusfilet gemarineerd ±280g",
    "FicCode": "I",
    "EcoscoreValue": "4"
  },
  {
    "productId": "52116",
    "technicalArticleNumber": "2402072",
    "commercialArticleNumber": "19164",
    "name": "pepersalami Halal",
    "description": "*Duitsland\n*Boterham",
    "brand": "MARHABA",
    "seoBrand": "Marhaba",
    "thumbNail": "https://static.colruytgroup.com/images/200x200/std.lang.all/88/37/asset-388837.jpg",
    "fullImage": "https://static.colruytgroup.com/images/500x500/std.lang.all/88/37/asset-388837.jpg",
    "squareImage": "https://static.colruytgroup.com/images/500x500sq/std.lang.all/88/37/asset-388837.jpg",
    "content": "100g",
    "walkRouteSequenceNumber": 7855,
    "price": {
      "basicPrice": 2.79,
      "recommendedQuantity": "1.0",
      "measurementUnitPrice": 27.9,
      "measurementUnit": "K",
      "isRedPrice": false,
      "pricePerUOM": 27.9,
      "activationDate": "12-03-2024",
      "isPromoActive": "N",
      "priceChangeCode": "H"
    },
    "isAvailable": true,
    "isPriceAvailable": true,
    "inPromo": false,
    "gtin": [
      "08717545694633",
      "08717545693643"
    ],
    "topCategoryName": "Bereidingen/Charcuterie/Vis/Veggie",
    "topCategoryId": "105",
    "businessDomain": "RETAIL_BE",
    "IsPrivateLabel": false,
    "IsBiffe": false,
    "WeightconversionFactor": "0",
    "IsWeightArticle": false,
    "nutriscoreLabel": "E",
    "IsBio": false,
    "CountryOfOrigin": "DUITSLAND",
    "IsExclusivelySoldInLuxembourg": false,
    "OrderUnit": "P",
    "ShortName": "MARH PEPERSALAMI 100G",
    "IsNew": false,
    "EcoscoreLabel": "C",
    "RecentQuanityOfStockUnits": "1",
    "LongName": "MARHABA pepersalami Halal 100g",
    "AlcoholVolume": "0",
    "FicCode": "E",
    "EcoscoreValue": "40"
  },
  {
    "productId": "180209",
    "technicalArticleNumber": "3352571",
    "commercialArticleNumber": "19977",
    "name": "Grantortelli eekhoorntjesbrood",
    "brand": "BONI",
    "seoBrand": "Boni Selection",
    "thumbNail": "https://static.colruytgroup.com/images/200x200/std.lang.all/28/13/asset-3352813.jpg",
    "fullImage": "https://static.colruytgroup.com/images/500x500/std.lang.all/28/13/asset-3352813.jpg",
    "squareImage": "https://static.colruytgroup.com/images/500x500sq/std.lang.all/28/13/asset-3352813.jpg",
    "content": "250g",
    "walkRouteSequenceNumber": 6693,
    "price": {
      "basicPrice": 2.59,
      "recommendedQuantity": "1.0",
      "measurementUnitPrice": 10.36,
      "measurementUnit": "K",
      "isRedPrice": false,
      "pricePerUOM": 10.36,
      "activationDate": "17-11-2023",
      "isPromoActive": "N",
      "priceChangeCode": "H"
    },
    "isAvailable": true,
    "isPriceAvailable": true,
    "inPromo": false,
    "gtin": [
      "05400141568479",
      "15400141193067",
      "15400141844891",
      "05400141193060",
      "05400141378788",
      "15400141568476"
    ],
    "topCategoryName": "Bereidingen/Charcuterie/Vis/Veggie",
    "topCategoryId": "105",
    "businessDomain": "RETAIL_BE",
    "IsPrivateLabel": true,
    "IsBiffe": false,
    "WeightconversionFactor": "0",
    "IsWeightArticle": false,
    "nutriscoreLabel": "D",
    "IsBio": false,
    "CountryOfOrigin": "ITALIË",
    "IsExclusivelySoldInLuxembourg": false,
    "OrderUnit": "P",
    "ShortName": "BONI GRANTOR.EEKHOOR250",
    "IsNew": false,
    "EcoscoreLabel": "B",
    "RecentQuanityOfStockUnits": "1",
    "LongName": "BONI Grantortelli eekhoorntjesbrood 250g",
    "AlcoholVolume": "0",
    "FicCode": "I",
    "EcoscoreValue": "60"
  },
  {
    "productId": "143907",
    "technicalArticleNumber": "3317626",
    "commercialArticleNumber": "12256",
    "name": "Breydelhamsalade",
    "description": "Traditionele salade met Breydelham in\neen verfijnde saus van stukjes augurk\nen zilverui.",
    "brand": "DÉLIO",
    "seoBrand": "Délio",
    "thumbNail": "https://static.colruytgroup.com/images/200x200/std.lang.all/27/78/asset-3172778.jpg",
    "fullImage": "https://static.colruytgroup.com/images/500x500/std.lang.all/27/78/asset-3172778.jpg",
    "squareImage": "https://static.colruytgroup.com/images/500x500sq/std.lang.all/27/78/asset-3172778.jpg",
    "content": "180g",
    "walkRouteSequenceNumber": 7926,
    "price": {
      "basicPrice": 3.79,
      "recommendedQuantity": "1.0",
      "measurementUnitPrice": 21.06,
      "measurementUnit": "K",
      "isRedPrice": false,
      "pricePerUOM": 21.06,
      "activationDate": "23-03-2024",
      "recordSource": "Offline",
      "isPromoActive": "N",
      "priceChangeCode": "E"
    },
    "isAvailable": true,
    "isPriceAvailable": true,
    "inPromo": false,
    "gtin": [
      "15411153011843",
      "05411153011846"
    ],
    "topCategoryName": "Bereidingen/Charcuterie/Vis/Veggie",
    "topCategoryId": "105",
    "businessDomain": "RETAIL_BE",
    "IsPrivateLabel": false,
    "IsBiffe": false,
    "WeightconversionFactor": "0",
    "IsWeightArticle": false,
    "nutriscoreLabel": "C",
    "IsBio": false,
    "CountryOfOrigin": "BELGIË",
    "IsExclusivelySoldInLuxembourg": false,
    "OrderUnit": "P",
    "ShortName": "D BREYDELHAMSAL 180G",
    "IsNew": false,
    "EcoscoreLabel": "D",
    "RecentQuanityOfStockUnits": "1",
    "LongName": "DÉLIO Breydelhamsalade 180g",
    "AlcoholVolume": "0",
    "FicCode": "E",
    "EcoscoreValue": "39"
  },
  {
    "productId": "97077",
    "technicalArticleNumber": "2897060",
    "commercialArticleNumber": "32972",
    "name": "salami zonder look",
    "description": "*België\n*Salami zonder look\n*66 % vlees\n*Aperitief,pizza,\npicknick",
    "brand": "BONI",
    "seoBrand": "Boni Selection",
    "thumbNail": "https://static.colruytgroup.com/images/200x200/std.lang.all/26/00/asset-552600.jpg",
    "fullImage": "https://static.colruytgroup.com/images/500x500/std.lang.all/26/00/asset-552600.jpg",
    "squareImage": "https://static.colruytgroup.com/images/500x500sq/std.lang.all/26/00/asset-552600.jpg",
    "content": "450g",
    "walkRouteSequenceNumber": 6802,
    "price": {
      "basicPrice": 6.1,
      "recommendedQuantity": "1.0",
      "measurementUnitPrice": 13.56,
      "measurementUnit": "K",
      "isRedPrice": false,
      "pricePerUOM": 13.56,
      "activationDate": "10-02-2024",
      "recordSource": "Offline",
      "isPromoActive": "N",
      "priceChangeCode": "L"
    },
    "isAvailable": true,
    "isPriceAvailable": true,
    "inPromo": false,
    "gtin": [
      "05400141368055",
      "05400141190359"
    ],
    "topCategoryName": "Bereidingen/Charcuterie/Vis/Veggie",
    "topCategoryId": "105",
    "businessDomain": "RETAIL_BE",
    "IsPrivateLabel": true,
    "IsBiffe": false,
    "WeightconversionFactor": "0",
    "IsWeightArticle": false,
    "nutriscoreLabel": "E",
    "IsBio": false,
    "CountryOfOrigin": "BELGIË",
    "IsExclusivelySoldInLuxembourg": false,
    "OrderUnit": "P",
    "ShortName": "BONI SAL ZOND LOOK 450G",
    "IsNew": false,
    "EcoscoreLabel": "D",
    "RecentQuanityOfStockUnits": "1",
    "LongName": "BONI salami zonder look 450g",
    "AlcoholVolume": "0",
    "FicCode": "I",
    "EcoscoreValue": "33"
  },
  {
    "productId": "520255",
    "technicalArticleNumber": "4103625",
    "commercialArticleNumber": "8519",
    "name": "veggie sensat. greek",
    "brand": "GARDEN GOURMET",
    "seoBrand": "Garden Gourmet",
    "thumbNail": "https://static.colruytgroup.com/images/200x200/std.lang.all/91/22/asset-2099122.jpg",
    "fullImage": "https://static.colruytgroup.com/images/500x500/std.lang.all/91/22/asset-2099122.jpg",
    "squareImage": "https://static.colruytgroup.com/images/500x500sq/std.lang.all/91/22/asset-2099122.jpg",
    "content": "200g",
    "walkRouteSequenceNumber": 7603,
    "price": {
      "basicPrice": 2.49,
      "recommendedQuantity": "1.0",
      "measurementUnitPrice": 12.45,
      "measurementUnit": "K",
      "isRedPrice": false,
      "pricePerUOM": 12.45,
      "activationDate": "18-03-2024",
      "recordSource": "Folder",
      "isPromoActive": "N",
      "priceChangeCode": "L"
    },
    "isAvailable": true,
    "isPriceAvailable": true,
    "inPromo": false,
    "gtin": [
      "07613037044867"
    ],
    "topCategoryName": "Bereidingen/Charcuterie/Vis/Veggie",
    "topCategoryId": "105",
    "businessDomain": "RETAIL_BE",
    "IsPrivateLabel": false,
    "IsBiffe": false,
    "WeightconversionFactor": "0",
    "IsWeightArticle": false,
    "nutriscoreLabel": "A",
    "IsBio": false,
    "CountryOfOrigin": "TSJECHIË (REPUBLIEK)",
    "IsExclusivelySoldInLuxembourg": false,
    "OrderUnit": "P",
    "ShortName": "GG VEGG.SENSE.GREEK200G",
    "InSeason": true,
    "IsNew": false,
    "RecentQuanityOfStockUnits": "1",
    "LongName": "GARDEN GOURMET veggie sensat. greek 200g",
    "StartSeasonDate": "07/02/2023",
    "FicCode": "E"
  },
  {
    "productId": "844025",
    "technicalArticleNumber": "4689641",
    "commercialArticleNumber": "30689",
    "name": "apero witte pens",
    "brand": "BONI",
    "seoBrand": "Boni Selection",
    "thumbNail": "https://static.colruytgroup.com/images/200x200/std.lang.all/42/99/asset-3454299.jpg",
    "fullImage": "https://static.colruytgroup.com/images/500x500/std.lang.all/42/99/asset-3454299.jpg",
    "squareImage": "https://static.colruytgroup.com/images/500x500sq/std.lang.all/42/99/asset-3454299.jpg",
    "content": "150g",
    "walkRouteSequenceNumber": 7648,
    "price": {
      "basicPrice": 2.79,
      "recommendedQuantity": "1.0",
      "measurementUnitPrice": 18.6,
      "measurementUnit": "K",
      "isRedPrice": false,
      "pricePerUOM": 18.6,
      "activationDate": "10-06-2023",
      "isPromoActive": "N",
      "priceChangeCode": "E"
    },
    "isAvailable": true,
    "isPriceAvailable": true,
    "inPromo": false,
    "gtin": [
      "05400141686586",
      "05400141451689"
    ],
    "topCategoryName": "Bereidingen/Charcuterie/Vis/Veggie",
    "topCategoryId": "105",
    "businessDomain": "RETAIL_BE",
    "IsPrivateLabel": true,
    "IsBiffe": false,
    "WeightconversionFactor": "0",
    "IsWeightArticle": false,
    "nutriscoreLabel": "D",
    "IsBio": false,
    "CountryOfOrigin": "BELGIË",
    "IsExclusivelySoldInLuxembourg": false,
    "OrderUnit": "P",
    "ShortName": "BONI APERO WIT PENS150G",
    "IsNew": false,
    "EcoscoreLabel": "E",
    "RecentQuanityOfStockUnits": "1,1",
    "LongName": "BONI apero witte pens 150g",
    "FicCode": "I",
    "EcoscoreValue": "0"
  },
  {
    "productId": "18900",
    "technicalArticleNumber": "1771947",
    "commercialArticleNumber": "33808",
    "name": "kipfilet",
    "description": "*België\n*80 % kippenvlees\n*Boterham, koude\nschotel",
    "brand": "BONI BIO",
    "seoBrand": "Boni Selection Bio",
    "thumbNail": "https://static.colruytgroup.com/images/200x200/std.lang.all/08/56/asset-2130856.jpg",
    "fullImage": "https://static.colruytgroup.com/images/500x500/std.lang.all/08/56/asset-2130856.jpg",
    "squareImage": "https://static.colruytgroup.com/images/500x500sq/std.lang.all/08/56/asset-2130856.jpg",
    "content": "100g",
    "walkRouteSequenceNumber": 7904,
    "price": {
      "basicPrice": 3.09,
      "recommendedQuantity": "1.0",
      "measurementUnitPrice": 30.9,
      "measurementUnit": "K",
      "isRedPrice": false,
      "pricePerUOM": 30.9,
      "activationDate": "24-11-2023",
      "recordSource": "Offline",
      "isPromoActive": "N",
      "priceChangeCode": "H"
    },
    "isAvailable": true,
    "isPriceAvailable": true,
    "inPromo": false,
    "gtin": [
      "05400141947168",
      "25400141368042",
      "05400141368048",
      "05400141042818",
      "05400141189827"
    ],
    "topCategoryName": "Bereidingen/Charcuterie/Vis/Veggie",
    "topCategoryId": "105",
    "businessDomain": "RETAIL_BE",
    "IsPrivateLabel": true,
    "IsBiffe": false,
    "WeightconversionFactor": "0",
    "IsWeightArticle": false,
    "nutriscoreLabel": "C",
    "IsBio": true,
    "CountryOfOrigin": "BELGIË",
    "IsExclusivelySoldInLuxembourg": false,
    "OrderUnit": "P",
    "ShortName": "BONI BIO KIPFILET 100GR",
    "IsNew": false,
    "EcoscoreLabel": "C",
    "RecentQuanityOfStockUnits": "1",
    "LongName": "BONI BIO kipfilet 100g",
    "AlcoholVolume": "0",
    "FicCode": "I",
    "EcoscoreValue": "40"
  },
  {
    "productId": "513331",
    "technicalArticleNumber": "4081477",
    "commercialArticleNumber": "6082",
    "name": "filets gemarineerd vegetarisch",
    "description": "voorgegaarde\nvegetarische filet\nop basis van\nplantaardige eiwitten\nmet 11% marinade",
    "brand": "BONI",
    "seoBrand": "Boni Selection",
    "thumbNail": "https://static.colruytgroup.com/images/200x200/std.lang.all/84/75/asset-3208475.jpg",
    "fullImage": "https://static.colruytgroup.com/images/500x500/std.lang.all/84/75/asset-3208475.jpg",
    "squareImage": "https://static.colruytgroup.com/images/500x500sq/std.lang.all/84/75/asset-3208475.jpg",
    "content": "180g",
    "walkRouteSequenceNumber": 7615,
    "price": {
      "basicPrice": 2.99,
      "recommendedQuantity": "1.0",
      "measurementUnitPrice": 16.62,
      "measurementUnit": "K",
      "isRedPrice": false,
      "pricePerUOM": 16.62,
      "activationDate": "12-07-2023",
      "isPromoActive": "N",
      "priceChangeCode": "E"
    },
    "isAvailable": true,
    "isPriceAvailable": true,
    "inPromo": true,
    "promotion": [
      {
        "techPromoId": "100899COLR",
        "promotionId": "100899",
        "promotionType": "3",
        "isPersonalized": "N",
        "publicationStartDate": "13-03-2024",
        "publicationEndDate": "26-03-2024"
      }
    ],
    "gtin": [
      "05400141705843",
      "05400141516562",
      "05400141279177",
      "05400141338522",
      "15400141338529",
      "15400141416289",
      "15400141705840",
      "15400141516569"
    ],
    "topCategoryName": "Bereidingen/Charcuterie/Vis/Veggie",
    "topCategoryId": "105",
    "businessDomain": "RETAIL_BE",
    "IsPrivateLabel": true,
    "IsBiffe": false,
    "WeightconversionFactor": "0",
    "IsWeightArticle": false,
    "nutriscoreLabel": "C",
    "IsBio": false,
    "CountryOfOrigin": "NEDERLAND",
    "IsExclusivelySoldInLuxembourg": false,
    "OrderUnit": "P",
    "ShortName": "BONI VEG GEMAR.FIL.180G",
    "IsNew": false,
    "EcoscoreLabel": "B",
    "RecentQuanityOfStockUnits": "1",
    "LongName": "BONI filets gemarineerd vegetarisch 180g",
    "FicCode": "I",
    "EcoscoreValue": "63"
  },
  {
    "productId": "779427",
    "technicalArticleNumber": "4573373",
    "commercialArticleNumber": "28628",
    "name": "ham aan t spit 4sn",
    "description": "*Gekookte ham,\nontzwoerd en ontvet\naan spit.",
    "brand": "HERTA SUPERIEUR",
    "seoBrand": "Herta Superieur",
    "thumbNail": "https://static.colruytgroup.com/images/200x200/std.lang.all/05/90/asset-2850590.jpg",
    "fullImage": "https://static.colruytgroup.com/images/500x500/std.lang.all/05/90/asset-2850590.jpg",
    "squareImage": "https://static.colruytgroup.com/images/500x500sq/std.lang.all/05/90/asset-2850590.jpg",
    "content": "133g",
    "walkRouteSequenceNumber": 7871,
    "price": {
      "basicPrice": 4.95,
      "recommendedQuantity": "1.0",
      "measurementUnitPrice": 37.22,
      "measurementUnit": "K",
      "isRedPrice": false,
      "pricePerUOM": 37.22,
      "activationDate": "13-03-2024",
      "recordSource": "Offline",
      "isPromoActive": "N",
      "priceChangeCode": "L"
    },
    "isAvailable": true,
    "isPriceAvailable": true,
    "inPromo": true,
    "promotion": [
      {
        "techPromoId": "100936COLR",
        "promotionId": "100936",
        "promotionType": "3",
        "isPersonalized": "N",
        "publicationStartDate": "13-03-2024",
        "publicationEndDate": "26-03-2024"
      }
    ],
    "gtin": [
      "03154230802051",
      "03154230802044"
    ],
    "topCategoryName": "Bereidingen/Charcuterie/Vis/Veggie",
    "topCategoryId": "105",
    "businessDomain": "RETAIL_BE",
    "IsPrivateLabel": false,
    "IsBiffe": false,
    "WeightconversionFactor": "0",
    "IsWeightArticle": false,
    "nutriscoreLabel": "C",
    "IsBio": false,
    "CountryOfOrigin": "FRANKRIJK",
    "IsExclusivelySoldInLuxembourg": false,
    "OrderUnit": "P",
    "ShortName": "HERT SUP HAM SPIT 133G",
    "IsNew": false,
    "RecentQuanityOfStockUnits": "1",
    "LongName": "HERTA SUPERIEUR ham aan t spit 4sn 133g",
    "FicCode": "E"
  },
  {
    "productId": "242370",
    "technicalArticleNumber": "3544461",
    "commercialArticleNumber": "33137",
    "name": "tofu reepjes vegetarisch",
    "description": "*91% tofu\n*In de pan of wok\n*Vegan",
    "brand": "BONI",
    "seoBrand": "Boni Selection",
    "thumbNail": "https://static.colruytgroup.com/images/200x200/std.lang.all/05/37/asset-3040537.jpg",
    "fullImage": "https://static.colruytgroup.com/images/500x500/std.lang.all/05/37/asset-3040537.jpg",
    "squareImage": "https://static.colruytgroup.com/images/500x500sq/std.lang.all/05/37/asset-3040537.jpg",
    "content": "170g",
    "walkRouteSequenceNumber": 7611,
    "price": {
      "basicPrice": 2.3,
      "recommendedQuantity": "1.0",
      "measurementUnitPrice": 13.53,
      "measurementUnit": "K",
      "isRedPrice": false,
      "pricePerUOM": 13.53,
      "activationDate": "28-02-2024",
      "isPromoActive": "N",
      "priceChangeCode": "E"
    },
    "isAvailable": true,
    "isPriceAvailable": true,
    "inPromo": true,
    "promotion": [
      {
        "techPromoId": "100899COLR",
        "promotionId": "100899",
        "promotionType": "3",
        "isPersonalized": "N",
        "publicationStartDate": "13-03-2024",
        "publicationEndDate": "26-03-2024"
      }
    ],
    "gtin": [
      "15400141151371",
      "05400141151374",
      "05400141519938",
      "15400141794059",
      "05400141205060",
      "05400141417609"
    ],
    "topCategoryName": "Bereidingen/Charcuterie/Vis/Veggie",
    "topCategoryId": "105",
    "businessDomain": "RETAIL_BE",
    "IsPrivateLabel": true,
    "IsBiffe": false,
    "WeightconversionFactor": "0",
    "IsWeightArticle": false,
    "nutriscoreLabel": "B",
    "IsBio": false,
    "CountryOfOrigin": "BELGIË",
    "IsExclusivelySoldInLuxembourg": false,
    "OrderUnit": "P",
    "ShortName": "BONI TOFUREEPJES 170G",
    "IsNew": false,
    "EcoscoreLabel": "A",
    "RecentQuanityOfStockUnits": "1",
    "LongName": "BONI tofu reepjes vegetarisch 170g",
    "AlcoholVolume": "0",
    "FicCode": "I",
    "EcoscoreValue": "81"
  },
  {
    "productId": "824065",
    "technicalArticleNumber": "4660319",
    "commercialArticleNumber": "29825",
    "name": "ei-spek salade",
    "brand": "CHARLES",
    "seoBrand": "Charles",
    "thumbNail": "https://static.colruytgroup.com/images/200x200/std.lang.all/24/59/asset-2942459.jpg",
    "fullImage": "https://static.colruytgroup.com/images/500x500/std.lang.all/24/59/asset-2942459.jpg",
    "squareImage": "https://static.colruytgroup.com/images/500x500sq/std.lang.all/24/59/asset-2942459.jpg",
    "content": "150g",
    "walkRouteSequenceNumber": 7939,
    "price": {
      "basicPrice": 3.99,
      "recommendedQuantity": "1.0",
      "measurementUnitPrice": 26.6,
      "measurementUnit": "K",
      "isRedPrice": false,
      "pricePerUOM": 26.6,
      "activationDate": "09-01-2024",
      "isPromoActive": "N",
      "priceChangeCode": "H"
    },
    "isAvailable": true,
    "isPriceAvailable": true,
    "inPromo": false,
    "gtin": [
      "05413950152609",
      "15413950152606"
    ],
    "topCategoryName": "Bereidingen/Charcuterie/Vis/Veggie",
    "topCategoryId": "105",
    "businessDomain": "RETAIL_BE",
    "IsPrivateLabel": false,
    "IsBiffe": false,
    "WeightconversionFactor": "0",
    "IsWeightArticle": false,
    "nutriscoreLabel": "E",
    "IsBio": false,
    "CountryOfOrigin": "BELGIË",
    "IsExclusivelySoldInLuxembourg": false,
    "OrderUnit": "P",
    "ShortName": "CHRL EI-SPEK SALAD.150G",
    "IsNew": false,
    "EcoscoreLabel": "E",
    "RecentQuanityOfStockUnits": "1",
    "LongName": "CHARLES ei-spek salade 150g",
    "FicCode": "E",
    "EcoscoreValue": "19"
  },
  {
    "productId": "813555",
    "technicalArticleNumber": "4640226",
    "commercialArticleNumber": "18027",
    "name": "Kibbeling",
    "brand": "FISH & FOOD",
    "seoBrand": "Fish & Food",
    "thumbNail": "https://static.colruytgroup.com/images/200x200/std.lang.all/06/24/asset-3040624.jpg",
    "fullImage": "https://static.colruytgroup.com/images/500x500/std.lang.all/06/24/asset-3040624.jpg",
    "squareImage": "https://static.colruytgroup.com/images/500x500sq/std.lang.all/06/24/asset-3040624.jpg",
    "content": "±300g",
    "walkRouteSequenceNumber": 7426,
    "price": {
      "basicPrice": 13.29,
      "recommendedQuantity": "1.0",
      "unit": "K",
      "measurementUnitPrice": 13.29,
      "measurementUnit": "K",
      "isRedPrice": false,
      "pricePerUOM": 13.29,
      "activationDate": "19-02-2024",
      "recordSource": "Offline",
      "isPromoActive": "N",
      "priceChangeCode": "H"
    },
    "isAvailable": true,
    "isPriceAvailable": true,
    "inPromo": false,
    "gtin": [
      "08716142003961",
      "98716142003957"
    ],
    "topCategoryName": "Bereidingen/Charcuterie/Vis/Veggie",
    "topCategoryId": "105",
    "businessDomain": "RETAIL_BE",
    "IsPrivateLabel": false,
    "IsBiffe": false,
    "WeightconversionFactor": "300",
    "IsWeightArticle": true,
    "IsBio": false,
    "CountryOfOrigin": "NEDERLAND",
    "IsExclusivelySoldInLuxembourg": false,
    "OrderUnit": "P",
    "ShortName": "FIFO KIBBELING +-300GW",
    "IsNew": false,
    "RecentQuanityOfStockUnits": "1",
    "LongName": "FISH & FOOD Kibbeling ±300g",
    "FicCode": "E"
  },
  {
    "productId": "822941",
    "technicalArticleNumber": "4658294",
    "commercialArticleNumber": "29752",
    "name": "Pompoen hazelnootburger",
    "description": "*Oorsprong: België, Nederland\n*Klasse 1",
    "brand": "BONI BIO",
    "seoBrand": "Boni Selection Bio",
    "thumbNail": "https://static.colruytgroup.com/images/200x200/std.lang.all/69/86/asset-3286986.jpg",
    "fullImage": "https://static.colruytgroup.com/images/500x500/std.lang.all/69/86/asset-3286986.jpg",
    "squareImage": "https://static.colruytgroup.com/images/500x500sq/std.lang.all/69/86/asset-3286986.jpg",
    "content": "180g",
    "walkRouteSequenceNumber": 7630,
    "price": {
      "basicPrice": 2.99,
      "recommendedQuantity": "1.0",
      "measurementUnitPrice": 16.62,
      "measurementUnit": "K",
      "isRedPrice": false,
      "pricePerUOM": 16.62,
      "activationDate": "18-10-2023",
      "isPromoActive": "N",
      "priceChangeCode": "E"
    },
    "isAvailable": true,
    "isPriceAvailable": true,
    "inPromo": true,
    "promotion": [
      {
        "techPromoId": "100899COLR",
        "promotionId": "100899",
        "promotionType": "3",
        "isPersonalized": "N",
        "publicationStartDate": "13-03-2024",
        "publicationEndDate": "26-03-2024"
      }
    ],
    "gtin": [
      "15400141716099",
      "05400141716092"
    ],
    "topCategoryName": "Bereidingen/Charcuterie/Vis/Veggie",
    "topCategoryId": "105",
    "businessDomain": "RETAIL_BE",
    "IsPrivateLabel": true,
    "IsBiffe": false,
    "WeightconversionFactor": "0",
    "IsWeightArticle": false,
    "nutriscoreLabel": "B",
    "IsBio": true,
    "CountryOfOrigin": "BELGIË",
    "IsExclusivelySoldInLuxembourg": false,
    "OrderUnit": "P",
    "ShortName": "BONI BIO POM.HAZ.BUR180",
    "IsNew": false,
    "EcoscoreLabel": "A",
    "RecentQuanityOfStockUnits": "1",
    "LongName": "BONI BIO Pompoen hazelnootburger 180g",
    "FicCode": "I",
    "EcoscoreValue": "95"
  },
  {
    "productId": "538402",
    "technicalArticleNumber": "4135666",
    "commercialArticleNumber": "9558",
    "name": "kaasburger",
    "brand": "THE BIO VEGGIE COMPANY",
    "seoBrand": "The bio veggie company",
    "thumbNail": "https://static.colruytgroup.com/images/200x200/std.lang.all/81/07/asset-3378107.jpg",
    "fullImage": "https://static.colruytgroup.com/images/500x500/std.lang.all/81/07/asset-3378107.jpg",
    "squareImage": "https://static.colruytgroup.com/images/500x500sq/std.lang.all/81/07/asset-3378107.jpg",
    "content": "2x85g",
    "walkRouteSequenceNumber": 7574,
    "price": {
      "basicPrice": 3.79,
      "recommendedQuantity": "1.0",
      "measurementUnitPrice": 22.3,
      "measurementUnit": "K",
      "isRedPrice": false,
      "pricePerUOM": 22.3,
      "activationDate": "13-03-2024",
      "isPromoActive": "Y",
      "priceChangeCode": "E"
    },
    "isAvailable": true,
    "isPriceAvailable": true,
    "inPromo": true,
    "promotion": [
      {
        "techPromoId": "100872COLR",
        "promotionId": "100872",
        "promotionType": "3",
        "isPersonalized": "N",
        "publicationStartDate": "13-03-2024",
        "publicationEndDate": "26-03-2024"
      }
    ],
    "gtin": [
      "05425009600085",
      "05425009600023"
    ],
    "topCategoryName": "Bereidingen/Charcuterie/Vis/Veggie",
    "topCategoryId": "105",
    "businessDomain": "RETAIL_BE",
    "IsPrivateLabel": false,
    "IsBiffe": false,
    "WeightconversionFactor": "0",
    "IsWeightArticle": false,
    "nutriscoreLabel": "D",
    "IsBio": true,
    "CountryOfOrigin": "BELGIË",
    "IsExclusivelySoldInLuxembourg": false,
    "OrderUnit": "P",
    "ShortName": "TBVC KAASBURGER 170G",
    "IsNew": false,
    "EcoscoreLabel": "B",
    "RecentQuanityOfStockUnits": "1",
    "LongName": "THE BIO VEGGIE COMPANY kaasburger 2x85g",
    "FicCode": "E",
    "EcoscoreValue": "73"
  },
  {
    "productId": "952174",
    "technicalArticleNumber": "4770424",
    "commercialArticleNumber": "30318",
    "name": "Cauliflow.Schnitzel",
    "brand": "GARDEN GOURMET",
    "seoBrand": "Garden Gourmet",
    "thumbNail": "https://static.colruytgroup.com/images/200x200/std.lang.all/64/67/asset-3376467.jpg",
    "fullImage": "https://static.colruytgroup.com/images/500x500/std.lang.all/64/67/asset-3376467.jpg",
    "squareImage": "https://static.colruytgroup.com/images/500x500sq/std.lang.all/64/67/asset-3376467.jpg",
    "content": "186g",
    "walkRouteSequenceNumber": 7608,
    "price": {
      "basicPrice": 2.49,
      "recommendedQuantity": "1.0",
      "measurementUnitPrice": 13.39,
      "measurementUnit": "K",
      "isRedPrice": false,
      "pricePerUOM": 13.39,
      "activationDate": "23-03-2024",
      "recordSource": "Folder",
      "isPromoActive": "Y",
      "priceChangeCode": "E"
    },
    "isAvailable": true,
    "isPriceAvailable": true,
    "inPromo": false,
    "gtin": [
      "08445290714725"
    ],
    "topCategoryName": "Bereidingen/Charcuterie/Vis/Veggie",
    "topCategoryId": "105",
    "businessDomain": "RETAIL_BE",
    "IsPrivateLabel": false,
    "IsBiffe": false,
    "WeightconversionFactor": "0",
    "IsWeightArticle": false,
    "nutriscoreLabel": "A",
    "IsBio": false,
    "CountryOfOrigin": "TSJECHIË (REPUBLIEK)",
    "IsExclusivelySoldInLuxembourg": false,
    "OrderUnit": "P",
    "ShortName": "GG CAULIFL.SCHNITZ.186G",
    "IsNew": false,
    "RecentQuanityOfStockUnits": "1",
    "LongName": "GARDEN GOURMET Cauliflow.Schnitzel 186g",
    "FicCode": "E"
  },
  {
    "productId": "154357",
    "technicalArticleNumber": "3276663",
    "commercialArticleNumber": "2852",
    "name": "aardappelsalade",
    "description": "*76 % aardappel\n*Met mayonaise",
    "brand": "BONI",
    "seoBrand": "Boni Selection",
    "thumbNail": "https://static.colruytgroup.com/images/200x200/std.lang.all/58/72/asset-1525872.jpg",
    "fullImage": "https://static.colruytgroup.com/images/500x500/std.lang.all/58/72/asset-1525872.jpg",
    "squareImage": "https://static.colruytgroup.com/images/500x500sq/std.lang.all/58/72/asset-1525872.jpg",
    "content": "500g",
    "walkRouteSequenceNumber": 5296,
    "price": {
      "basicPrice": 2.49,
      "recommendedQuantity": "1.0",
      "measurementUnitPrice": 4.98,
      "measurementUnit": "K",
      "isRedPrice": false,
      "pricePerUOM": 4.98,
      "activationDate": "08-07-2023",
      "recordSource": "Offline",
      "isPromoActive": "N",
      "priceChangeCode": "L"
    },
    "isAvailable": true,
    "isPriceAvailable": true,
    "inPromo": false,
    "gtin": [
      "05400141322125",
      "05400141319606",
      "05400141324846",
      "05400141351200",
      "05400141800319"
    ],
    "topCategoryName": "Bereidingen/Charcuterie/Vis/Veggie",
    "topCategoryId": "105",
    "businessDomain": "RETAIL_BE",
    "IsPrivateLabel": true,
    "IsBiffe": false,
    "WeightconversionFactor": "0",
    "IsWeightArticle": false,
    "nutriscoreLabel": "C",
    "IsBio": false,
    "CountryOfOrigin": "BELGIË",
    "IsExclusivelySoldInLuxembourg": false,
    "OrderUnit": "P",
    "ShortName": "BONI AARDAPPELSAL 500G",
    "IsNew": false,
    "EcoscoreLabel": "D",
    "RecentQuanityOfStockUnits": "1",
    "LongName": "BONI aardappelsalade 500g",
    "AlcoholVolume": "0",
    "FicCode": "I",
    "EcoscoreValue": "37"
  },
  {
    "productId": "115848",
    "technicalArticleNumber": "3007680",
    "commercialArticleNumber": "1314",
    "name": "gerookte zalm snippers",
    "description": "*Aquacult.Noorwegen,\nSchotland, Ierland\n*Milde rooksmaak,\nom te garneren\n*Tradit. gerookt",
    "brand": "BONI",
    "seoBrand": "Boni Selection",
    "thumbNail": "https://static.colruytgroup.com/images/200x200/std.lang.all/06/44/asset-3330644.jpg",
    "fullImage": "https://static.colruytgroup.com/images/500x500/std.lang.all/06/44/asset-3330644.jpg",
    "squareImage": "https://static.colruytgroup.com/images/500x500sq/std.lang.all/06/44/asset-3330644.jpg",
    "content": "150g",
    "walkRouteSequenceNumber": 7483,
    "price": {
      "basicPrice": 4.99,
      "recommendedQuantity": "1.0",
      "measurementUnitPrice": 33.27,
      "measurementUnit": "K",
      "isRedPrice": false,
      "pricePerUOM": 33.27,
      "activationDate": "02-01-2024",
      "isPromoActive": "N",
      "priceChangeCode": "E"
    },
    "isAvailable": true,
    "isPriceAvailable": true,
    "inPromo": false,
    "gtin": [
      "15400141604099",
      "05400141604092",
      "05400141440577",
      "05400141079043",
      "05400141156812",
      "05400141340426"
    ],
    "topCategoryName": "Bereidingen/Charcuterie/Vis/Veggie",
    "topCategoryId": "105",
    "businessDomain": "RETAIL_BE",
    "IsPrivateLabel": true,
    "IsBiffe": false,
    "WeightconversionFactor": "0",
    "IsWeightArticle": false,
    "nutriscoreLabel": "D",
    "IsBio": false,
    "CountryOfOrigin": "NOORWEGEN",
    "IsExclusivelySoldInLuxembourg": false,
    "OrderUnit": "P",
    "ShortName": "BONI ZALMSNIPPERS 150GR",
    "IsNew": false,
    "EcoscoreLabel": "E",
    "RecentQuanityOfStockUnits": "1",
    "LongName": "BONI gerookte zalm snippers 150g",
    "AlcoholVolume": "0",
    "FicCode": "I",
    "EcoscoreValue": "19"
  },
  {
    "productId": "512205",
    "technicalArticleNumber": "4081463",
    "commercialArticleNumber": "5018",
    "name": "linzenburgers vegetarisch",
    "description": "*Veganistische\nburger\nop basis van\nlinzen,\nvoorgegaard.",
    "brand": "BONI",
    "seoBrand": "Boni Selection",
    "thumbNail": "https://static.colruytgroup.com/images/200x200/std.lang.all/81/20/asset-3028120.jpg",
    "fullImage": "https://static.colruytgroup.com/images/500x500/std.lang.all/81/20/asset-3028120.jpg",
    "squareImage": "https://static.colruytgroup.com/images/500x500sq/std.lang.all/81/20/asset-3028120.jpg",
    "content": "200g",
    "walkRouteSequenceNumber": 7624,
    "price": {
      "basicPrice": 2.89,
      "recommendedQuantity": "1.0",
      "measurementUnitPrice": 14.45,
      "measurementUnit": "K",
      "isRedPrice": false,
      "pricePerUOM": 14.45,
      "activationDate": "28-02-2024",
      "isPromoActive": "N",
      "priceChangeCode": "E"
    },
    "isAvailable": true,
    "isPriceAvailable": true,
    "inPromo": true,
    "promotion": [
      {
        "techPromoId": "100899COLR",
        "promotionId": "100899",
        "promotionType": "3",
        "isPersonalized": "N",
        "publicationStartDate": "13-03-2024",
        "publicationEndDate": "26-03-2024"
      }
    ],
    "gtin": [
      "35400141512954",
      "15400141512950",
      "15400141451822",
      "15400141338468",
      "05400141451825",
      "05400141338461",
      "05400141279160",
      "05400141512953"
    ],
    "topCategoryName": "Bereidingen/Charcuterie/Vis/Veggie",
    "topCategoryId": "105",
    "businessDomain": "RETAIL_BE",
    "IsPrivateLabel": true,
    "IsBiffe": false,
    "WeightconversionFactor": "0",
    "IsWeightArticle": false,
    "nutriscoreLabel": "C",
    "IsBio": false,
    "CountryOfOrigin": "NEDERLAND",
    "IsExclusivelySoldInLuxembourg": false,
    "OrderUnit": "P",
    "ShortName": "BONI VEG LINZ.BURG.200G",
    "IsNew": false,
    "EcoscoreLabel": "B",
    "RecentQuanityOfStockUnits": "1",
    "LongName": "BONI linzenburgers vegetarisch 200g",
    "FicCode": "I",
    "EcoscoreValue": "74"
  },
  {
    "productId": "588252",
    "technicalArticleNumber": "4245489",
    "commercialArticleNumber": "20142",
    "name": "Pizza Hawaï",
    "brand": "BONI",
    "seoBrand": "Boni Selection",
    "thumbNail": "https://static.colruytgroup.com/images/200x200/std.lang.all/11/00/asset-3351100.jpg",
    "fullImage": "https://static.colruytgroup.com/images/500x500/std.lang.all/11/00/asset-3351100.jpg",
    "squareImage": "https://static.colruytgroup.com/images/500x500sq/std.lang.all/11/00/asset-3351100.jpg",
    "content": "460g",
    "walkRouteSequenceNumber": 6679,
    "price": {
      "basicPrice": 4.79,
      "recommendedQuantity": "1.0",
      "measurementUnitPrice": 10.42,
      "measurementUnit": "K",
      "isRedPrice": false,
      "pricePerUOM": 10.42,
      "activationDate": "28-02-2024",
      "isPromoActive": "N",
      "priceChangeCode": "E"
    },
    "isAvailable": true,
    "isPriceAvailable": true,
    "inPromo": false,
    "gtin": [
      "05400141838848",
      "15400141838845",
      "15400141367888",
      "05400141367881"
    ],
    "topCategoryName": "Bereidingen/Charcuterie/Vis/Veggie",
    "topCategoryId": "105",
    "businessDomain": "RETAIL_BE",
    "IsPrivateLabel": true,
    "IsBiffe": false,
    "WeightconversionFactor": "0",
    "IsWeightArticle": false,
    "nutriscoreLabel": "C",
    "IsBio": false,
    "CountryOfOrigin": "BELGIË",
    "IsExclusivelySoldInLuxembourg": false,
    "OrderUnit": "P",
    "ShortName": "BONI PIZZA HAWAI 460G",
    "IsNew": false,
    "EcoscoreLabel": "B",
    "RecentQuanityOfStockUnits": "1",
    "LongName": "BONI Pizza Hawaï 460g",
    "FicCode": "I",
    "EcoscoreValue": "69"
  },
  {
    "productId": "114940",
    "technicalArticleNumber": "3068990",
    "commercialArticleNumber": "15694",
    "name": "notenburger vegetarisch",
    "description": "*Burger\n*Met notenmix",
    "brand": "BONI",
    "seoBrand": "Boni Selection",
    "thumbNail": "https://static.colruytgroup.com/images/200x200/std.lang.all/80/38/asset-3028038.jpg",
    "fullImage": "https://static.colruytgroup.com/images/500x500/std.lang.all/80/38/asset-3028038.jpg",
    "squareImage": "https://static.colruytgroup.com/images/500x500sq/std.lang.all/80/38/asset-3028038.jpg",
    "content": "120g",
    "walkRouteSequenceNumber": 7627,
    "price": {
      "basicPrice": 2.99,
      "recommendedQuantity": "1.0",
      "measurementUnitPrice": 24.92,
      "measurementUnit": "K",
      "isRedPrice": false,
      "pricePerUOM": 24.92,
      "activationDate": "13-03-2024",
      "isPromoActive": "Y",
      "priceChangeCode": "E"
    },
    "isAvailable": true,
    "isPriceAvailable": true,
    "inPromo": true,
    "promotion": [
      {
        "techPromoId": "100899COLR",
        "promotionId": "100899",
        "promotionType": "3",
        "isPersonalized": "N",
        "publicationStartDate": "13-03-2024",
        "publicationEndDate": "26-03-2024"
      }
    ],
    "gtin": [
      "05400141800951",
      "05400141512984",
      "15400141963493",
      "15400141338451",
      "05400141338454",
      "05400141277432",
      "05400141205107",
      "05400141090949",
      "15400141512981"
    ],
    "topCategoryName": "Bereidingen/Charcuterie/Vis/Veggie",
    "topCategoryId": "105",
    "businessDomain": "RETAIL_BE",
    "IsPrivateLabel": true,
    "IsBiffe": false,
    "WeightconversionFactor": "0",
    "IsWeightArticle": false,
    "nutriscoreLabel": "C",
    "IsBio": false,
    "CountryOfOrigin": "NEDERLAND",
    "IsExclusivelySoldInLuxembourg": false,
    "OrderUnit": "P",
    "ShortName": "BONI NOTENBURGER 120GR",
    "IsNew": false,
    "EcoscoreLabel": "C",
    "RecentQuanityOfStockUnits": "1",
    "LongName": "BONI notenburger vegetarisch 120g",
    "AlcoholVolume": "0",
    "FicCode": "I",
    "EcoscoreValue": "58"
  },
  {
    "productId": "849086",
    "technicalArticleNumber": "4696491",
    "commercialArticleNumber": "30763",
    "name": "salade niçoise",
    "description": "*Slamix, tonijn, ei,\nrode ui, zwarte\nolijven, sperzie-\nbonen en\nvinaigrettedressing",
    "brand": "BONI",
    "seoBrand": "Boni Selection",
    "thumbNail": "https://static.colruytgroup.com/images/200x200/std.lang.all/72/69/asset-3267269.jpg",
    "fullImage": "https://static.colruytgroup.com/images/500x500/std.lang.all/72/69/asset-3267269.jpg",
    "squareImage": "https://static.colruytgroup.com/images/500x500sq/std.lang.all/72/69/asset-3267269.jpg",
    "content": "400g",
    "walkRouteSequenceNumber": 5318,
    "price": {
      "basicPrice": 4.69,
      "recommendedQuantity": "1.0",
      "quantityPrice": 4.31,
      "quantityPriceQuantity": "3.0",
      "measurementUnitPrice": 11.73,
      "measurementUnitQuantityPrice": 10.78,
      "measurementUnit": "K",
      "isRedPrice": false,
      "pricePerUOM": 11.73,
      "activationDate": "12-03-2024",
      "isPromoActive": "N",
      "priceChangeCode": "H",
      "quantityPricePerUOM": 10.78,
      "quantityActivationDate": "12-03-2024",
      "quantityPriceChangeCode": "E"
    },
    "isAvailable": true,
    "isPriceAvailable": true,
    "inPromo": false,
    "gtin": [
      "05400141512250",
      "05400141694604"
    ],
    "topCategoryName": "Bereidingen/Charcuterie/Vis/Veggie",
    "topCategoryId": "105",
    "businessDomain": "RETAIL_BE",
    "IsPrivateLabel": true,
    "IsBiffe": false,
    "WeightconversionFactor": "0",
    "IsWeightArticle": false,
    "nutriscoreLabel": "A",
    "IsBio": false,
    "CountryOfOrigin": "BELGIË",
    "IsExclusivelySoldInLuxembourg": false,
    "OrderUnit": "P",
    "ShortName": "BONI SALAD.NICOISE 400G",
    "IsNew": false,
    "EcoscoreLabel": "C",
    "RecentQuanityOfStockUnits": "1",
    "LongName": "BONI salade niçoise 400g",
    "AlcoholVolume": "0",
    "FicCode": "I",
    "EcoscoreValue": "53"
  },
  {
    "productId": "303993",
    "technicalArticleNumber": "3707287",
    "commercialArticleNumber": "40251",
    "name": "Ravioli 4 Formaggi",
    "description": "*Italië\n*Kooktijd: 2 minuten",
    "brand": "GIOVANNI RANA",
    "seoBrand": "Giovanni Rana",
    "thumbNail": "https://static.colruytgroup.com/images/200x200/std.lang.all/04/74/asset-2700474.jpg",
    "fullImage": "https://static.colruytgroup.com/images/500x500/std.lang.all/04/74/asset-2700474.jpg",
    "squareImage": "https://static.colruytgroup.com/images/500x500sq/std.lang.all/04/74/asset-2700474.jpg",
    "content": "400g",
    "walkRouteSequenceNumber": 6658,
    "price": {
      "basicPrice": 5.49,
      "recommendedQuantity": "1.0",
      "measurementUnitPrice": 13.73,
      "measurementUnit": "K",
      "isRedPrice": false,
      "pricePerUOM": 13.73,
      "activationDate": "12-03-2024",
      "recordSource": "Offline",
      "isPromoActive": "N",
      "priceChangeCode": "H"
    },
    "isAvailable": true,
    "isPriceAvailable": true,
    "inPromo": false,
    "gtin": [
      "08001665704953",
      "08001665509473",
      "08001665508742"
    ],
    "topCategoryName": "Bereidingen/Charcuterie/Vis/Veggie",
    "topCategoryId": "105",
    "businessDomain": "RETAIL_BE",
    "IsPrivateLabel": false,
    "IsBiffe": false,
    "WeightconversionFactor": "0",
    "IsWeightArticle": false,
    "nutriscoreLabel": "D",
    "IsBio": false,
    "CountryOfOrigin": "ITALIË",
    "IsExclusivelySoldInLuxembourg": false,
    "OrderUnit": "P",
    "ShortName": "RANA RAVIOLI FORM. 400G",
    "IsNew": false,
    "EcoscoreLabel": "C",
    "RecentQuanityOfStockUnits": "1",
    "LongName": "GIOVANNI RANA Ravioli 4 Formaggi 400g",
    "AlcoholVolume": "0",
    "FicCode": "E",
    "EcoscoreValue": "48"
  },
  {
    "productId": "868809",
    "technicalArticleNumber": "4721485",
    "commercialArticleNumber": "15998",
    "name": "Scampi pittige tomatenroomsaus",
    "brand": "BONI",
    "seoBrand": "Boni Selection",
    "thumbNail": "https://static.colruytgroup.com/images/200x200/std.lang.all/59/93/asset-3255993.jpg",
    "fullImage": "https://static.colruytgroup.com/images/500x500/std.lang.all/59/93/asset-3255993.jpg",
    "squareImage": "https://static.colruytgroup.com/images/500x500sq/std.lang.all/59/93/asset-3255993.jpg",
    "content": "450g",
    "walkRouteSequenceNumber": 6674,
    "price": {
      "basicPrice": 6.49,
      "recommendedQuantity": "1.0",
      "measurementUnitPrice": 14.43,
      "measurementUnit": "K",
      "isRedPrice": false,
      "pricePerUOM": 14.43,
      "activationDate": "15-11-2023",
      "isPromoActive": "N",
      "priceChangeCode": "E"
    },
    "isAvailable": true,
    "isPriceAvailable": true,
    "inPromo": false,
    "gtin": [
      "05400141756388"
    ],
    "topCategoryName": "Bereidingen/Charcuterie/Vis/Veggie",
    "topCategoryId": "105",
    "businessDomain": "RETAIL_BE",
    "IsPrivateLabel": true,
    "IsBiffe": false,
    "WeightconversionFactor": "0",
    "IsWeightArticle": false,
    "nutriscoreLabel": "C",
    "IsBio": false,
    "CountryOfOrigin": "BELGIË",
    "IsExclusivelySoldInLuxembourg": false,
    "OrderUnit": "P",
    "ShortName": "BONI SAMPI TOM.SAUS450G",
    "IsNew": false,
    "EcoscoreLabel": "C",
    "RecentQuanityOfStockUnits": "1",
    "LongName": "BONI Scampi pittige tomatenroomsaus 450g",
    "FicCode": "I",
    "EcoscoreValue": "42"
  },
  {
    "productId": "859381",
    "technicalArticleNumber": "4709958",
    "commercialArticleNumber": "2532",
    "name": "Roodbaarsfilet",
    "description": "*Oorsprong: Ijsland\n*Zonder huid\n*MSC",
    "brand": "BONI",
    "seoBrand": "Boni Selection",
    "thumbNail": "https://static.colruytgroup.com/images/200x200/std.lang.all/24/79/asset-3252479.jpg",
    "fullImage": "https://static.colruytgroup.com/images/500x500/std.lang.all/24/79/asset-3252479.jpg",
    "squareImage": "https://static.colruytgroup.com/images/500x500sq/std.lang.all/24/79/asset-3252479.jpg",
    "content": "±250g",
    "walkRouteSequenceNumber": 7437,
    "price": {
      "basicPrice": 23.99,
      "recommendedQuantity": "1.0",
      "unit": "K",
      "measurementUnitPrice": 23.99,
      "measurementUnit": "K",
      "isRedPrice": false,
      "pricePerUOM": 23.99,
      "activationDate": "22-03-2024",
      "recordSource": "Offline",
      "isPromoActive": "N",
      "priceChangeCode": "L"
    },
    "isAvailable": true,
    "isPriceAvailable": true,
    "inPromo": false,
    "gtin": [
      "95400141454881",
      "05400141454888"
    ],
    "topCategoryName": "Bereidingen/Charcuterie/Vis/Veggie",
    "topCategoryId": "105",
    "businessDomain": "RETAIL_BE",
    "IsPrivateLabel": true,
    "IsBiffe": false,
    "WeightconversionFactor": "266.66",
    "IsWeightArticle": true,
    "nutriscoreLabel": "A",
    "IsBio": false,
    "CountryOfOrigin": "IJSLAND",
    "IsExclusivelySoldInLuxembourg": false,
    "OrderUnit": "P",
    "ShortName": "BONI ROODB.FIL. +/-250G",
    "IsNew": false,
    "EcoscoreLabel": "E",
    "RecentQuanityOfStockUnits": "1",
    "LongName": "BONI Roodbaarsfilet ±250g",
    "FicCode": "I",
    "EcoscoreValue": "4"
  },
  {
    "productId": "868962",
    "technicalArticleNumber": "4722230",
    "commercialArticleNumber": "17177",
    "name": "varkenshaasje mosterds. rösti",
    "brand": "BONI",
    "seoBrand": "Boni Selection",
    "thumbNail": "https://static.colruytgroup.com/images/200x200/std.lang.all/59/49/asset-3255949.jpg",
    "fullImage": "https://static.colruytgroup.com/images/500x500/std.lang.all/59/49/asset-3255949.jpg",
    "squareImage": "https://static.colruytgroup.com/images/500x500sq/std.lang.all/59/49/asset-3255949.jpg",
    "content": "450g",
    "walkRouteSequenceNumber": 6675,
    "price": {
      "basicPrice": 5.99,
      "recommendedQuantity": "1.0",
      "measurementUnitPrice": 13.32,
      "measurementUnit": "K",
      "isRedPrice": false,
      "pricePerUOM": 13.32,
      "activationDate": "18-10-2023",
      "isPromoActive": "N",
      "priceChangeCode": "E"
    },
    "isAvailable": true,
    "isPriceAvailable": true,
    "inPromo": false,
    "gtin": [
      "05400141756395"
    ],
    "topCategoryName": "Bereidingen/Charcuterie/Vis/Veggie",
    "topCategoryId": "105",
    "businessDomain": "RETAIL_BE",
    "IsPrivateLabel": true,
    "IsBiffe": false,
    "WeightconversionFactor": "0",
    "IsWeightArticle": false,
    "nutriscoreLabel": "B",
    "IsBio": false,
    "CountryOfOrigin": "BELGIË",
    "IsExclusivelySoldInLuxembourg": false,
    "OrderUnit": "P",
    "ShortName": "BONI VAR.HAAS. MOS.450G",
    "IsNew": false,
    "RecentQuanityOfStockUnits": "1",
    "LongName": "BONI varkenshaasje mosterds. rösti 450g",
    "FicCode": "I"
  },
  {
    "productId": "584817",
    "technicalArticleNumber": "4240167",
    "commercialArticleNumber": "19351",
    "name": "broodje ham kaas tomaat",
    "description": "*Brood met achterham,\ntomaat, gouda en\nmosterdsaus",
    "brand": "BONI",
    "seoBrand": "Boni Selection",
    "thumbNail": "https://static.colruytgroup.com/images/200x200/std.lang.all/11/44/asset-2161144.jpg",
    "fullImage": "https://static.colruytgroup.com/images/500x500/std.lang.all/11/44/asset-2161144.jpg",
    "squareImage": "https://static.colruytgroup.com/images/500x500sq/std.lang.all/11/44/asset-2161144.jpg",
    "content": "150g",
    "walkRouteSequenceNumber": 5315,
    "price": {
      "basicPrice": 2.79,
      "recommendedQuantity": "1.0",
      "measurementUnitPrice": 18.6,
      "measurementUnit": "K",
      "isRedPrice": false,
      "pricePerUOM": 18.6,
      "activationDate": "17-11-2023",
      "isPromoActive": "N",
      "priceChangeCode": "E"
    },
    "isAvailable": true,
    "isPriceAvailable": true,
    "inPromo": false,
    "gtin": [
      "15400141915188",
      "05400141365887",
      "15400141365884",
      "05400141915181"
    ],
    "topCategoryName": "Bereidingen/Charcuterie/Vis/Veggie",
    "topCategoryId": "105",
    "businessDomain": "RETAIL_BE",
    "IsPrivateLabel": true,
    "IsBiffe": false,
    "WeightconversionFactor": "0",
    "IsWeightArticle": false,
    "nutriscoreLabel": "C",
    "IsBio": false,
    "CountryOfOrigin": "NEDERLAND",
    "IsExclusivelySoldInLuxembourg": false,
    "OrderUnit": "P",
    "ShortName": "BONI BRO.HAM/KA/TOM150G",
    "IsNew": false,
    "EcoscoreLabel": "D",
    "RecentQuanityOfStockUnits": "1",
    "LongName": "BONI broodje ham kaas tomaat 150g",
    "FicCode": "I",
    "EcoscoreValue": "27"
  },
  {
    "productId": "188336",
    "technicalArticleNumber": "3456743",
    "commercialArticleNumber": "30662",
    "name": "miniloempia kip",
    "description": "*Met kip en groenten\n*In de oven",
    "brand": "BONI",
    "seoBrand": "Boni Selection",
    "thumbNail": "https://static.colruytgroup.com/images/200x200/std.lang.all/28/16/asset-3352816.jpg",
    "fullImage": "https://static.colruytgroup.com/images/500x500/std.lang.all/28/16/asset-3352816.jpg",
    "squareImage": "https://static.colruytgroup.com/images/500x500sq/std.lang.all/28/16/asset-3352816.jpg",
    "content": "170g",
    "walkRouteSequenceNumber": 6726,
    "price": {
      "basicPrice": 2.99,
      "recommendedQuantity": "1.0",
      "measurementUnitPrice": 17.59,
      "measurementUnit": "K",
      "isRedPrice": false,
      "pricePerUOM": 17.59,
      "activationDate": "10-11-2022",
      "isPromoActive": "N",
      "priceChangeCode": "E"
    },
    "isAvailable": true,
    "isPriceAvailable": true,
    "inPromo": false,
    "gtin": [
      "15400141195672",
      "15400141159414",
      "05400141159417",
      "05400141059731"
    ],
    "topCategoryName": "Bereidingen/Charcuterie/Vis/Veggie",
    "topCategoryId": "105",
    "businessDomain": "RETAIL_BE",
    "IsPrivateLabel": true,
    "IsBiffe": false,
    "WeightconversionFactor": "0",
    "IsWeightArticle": false,
    "nutriscoreLabel": "C",
    "IsBio": false,
    "CountryOfOrigin": "BELGIË",
    "IsExclusivelySoldInLuxembourg": false,
    "OrderUnit": "P",
    "ShortName": "BONI LOEM.KIP 170G .",
    "IsNew": false,
    "EcoscoreLabel": "B",
    "RecentQuanityOfStockUnits": "1",
    "LongName": "BONI miniloempia kip 170g",
    "AlcoholVolume": "0",
    "FicCode": "I",
    "EcoscoreValue": "62"
  },
  {
    "productId": "63914",
    "technicalArticleNumber": "2778631",
    "commercialArticleNumber": "32271",
    "name": "bacon kalkoen Halal",
    "description": "*Duitsland",
    "brand": "MARHABA",
    "seoBrand": "Marhaba",
    "thumbNail": "https://static.colruytgroup.com/images/200x200/std.lang.all/29/60/asset-702960.jpg",
    "fullImage": "https://static.colruytgroup.com/images/500x500/std.lang.all/29/60/asset-702960.jpg",
    "squareImage": "https://static.colruytgroup.com/images/500x500sq/std.lang.all/29/60/asset-702960.jpg",
    "content": "80g",
    "walkRouteSequenceNumber": 7854,
    "price": {
      "basicPrice": 2.59,
      "recommendedQuantity": "1.0",
      "measurementUnitPrice": 32.38,
      "measurementUnit": "K",
      "isRedPrice": false,
      "pricePerUOM": 32.38,
      "activationDate": "13-03-2024",
      "recordSource": "Offline",
      "isPromoActive": "N",
      "priceChangeCode": "E"
    },
    "isAvailable": true,
    "isPriceAvailable": true,
    "inPromo": false,
    "gtin": [
      "08717545693896",
      "04019467483437",
      "08717545693872"
    ],
    "topCategoryName": "Bereidingen/Charcuterie/Vis/Veggie",
    "topCategoryId": "105",
    "businessDomain": "RETAIL_BE",
    "IsPrivateLabel": false,
    "IsBiffe": false,
    "WeightconversionFactor": "0",
    "IsWeightArticle": false,
    "IsBio": false,
    "CountryOfOrigin": "DUITSLAND",
    "IsExclusivelySoldInLuxembourg": false,
    "OrderUnit": "P",
    "ShortName": "MARHABA KALK.BACON 80GR",
    "IsNew": false,
    "EcoscoreLabel": "C",
    "RecentQuanityOfStockUnits": "1",
    "LongName": "MARHABA bacon kalkoen Halal 80g",
    "AlcoholVolume": "0",
    "FicCode": "E",
    "EcoscoreValue": "45"
  },
  {
    "productId": "743053",
    "technicalArticleNumber": "4509535",
    "commercialArticleNumber": "28173",
    "name": "ongepelde garnalen",
    "description": "*Nederland",
    "brand": "BONI",
    "seoBrand": "Boni Selection",
    "thumbNail": "https://static.colruytgroup.com/images/200x200/std.lang.all/66/95/asset-3186695.jpg",
    "fullImage": "https://static.colruytgroup.com/images/500x500/std.lang.all/66/95/asset-3186695.jpg",
    "squareImage": "https://static.colruytgroup.com/images/500x500sq/std.lang.all/66/95/asset-3186695.jpg",
    "content": "250g",
    "walkRouteSequenceNumber": 7550,
    "price": {
      "basicPrice": 5.99,
      "recommendedQuantity": "1.0",
      "measurementUnitPrice": 23.96,
      "measurementUnit": "K",
      "isRedPrice": false,
      "pricePerUOM": 23.96,
      "activationDate": "13-03-2024",
      "isPromoActive": "N",
      "priceChangeCode": "H"
    },
    "isAvailable": true,
    "isPriceAvailable": true,
    "inPromo": false,
    "gtin": [
      "05400141615005",
      "15400141615002",
      "15400141719373"
    ],
    "topCategoryName": "Bereidingen/Charcuterie/Vis/Veggie",
    "topCategoryId": "105",
    "businessDomain": "RETAIL_BE",
    "IsPrivateLabel": true,
    "IsBiffe": false,
    "WeightconversionFactor": "0",
    "IsWeightArticle": false,
    "nutriscoreLabel": "B",
    "IsBio": false,
    "CountryOfOrigin": "NEDERLAND",
    "IsExclusivelySoldInLuxembourg": false,
    "OrderUnit": "P",
    "ShortName": "BONI ONGEPELD GARN.250G",
    "IsNew": false,
    "EcoscoreLabel": "C",
    "RecentQuanityOfStockUnits": "1,2",
    "LongName": "BONI ongepelde garnalen 250g",
    "FicCode": "I",
    "EcoscoreValue": "50"
  },
  {
    "productId": "211175",
    "technicalArticleNumber": "3519653",
    "commercialArticleNumber": "27268",
    "name": "paté ovengebakken",
    "brand": "BONI",
    "seoBrand": "Boni Selection",
    "thumbNail": "https://static.colruytgroup.com/images/200x200/std.lang.all/27/86/asset-3362786.jpg",
    "fullImage": "https://static.colruytgroup.com/images/500x500/std.lang.all/27/86/asset-3362786.jpg",
    "squareImage": "https://static.colruytgroup.com/images/500x500sq/std.lang.all/27/86/asset-3362786.jpg",
    "content": "200g",
    "walkRouteSequenceNumber": 7706,
    "price": {
      "basicPrice": 3.98,
      "recommendedQuantity": "1.0",
      "measurementUnitPrice": 19.9,
      "measurementUnit": "K",
      "isRedPrice": false,
      "pricePerUOM": 19.9,
      "activationDate": "10-02-2024",
      "recordSource": "Offline",
      "isPromoActive": "N",
      "priceChangeCode": "H"
    },
    "isAvailable": true,
    "isPriceAvailable": true,
    "inPromo": false,
    "gtin": [
      "05400141364132",
      "05400141320527",
      "05400141422481"
    ],
    "topCategoryName": "Bereidingen/Charcuterie/Vis/Veggie",
    "topCategoryId": "105",
    "businessDomain": "RETAIL_BE",
    "IsPrivateLabel": true,
    "IsBiffe": false,
    "WeightconversionFactor": "0",
    "IsWeightArticle": false,
    "nutriscoreLabel": "D",
    "IsBio": false,
    "CountryOfOrigin": "BELGIË",
    "IsExclusivelySoldInLuxembourg": false,
    "OrderUnit": "P",
    "ShortName": "BONI OVENGEB PASTEI200G",
    "IsNew": false,
    "EcoscoreLabel": "C",
    "RecentQuanityOfStockUnits": "1",
    "LongName": "BONI paté ovengebakken 200g",
    "AlcoholVolume": "0",
    "FicCode": "I",
    "EcoscoreValue": "48"
  },
  {
    "productId": "288578",
    "technicalArticleNumber": "3676192",
    "commercialArticleNumber": "27420",
    "name": "kipfilet aan't spit sneetjes",
    "brand": "AOSTE",
    "seoBrand": "Aoste",
    "thumbNail": "https://static.colruytgroup.com/images/200x200/std.lang.all/48/19/asset-2884819.jpg",
    "fullImage": "https://static.colruytgroup.com/images/500x500/std.lang.all/48/19/asset-2884819.jpg",
    "squareImage": "https://static.colruytgroup.com/images/500x500sq/std.lang.all/48/19/asset-2884819.jpg",
    "content": "120g",
    "walkRouteSequenceNumber": 7902,
    "price": {
      "basicPrice": 4.35,
      "recommendedQuantity": "1.0",
      "measurementUnitPrice": 36.25,
      "measurementUnit": "K",
      "isRedPrice": false,
      "pricePerUOM": 36.25,
      "activationDate": "08-03-2024",
      "recordSource": "Offline",
      "isPromoActive": "N",
      "priceChangeCode": "H"
    },
    "isAvailable": true,
    "isPriceAvailable": true,
    "inPromo": false,
    "gtin": [
      "05411319273248"
    ],
    "topCategoryName": "Bereidingen/Charcuterie/Vis/Veggie",
    "topCategoryId": "105",
    "businessDomain": "RETAIL_BE",
    "IsPrivateLabel": false,
    "IsBiffe": false,
    "WeightconversionFactor": "0",
    "IsWeightArticle": false,
    "nutriscoreLabel": "D",
    "IsBio": false,
    "CountryOfOrigin": "BELGIË",
    "IsExclusivelySoldInLuxembourg": false,
    "OrderUnit": "P",
    "ShortName": "AOSTE KIP A SPIT 120G",
    "IsNew": false,
    "EcoscoreLabel": "C",
    "RecentQuanityOfStockUnits": "1",
    "LongName": "AOSTE kipfilet aan't spit sneetjes 120g",
    "AlcoholVolume": "0",
    "FicCode": "E",
    "EcoscoreValue": "57"
  },
  {
    "productId": "27188",
    "technicalArticleNumber": "2191674",
    "commercialArticleNumber": "27430",
    "name": "roze garnalen wild MSC",
    "description": "*Wild, midden-\nwestelijk deel van\nAtlantische, Stille\nen Indische Oceaan\n*met label MSC",
    "brand": "BONI",
    "seoBrand": "Boni Selection",
    "thumbNail": "https://static.colruytgroup.com/images/200x200/std.lang.all/55/22/asset-3175522.jpg",
    "fullImage": "https://static.colruytgroup.com/images/500x500/std.lang.all/55/22/asset-3175522.jpg",
    "squareImage": "https://static.colruytgroup.com/images/500x500sq/std.lang.all/55/22/asset-3175522.jpg",
    "content": "125g",
    "walkRouteSequenceNumber": 7543,
    "price": {
      "basicPrice": 3.32,
      "recommendedQuantity": "1.0",
      "measurementUnitPrice": 26.56,
      "measurementUnit": "K",
      "isRedPrice": false,
      "pricePerUOM": 26.56,
      "activationDate": "13-12-2023",
      "recordSource": "Offline",
      "isPromoActive": "N",
      "priceChangeCode": "E"
    },
    "isAvailable": true,
    "isPriceAvailable": true,
    "inPromo": false,
    "gtin": [
      "05400141365931",
      "05400141417173",
      "15400141313816",
      "15400141365938",
      "15400141794776",
      "15400141975434",
      "05400141070545",
      "05400141027693",
      "05400141313819",
      "15400141939399"
    ],
    "topCategoryName": "Bereidingen/Charcuterie/Vis/Veggie",
    "topCategoryId": "105",
    "businessDomain": "RETAIL_BE",
    "IsPrivateLabel": true,
    "IsBiffe": false,
    "WeightconversionFactor": "0",
    "IsWeightArticle": false,
    "nutriscoreLabel": "D",
    "IsBio": false,
    "CountryOfOrigin": "BELGIË",
    "IsExclusivelySoldInLuxembourg": false,
    "OrderUnit": "P",
    "ShortName": "BONI ROZE GARN3/5 125GR",
    "IsNew": false,
    "EcoscoreLabel": "D",
    "RecentQuanityOfStockUnits": "1,8",
    "LongName": "BONI roze garnalen wild MSC 125g",
    "AlcoholVolume": "0",
    "FicCode": "I",
    "EcoscoreValue": "31"
  },
  {
    "productId": "893373",
    "technicalArticleNumber": "4755256",
    "commercialArticleNumber": "7915",
    "name": "Boul.Very Chouettes",
    "brand": "DE VEGETARISCHE SLAGER",
    "seoBrand": "DE VEGETARISCHE SLAGER",
    "thumbNail": "https://ecgproductmw.colruytgroup.com/ecgproductmw/noPicForArticle_2.jpg",
    "fullImage": "https://ecgproductmw.colruytgroup.com/ecgproductmw/noPicForArticle_5.jpg",
    "squareImage": "https://ecgproductmw.colruytgroup.com/ecgproductmw/noPicForArticle_5.jpg",
    "content": "180g",
    "walkRouteSequenceNumber": 7573,
    "price": {
      "basicPrice": 3.99,
      "recommendedQuantity": "1.0",
      "measurementUnitPrice": 22.17,
      "measurementUnit": "K",
      "isRedPrice": false,
      "pricePerUOM": 22.17,
      "activationDate": "19-03-2024",
      "recordSource": "Offline",
      "isPromoActive": "N",
      "priceChangeCode": "E"
    },
    "isAvailable": true,
    "isPriceAvailable": true,
    "inPromo": false,
    "gtin": [
      "08720182685544",
      "08720182685551"
    ],
    "topCategoryName": "Bereidingen/Charcuterie/Vis/Veggie",
    "topCategoryId": "105",
    "businessDomain": "RETAIL_BE",
    "IsPrivateLabel": false,
    "IsBiffe": false,
    "WeightconversionFactor": "0",
    "IsWeightArticle": false,
    "nutriscoreLabel": "A",
    "IsBio": false,
    "CountryOfOrigin": "NEDERLAND",
    "IsExclusivelySoldInLuxembourg": false,
    "OrderUnit": "P",
    "ShortName": "VESL BOULETTEKES 180G",
    "IsNew": false,
    "EcoscoreLabel": "C",
    "RecentQuanityOfStockUnits": "1,4",
    "LongName": "DE VEGETARISCHE SLAGER Boul.Very Chouettes 180g",
    "AlcoholVolume": "0",
    "FicCode": "E",
    "EcoscoreValue": "55"
  },
  {
    "productId": "630043",
    "technicalArticleNumber": "4315346",
    "commercialArticleNumber": "4594",
    "name": "spek met roomkaas",
    "description": "*rolletje katenspek\ngevulde met\nroomkaas naturel",
    "brand": "BONI",
    "seoBrand": "Boni Selection",
    "thumbNail": "https://static.colruytgroup.com/images/200x200/std.lang.all/32/14/asset-2443214.jpg",
    "fullImage": "https://static.colruytgroup.com/images/500x500/std.lang.all/32/14/asset-2443214.jpg",
    "squareImage": "https://static.colruytgroup.com/images/500x500sq/std.lang.all/32/14/asset-2443214.jpg",
    "content": "100g",
    "walkRouteSequenceNumber": 7669,
    "price": {
      "basicPrice": 2.89,
      "recommendedQuantity": "1.0",
      "measurementUnitPrice": 28.9,
      "measurementUnit": "K",
      "isRedPrice": false,
      "pricePerUOM": 28.9,
      "activationDate": "03-01-2024",
      "recordSource": "Offline",
      "isPromoActive": "N",
      "priceChangeCode": "E"
    },
    "isAvailable": true,
    "isPriceAvailable": true,
    "inPromo": false,
    "gtin": [
      "05400141462227",
      "15400141462224"
    ],
    "topCategoryName": "Bereidingen/Charcuterie/Vis/Veggie",
    "topCategoryId": "105",
    "businessDomain": "RETAIL_BE",
    "IsPrivateLabel": true,
    "IsBiffe": false,
    "WeightconversionFactor": "0",
    "IsWeightArticle": false,
    "nutriscoreLabel": "E",
    "IsBio": false,
    "CountryOfOrigin": "NEDERLAND",
    "IsExclusivelySoldInLuxembourg": false,
    "OrderUnit": "P",
    "ShortName": "BONI SPEK ROOMKAAS 100G",
    "IsNew": false,
    "EcoscoreLabel": "E",
    "RecentQuanityOfStockUnits": "1",
    "LongName": "BONI spek met roomkaas 100g",
    "FicCode": "I",
    "EcoscoreValue": "9"
  },
  {
    "productId": "703011",
    "technicalArticleNumber": "4436844",
    "commercialArticleNumber": "20435",
    "name": "gemar. filet stukjes",
    "brand": "GARDEN GOURMET",
    "seoBrand": "Garden Gourmet",
    "thumbNail": "https://ecgproductmw.colruytgroup.com/ecgproductmw/noPicForArticle_2.jpg",
    "fullImage": "https://ecgproductmw.colruytgroup.com/ecgproductmw/noPicForArticle_5.jpg",
    "squareImage": "https://ecgproductmw.colruytgroup.com/ecgproductmw/noPicForArticle_5.jpg",
    "content": "160g",
    "walkRouteSequenceNumber": 7587,
    "price": {
      "basicPrice": 2.49,
      "recommendedQuantity": "1.0",
      "measurementUnitPrice": 15.57,
      "measurementUnit": "K",
      "isRedPrice": false,
      "pricePerUOM": 15.57,
      "activationDate": "19-03-2024",
      "recordSource": "Folder",
      "isPromoActive": "N",
      "priceChangeCode": "E"
    },
    "isAvailable": true,
    "isPriceAvailable": true,
    "inPromo": false,
    "gtin": [
      "07613287418975",
      "07613287594266"
    ],
    "topCategoryName": "Bereidingen/Charcuterie/Vis/Veggie",
    "topCategoryId": "105",
    "businessDomain": "RETAIL_BE",
    "IsPrivateLabel": false,
    "IsBiffe": false,
    "WeightconversionFactor": "0",
    "IsWeightArticle": false,
    "nutriscoreLabel": "A",
    "IsBio": false,
    "CountryOfOrigin": "TSJECHIË (REPUBLIEK)",
    "IsExclusivelySoldInLuxembourg": false,
    "OrderUnit": "P",
    "ShortName": "GG GEMAR.FILET.ST 160G",
    "IsNew": false,
    "RecentQuanityOfStockUnits": "1",
    "LongName": "GARDEN GOURMET gemar. filet stukjes 160g",
    "FicCode": "E"
  },
  {
    "productId": "505641",
    "technicalArticleNumber": "4059311",
    "commercialArticleNumber": "6775",
    "name": "paella garnalen,mossels,kip",
    "description": "*Rijstgerecht met\ngarnalen,\nmossels,\nstukjes kip",
    "brand": "BONI",
    "seoBrand": "Boni Selection",
    "thumbNail": "https://static.colruytgroup.com/images/200x200/std.lang.all/38/60/asset-3343860.jpg",
    "fullImage": "https://static.colruytgroup.com/images/500x500/std.lang.all/38/60/asset-3343860.jpg",
    "squareImage": "https://static.colruytgroup.com/images/500x500sq/std.lang.all/38/60/asset-3343860.jpg",
    "content": "1kg",
    "walkRouteSequenceNumber": 6642,
    "price": {
      "basicPrice": 11.95,
      "recommendedQuantity": "1.0",
      "measurementUnitPrice": 11.95,
      "measurementUnit": "K",
      "isRedPrice": false,
      "pricePerUOM": 11.95,
      "activationDate": "19-03-2024",
      "recordSource": "Offline",
      "isPromoActive": "N",
      "priceChangeCode": "E"
    },
    "isAvailable": true,
    "isPriceAvailable": true,
    "inPromo": false,
    "gtin": [
      "05400141805123",
      "05400141260106",
      "05400141422900"
    ],
    "topCategoryName": "Bereidingen/Charcuterie/Vis/Veggie",
    "topCategoryId": "105",
    "businessDomain": "RETAIL_BE",
    "IsPrivateLabel": true,
    "IsBiffe": false,
    "WeightconversionFactor": "0",
    "IsWeightArticle": false,
    "nutriscoreLabel": "C",
    "IsBio": false,
    "CountryOfOrigin": "BELGIË",
    "IsExclusivelySoldInLuxembourg": false,
    "OrderUnit": "P",
    "ShortName": "BONI PAELLA 1KG",
    "InSeason": true,
    "IsNew": false,
    "EcoscoreLabel": "C",
    "RecentQuanityOfStockUnits": "1",
    "LongName": "BONI paella garnalen,mossels,kip 1kg",
    "StartSeasonDate": "14/11/2019",
    "FicCode": "I",
    "EcoscoreValue": "42"
  },
  {
    "productId": "464906",
    "technicalArticleNumber": "4020239",
    "commercialArticleNumber": "5101",
    "name": "Vegetarische Sneetjes Curry",
    "description": "*Veggie",
    "brand": "AOSTE",
    "seoBrand": "Aoste",
    "thumbNail": "https://static.colruytgroup.com/images/200x200/std.lang.all/73/56/asset-3357356.jpg",
    "fullImage": "https://static.colruytgroup.com/images/500x500/std.lang.all/73/56/asset-3357356.jpg",
    "squareImage": "https://static.colruytgroup.com/images/500x500sq/std.lang.all/73/56/asset-3357356.jpg",
    "content": "100g",
    "walkRouteSequenceNumber": 7509,
    "price": {
      "basicPrice": 2.69,
      "recommendedQuantity": "1.0",
      "measurementUnitPrice": 26.9,
      "measurementUnit": "K",
      "isRedPrice": false,
      "pricePerUOM": 26.9,
      "activationDate": "14-03-2024",
      "recordSource": "Folder",
      "isPromoActive": "Y",
      "priceChangeCode": "L"
    },
    "isAvailable": true,
    "isPriceAvailable": true,
    "inPromo": true,
    "promotion": [
      {
        "techPromoId": "100874COLR",
        "promotionId": "100874",
        "promotionType": "3",
        "isPersonalized": "N",
        "publicationStartDate": "13-03-2024",
        "publicationEndDate": "26-03-2024"
      }
    ],
    "gtin": [
      "05411319278106"
    ],
    "topCategoryName": "Bereidingen/Charcuterie/Vis/Veggie",
    "topCategoryId": "105",
    "businessDomain": "RETAIL_BE",
    "IsPrivateLabel": false,
    "IsBiffe": false,
    "WeightconversionFactor": "0",
    "IsWeightArticle": false,
    "nutriscoreLabel": "D",
    "IsBio": false,
    "CountryOfOrigin": "PORTUGAL",
    "IsExclusivelySoldInLuxembourg": false,
    "OrderUnit": "P",
    "ShortName": "AOSTE VEGE CURRY 100G",
    "InSeason": true,
    "IsNew": false,
    "EcoscoreLabel": "A",
    "RecentQuanityOfStockUnits": "1",
    "LongName": "AOSTE Vegetarische Sneetjes Curry 100g",
    "StartSeasonDate": "13/02/2023",
    "FicCode": "E",
    "EcoscoreValue": "89"
  },
  {
    "productId": "583118",
    "technicalArticleNumber": "4236648",
    "commercialArticleNumber": "18695",
    "name": "Poolse worst",
    "description": "*Gekookte varkens\nen rundvlees\nbereiding",
    "brand": "AUBEL",
    "seoBrand": "Aubel",
    "thumbNail": "https://static.colruytgroup.com/images/200x200/std.lang.all/15/75/asset-2041575.jpg",
    "fullImage": "https://static.colruytgroup.com/images/500x500/std.lang.all/15/75/asset-2041575.jpg",
    "squareImage": "https://static.colruytgroup.com/images/500x500sq/std.lang.all/15/75/asset-2041575.jpg",
    "content": "2x150g",
    "walkRouteSequenceNumber": 7718,
    "price": {
      "basicPrice": 5.59,
      "recommendedQuantity": "1.0",
      "measurementUnitPrice": 18.64,
      "measurementUnit": "K",
      "isRedPrice": false,
      "pricePerUOM": 18.64,
      "activationDate": "02-02-2024",
      "recordSource": "Offline",
      "isPromoActive": "N",
      "priceChangeCode": "E"
    },
    "isAvailable": true,
    "isPriceAvailable": true,
    "inPromo": false,
    "gtin": [
      "05410459006211"
    ],
    "topCategoryName": "Bereidingen/Charcuterie/Vis/Veggie",
    "topCategoryId": "105",
    "businessDomain": "RETAIL_BE",
    "IsPrivateLabel": false,
    "IsBiffe": false,
    "WeightconversionFactor": "0",
    "IsWeightArticle": false,
    "nutriscoreLabel": "D",
    "IsBio": false,
    "CountryOfOrigin": "BELGIË",
    "IsExclusivelySoldInLuxembourg": false,
    "OrderUnit": "P",
    "ShortName": "AUBEL POOLSE WORST 300G",
    "IsNew": false,
    "EcoscoreLabel": "D",
    "RecentQuanityOfStockUnits": "1",
    "LongName": "AUBEL Poolse worst 2x150g",
    "FicCode": "E",
    "EcoscoreValue": "31"
  },
  {
    "productId": "600898",
    "technicalArticleNumber": "4266979",
    "commercialArticleNumber": "18983",
    "name": "gehakt",
    "description": "*Vegan gehakt op\nbasis van\nplantaardige\neiwitten\n(tarwe, soja)",
    "brand": "THE BLUE BUTCHER",
    "seoBrand": "The Blue Butcher",
    "thumbNail": "https://static.colruytgroup.com/images/200x200/std.lang.all/23/42/asset-2342342.jpg",
    "fullImage": "https://static.colruytgroup.com/images/500x500/std.lang.all/23/42/asset-2342342.jpg",
    "squareImage": "https://static.colruytgroup.com/images/500x500sq/std.lang.all/23/42/asset-2342342.jpg",
    "content": "300g",
    "walkRouteSequenceNumber": 7595,
    "price": {
      "basicPrice": 4.59,
      "recommendedQuantity": "1.0",
      "measurementUnitPrice": 15.3,
      "measurementUnit": "K",
      "isRedPrice": false,
      "pricePerUOM": 15.3,
      "activationDate": "13-03-2024",
      "isPromoActive": "N",
      "priceChangeCode": "E"
    },
    "isAvailable": true,
    "isPriceAvailable": true,
    "inPromo": false,
    "gtin": [
      "08713582207416",
      "08713582214247"
    ],
    "topCategoryName": "Bereidingen/Charcuterie/Vis/Veggie",
    "topCategoryId": "105",
    "businessDomain": "RETAIL_BE",
    "IsPrivateLabel": false,
    "IsBiffe": false,
    "WeightconversionFactor": "0",
    "IsWeightArticle": false,
    "IsBio": false,
    "CountryOfOrigin": "NEDERLAND",
    "IsExclusivelySoldInLuxembourg": false,
    "OrderUnit": "P",
    "ShortName": "TBLB GEHAKT 300G",
    "IsNew": false,
    "RecentQuanityOfStockUnits": "1",
    "LongName": "THE BLUE BUTCHER gehakt 300g",
    "FicCode": "E"
  },
  {
    "productId": "774523",
    "technicalArticleNumber": "4563918",
    "commercialArticleNumber": "1596",
    "name": "Vegan Krokante Schnitzel",
    "brand": "VIVERA",
    "seoBrand": "Vivera",
    "thumbNail": "https://static.colruytgroup.com/images/200x200/std.lang.all/27/84/asset-2942784.jpg",
    "fullImage": "https://static.colruytgroup.com/images/500x500/std.lang.all/27/84/asset-2942784.jpg",
    "squareImage": "https://static.colruytgroup.com/images/500x500sq/std.lang.all/27/84/asset-2942784.jpg",
    "content": "2x100g",
    "walkRouteSequenceNumber": 7589,
    "price": {
      "basicPrice": 3.09,
      "recommendedQuantity": "1.0",
      "measurementUnitPrice": 15.45,
      "measurementUnit": "K",
      "isRedPrice": false,
      "pricePerUOM": 15.45,
      "activationDate": "12-03-2024",
      "recordSource": "Offline",
      "isPromoActive": "N",
      "priceChangeCode": "E"
    },
    "isAvailable": true,
    "isPriceAvailable": true,
    "inPromo": true,
    "promotion": [
      {
        "techPromoId": "100873COLR",
        "promotionId": "100873",
        "promotionType": "4",
        "isPersonalized": "N",
        "publicationStartDate": "13-03-2024",
        "publicationEndDate": "26-03-2024"
      }
    ],
    "gtin": [
      "08718300584305",
      "08718300873393"
    ],
    "topCategoryName": "Bereidingen/Charcuterie/Vis/Veggie",
    "topCategoryId": "105",
    "businessDomain": "RETAIL_BE",
    "IsPrivateLabel": false,
    "IsBiffe": false,
    "WeightconversionFactor": "0",
    "IsWeightArticle": false,
    "IsBio": false,
    "CountryOfOrigin": "NEDERLAND",
    "IsExclusivelySoldInLuxembourg": false,
    "OrderUnit": "P",
    "ShortName": "VIVE KRO.SCHNITZ.2X100G",
    "IsNew": false,
    "RecentQuanityOfStockUnits": "1,6",
    "LongName": "VIVERA Vegan Krokante Schnitzel 2x100g",
    "FicCode": "E"
  },
  {
    "productId": "878323",
    "technicalArticleNumber": "4734335",
    "commercialArticleNumber": "15910",
    "name": "gemarineerde scampi ASC",
    "description": "*Gepelde garnalen\n*Gemarineerd\n*Vietnam\n*met label ASC",
    "brand": "BONI",
    "seoBrand": "Boni Selection",
    "thumbNail": "https://static.colruytgroup.com/images/200x200/std.lang.all/50/70/asset-3365070.jpg",
    "fullImage": "https://static.colruytgroup.com/images/500x500/std.lang.all/50/70/asset-3365070.jpg",
    "squareImage": "https://static.colruytgroup.com/images/500x500sq/std.lang.all/50/70/asset-3365070.jpg",
    "content": "200g",
    "walkRouteSequenceNumber": 7559,
    "price": {
      "basicPrice": 5.99,
      "recommendedQuantity": "1.0",
      "measurementUnitPrice": 29.95,
      "measurementUnit": "K",
      "isRedPrice": false,
      "pricePerUOM": 29.95,
      "activationDate": "17-01-2024",
      "isPromoActive": "N",
      "priceChangeCode": "H"
    },
    "isAvailable": true,
    "isPriceAvailable": true,
    "inPromo": false,
    "gtin": [
      "05400141453072"
    ],
    "topCategoryName": "Bereidingen/Charcuterie/Vis/Veggie",
    "topCategoryId": "105",
    "businessDomain": "RETAIL_BE",
    "IsPrivateLabel": true,
    "IsBiffe": false,
    "WeightconversionFactor": "0",
    "IsWeightArticle": false,
    "nutriscoreLabel": "C",
    "IsBio": false,
    "CountryOfOrigin": "VIETNAM",
    "IsExclusivelySoldInLuxembourg": false,
    "OrderUnit": "P",
    "ShortName": "BONI GEMAR. SCAMPI 200G",
    "IsNew": false,
    "EcoscoreLabel": "E",
    "RecentQuanityOfStockUnits": "4,1",
    "LongName": "BONI gemarineerde scampi ASC 200g",
    "AlcoholVolume": "0",
    "FicCode": "I",
    "EcoscoreValue": "18"
  },
  {
    "productId": "551930",
    "technicalArticleNumber": "4183532",
    "commercialArticleNumber": "10619",
    "name": "haringhapjes in dillesaus",
    "description": "*Stukjes vaste filet\n*Yogh.vinaigrette\n*Wildvangst (MSC)",
    "brand": "GILCO",
    "seoBrand": "Gilco",
    "thumbNail": "https://static.colruytgroup.com/images/200x200/std.lang.all/71/12/asset-3257112.jpg",
    "fullImage": "https://static.colruytgroup.com/images/500x500/std.lang.all/71/12/asset-3257112.jpg",
    "squareImage": "https://static.colruytgroup.com/images/500x500sq/std.lang.all/71/12/asset-3257112.jpg",
    "content": "400g",
    "walkRouteSequenceNumber": 7516,
    "price": {
      "basicPrice": 6.49,
      "recommendedQuantity": "1.0",
      "measurementUnitPrice": 16.23,
      "measurementUnit": "K",
      "isRedPrice": false,
      "pricePerUOM": 16.23,
      "activationDate": "09-01-2024",
      "isPromoActive": "N",
      "priceChangeCode": "H"
    },
    "isAvailable": true,
    "isPriceAvailable": true,
    "inPromo": false,
    "gtin": [
      "05410659999733",
      "05410659992178"
    ],
    "topCategoryName": "Bereidingen/Charcuterie/Vis/Veggie",
    "topCategoryId": "105",
    "businessDomain": "RETAIL_BE",
    "IsPrivateLabel": false,
    "IsBiffe": false,
    "WeightconversionFactor": "0",
    "IsWeightArticle": false,
    "IsBio": false,
    "CountryOfOrigin": "BELGIË",
    "IsExclusivelySoldInLuxembourg": false,
    "OrderUnit": "P",
    "ShortName": "GILC HAR.HAP.DIL400G",
    "IsNew": false,
    "RecentQuanityOfStockUnits": "1",
    "LongName": "GILCO haringhapjes in dillesaus 400g",
    "FicCode": "E"
  },
  {
    "productId": "752397",
    "technicalArticleNumber": "4525388",
    "commercialArticleNumber": "21716",
    "name": "Seitan gehakt",
    "brand": "BONI BIO",
    "seoBrand": "Boni Selection Bio",
    "thumbNail": "https://static.colruytgroup.com/images/200x200/std.lang.all/74/69/asset-2707469.jpg",
    "fullImage": "https://static.colruytgroup.com/images/500x500/std.lang.all/74/69/asset-2707469.jpg",
    "squareImage": "https://static.colruytgroup.com/images/500x500sq/std.lang.all/74/69/asset-2707469.jpg",
    "content": "180g",
    "walkRouteSequenceNumber": 7628,
    "price": {
      "basicPrice": 3.49,
      "recommendedQuantity": "1.0",
      "measurementUnitPrice": 19.39,
      "measurementUnit": "K",
      "isRedPrice": false,
      "pricePerUOM": 19.39,
      "activationDate": "21-03-2024",
      "recordSource": "Offline",
      "isPromoActive": "N",
      "priceChangeCode": "E"
    },
    "isAvailable": true,
    "isPriceAvailable": true,
    "inPromo": true,
    "promotion": [
      {
        "techPromoId": "100899COLR",
        "promotionId": "100899",
        "promotionType": "3",
        "isPersonalized": "N",
        "publicationStartDate": "13-03-2024",
        "publicationEndDate": "26-03-2024"
      }
    ],
    "gtin": [
      "15400141504757",
      "05400141504750"
    ],
    "topCategoryName": "Bereidingen/Charcuterie/Vis/Veggie",
    "topCategoryId": "105",
    "businessDomain": "RETAIL_BE",
    "IsPrivateLabel": true,
    "IsBiffe": false,
    "WeightconversionFactor": "0",
    "IsWeightArticle": false,
    "nutriscoreLabel": "A",
    "IsBio": true,
    "CountryOfOrigin": "BELGIË",
    "IsExclusivelySoldInLuxembourg": false,
    "OrderUnit": "P",
    "ShortName": "BONI BIO SEIT.GEHAKT180",
    "IsNew": false,
    "EcoscoreLabel": "A",
    "RecentQuanityOfStockUnits": "1",
    "LongName": "BONI BIO Seitan gehakt 180g",
    "FicCode": "I",
    "EcoscoreValue": "100"
  },
  {
    "productId": "97111",
    "technicalArticleNumber": "2881520",
    "commercialArticleNumber": "33662",
    "name": "currysalade",
    "description": "*Smeersalade\n*Met currysaus en\nvegan worst\n*Vegan",
    "brand": "BONI",
    "seoBrand": "Boni Selection",
    "thumbNail": "https://static.colruytgroup.com/images/200x200/std.lang.all/22/05/asset-3212205.jpg",
    "fullImage": "https://static.colruytgroup.com/images/500x500/std.lang.all/22/05/asset-3212205.jpg",
    "squareImage": "https://static.colruytgroup.com/images/500x500sq/std.lang.all/22/05/asset-3212205.jpg",
    "content": "200g",
    "walkRouteSequenceNumber": 7493,
    "price": {
      "basicPrice": 2.79,
      "recommendedQuantity": "1.0",
      "measurementUnitPrice": 13.95,
      "measurementUnit": "K",
      "isRedPrice": false,
      "pricePerUOM": 13.95,
      "activationDate": "13-03-2024",
      "isPromoActive": "N",
      "priceChangeCode": "E"
    },
    "isAvailable": true,
    "isPriceAvailable": true,
    "inPromo": true,
    "promotion": [
      {
        "techPromoId": "100899COLR",
        "promotionId": "100899",
        "promotionType": "3",
        "isPersonalized": "N",
        "publicationStartDate": "13-03-2024",
        "publicationEndDate": "26-03-2024"
      }
    ],
    "gtin": [
      "05400141531664",
      "15400141150619",
      "15400141360636",
      "15400141963820",
      "05400141700633"
    ],
    "topCategoryName": "Bereidingen/Charcuterie/Vis/Veggie",
    "topCategoryId": "105",
    "businessDomain": "RETAIL_BE",
    "IsPrivateLabel": true,
    "IsBiffe": false,
    "WeightconversionFactor": "0",
    "IsWeightArticle": false,
    "nutriscoreLabel": "C",
    "IsBio": false,
    "CountryOfOrigin": "BELGIË",
    "IsExclusivelySoldInLuxembourg": false,
    "OrderUnit": "P",
    "ShortName": "BONI VEG.CURRYSAL.200GR",
    "IsNew": false,
    "EcoscoreLabel": "B",
    "RecentQuanityOfStockUnits": "1",
    "LongName": "BONI currysalade 200g",
    "AlcoholVolume": "0",
    "FicCode": "I",
    "EcoscoreValue": "74"
  },
  {
    "productId": "779484",
    "technicalArticleNumber": "4573676",
    "commercialArticleNumber": "28640",
    "name": "tonijn salade niçoise MSC",
    "description": "*Salade van groenten,\n*tonijn en aardappelen",
    "brand": "BONI",
    "seoBrand": "Boni Selection",
    "thumbNail": "https://static.colruytgroup.com/images/200x200/std.lang.all/02/70/asset-2930270.jpg",
    "fullImage": "https://static.colruytgroup.com/images/500x500/std.lang.all/02/70/asset-2930270.jpg",
    "squareImage": "https://static.colruytgroup.com/images/500x500sq/std.lang.all/02/70/asset-2930270.jpg",
    "content": "250g",
    "walkRouteSequenceNumber": 17606,
    "price": {
      "basicPrice": 1.89,
      "recommendedQuantity": "1.0",
      "measurementUnitPrice": 7.56,
      "measurementUnit": "K",
      "isRedPrice": false,
      "pricePerUOM": 7.56,
      "activationDate": "06-03-2024",
      "isPromoActive": "N",
      "priceChangeCode": "L"
    },
    "isAvailable": true,
    "isPriceAvailable": true,
    "inPromo": false,
    "gtin": [
      "15400141888949",
      "05400141888942"
    ],
    "topCategoryName": "Bereidingen/Charcuterie/Vis/Veggie",
    "topCategoryId": "105",
    "businessDomain": "RETAIL_BE",
    "IsPrivateLabel": true,
    "IsBiffe": false,
    "WeightconversionFactor": "0",
    "IsWeightArticle": false,
    "nutriscoreLabel": "A",
    "IsBio": false,
    "CountryOfOrigin": "FRANKRIJK",
    "IsExclusivelySoldInLuxembourg": false,
    "OrderUnit": "P",
    "ShortName": "BONI TON.SAL.NIC.MSC250",
    "IsNew": false,
    "EcoscoreLabel": "C",
    "RecentQuanityOfStockUnits": "1,12",
    "LongName": "BONI tonijn salade niçoise MSC 250g",
    "FicCode": "I",
    "EcoscoreValue": "53"
  },
  {
    "productId": "687417",
    "technicalArticleNumber": "4411744",
    "commercialArticleNumber": "25549",
    "name": "original geraspt",
    "description": "*Vegetarisch",
    "brand": "VIOLIFE",
    "seoBrand": "Violife",
    "thumbNail": "https://static.colruytgroup.com/images/200x200/std.lang.all/05/86/asset-2390586.jpg",
    "fullImage": "https://static.colruytgroup.com/images/500x500/std.lang.all/05/86/asset-2390586.jpg",
    "squareImage": "https://static.colruytgroup.com/images/500x500sq/std.lang.all/05/86/asset-2390586.jpg",
    "content": "200g",
    "walkRouteSequenceNumber": 7503,
    "price": {
      "basicPrice": 3.59,
      "recommendedQuantity": "1.0",
      "measurementUnitPrice": 17.95,
      "measurementUnit": "K",
      "isRedPrice": false,
      "pricePerUOM": 17.95,
      "activationDate": "19-03-2024",
      "recordSource": "Offline",
      "isPromoActive": "N",
      "priceChangeCode": "H"
    },
    "isAvailable": true,
    "isPriceAvailable": true,
    "inPromo": false,
    "gtin": [
      "05202390024511",
      "05202390018855"
    ],
    "topCategoryName": "Bereidingen/Charcuterie/Vis/Veggie",
    "topCategoryId": "105",
    "businessDomain": "RETAIL_BE",
    "IsPrivateLabel": false,
    "IsBiffe": false,
    "WeightconversionFactor": "0",
    "IsWeightArticle": false,
    "nutriscoreLabel": "E",
    "IsBio": false,
    "CountryOfOrigin": "GRIEKENLAND",
    "IsExclusivelySoldInLuxembourg": false,
    "OrderUnit": "P",
    "ShortName": "VILI ORIGI.GERASPT 200G",
    "IsNew": false,
    "EcoscoreLabel": "D",
    "RecentQuanityOfStockUnits": "1",
    "LongName": "VIOLIFE original geraspt 200g",
    "FicCode": "E",
    "EcoscoreValue": "31"
  },
  {
    "productId": "835181",
    "technicalArticleNumber": "4677017",
    "commercialArticleNumber": "11835",
    "name": "garnalenkrans cocktails.",
    "brand": "DELPIERRE",
    "seoBrand": "Delpierre",
    "thumbNail": "https://static.colruytgroup.com/images/200x200/std.lang.all/77/87/asset-2957787.jpg",
    "fullImage": "https://static.colruytgroup.com/images/500x500/std.lang.all/77/87/asset-2957787.jpg",
    "squareImage": "https://static.colruytgroup.com/images/500x500sq/std.lang.all/77/87/asset-2957787.jpg",
    "content": "130g",
    "walkRouteSequenceNumber": 7546,
    "price": {
      "basicPrice": 6.99,
      "recommendedQuantity": "1.0",
      "measurementUnitPrice": 53.77,
      "measurementUnit": "K",
      "isRedPrice": false,
      "pricePerUOM": 53.77,
      "activationDate": "20-02-2024",
      "recordSource": "Offline",
      "isPromoActive": "N",
      "priceChangeCode": "H"
    },
    "isAvailable": true,
    "isPriceAvailable": true,
    "inPromo": false,
    "gtin": [
      "13336374301608",
      "03336370050459"
    ],
    "topCategoryName": "Bereidingen/Charcuterie/Vis/Veggie",
    "topCategoryId": "105",
    "businessDomain": "RETAIL_BE",
    "IsPrivateLabel": false,
    "IsBiffe": false,
    "WeightconversionFactor": "0",
    "IsWeightArticle": false,
    "nutriscoreLabel": "B",
    "IsBio": false,
    "CountryOfOrigin": "FRANKRIJK",
    "IsExclusivelySoldInLuxembourg": false,
    "OrderUnit": "P",
    "ShortName": "DELP GARN.KR.COCK.130G",
    "IsNew": false,
    "EcoscoreLabel": "E",
    "RecentQuanityOfStockUnits": "1",
    "LongName": "DELPIERRE garnalenkrans cocktails. 130g",
    "FicCode": "E",
    "EcoscoreValue": "8"
  },
  {
    "productId": "890944",
    "technicalArticleNumber": "4751860",
    "commercialArticleNumber": "14942",
    "name": "Crispy Chick Burger",
    "brand": "VEGET. SLAGER",
    "seoBrand": "DE VEGETARISCHE SLAGER",
    "thumbNail": "https://static.colruytgroup.com/images/200x200/std.lang.all/31/09/asset-3423109.jpg",
    "fullImage": "https://static.colruytgroup.com/images/500x500/std.lang.all/31/09/asset-3423109.jpg",
    "squareImage": "https://static.colruytgroup.com/images/500x500sq/std.lang.all/31/09/asset-3423109.jpg",
    "content": "180g",
    "walkRouteSequenceNumber": 7566,
    "price": {
      "basicPrice": 4.29,
      "recommendedQuantity": "1.0",
      "measurementUnitPrice": 23.84,
      "measurementUnit": "K",
      "isRedPrice": false,
      "pricePerUOM": 23.84,
      "activationDate": "14-03-2024",
      "recordSource": "Offline",
      "isPromoActive": "N",
      "priceChangeCode": "E"
    },
    "isAvailable": true,
    "isPriceAvailable": true,
    "inPromo": false,
    "gtin": [
      "08720182095183",
      "08720182095190"
    ],
    "topCategoryName": "Bereidingen/Charcuterie/Vis/Veggie",
    "topCategoryId": "105",
    "businessDomain": "RETAIL_BE",
    "IsPrivateLabel": false,
    "IsBiffe": false,
    "WeightconversionFactor": "0",
    "IsWeightArticle": false,
    "nutriscoreLabel": "C",
    "IsBio": false,
    "CountryOfOrigin": "NEDERLAND",
    "IsExclusivelySoldInLuxembourg": false,
    "OrderUnit": "P",
    "ShortName": "VESL CRI.CHICK BUR.180G",
    "IsNew": false,
    "EcoscoreLabel": "C",
    "RecentQuanityOfStockUnits": "1",
    "LongName": "VEGET. SLAGER Crispy Chick Burger 180g",
    "FicCode": "E",
    "EcoscoreValue": "59"
  },
  {
    "productId": "687295",
    "technicalArticleNumber": "4411268",
    "commercialArticleNumber": "25419",
    "name": "heekfilet gemarineerd zd.huid",
    "description": "*MSC\n*Verse vis\n*Zonder huid",
    "brand": "BONI",
    "seoBrand": "Boni Selection",
    "thumbNail": "https://static.colruytgroup.com/images/200x200/std.lang.all/55/20/asset-3175520.jpg",
    "fullImage": "https://static.colruytgroup.com/images/500x500/std.lang.all/55/20/asset-3175520.jpg",
    "squareImage": "https://static.colruytgroup.com/images/500x500sq/std.lang.all/55/20/asset-3175520.jpg",
    "content": "±250g",
    "walkRouteSequenceNumber": 7427,
    "price": {
      "basicPrice": 16.95,
      "recommendedQuantity": "1.0",
      "unit": "K",
      "measurementUnitPrice": 16.95,
      "measurementUnit": "K",
      "isRedPrice": false,
      "pricePerUOM": 16.95,
      "activationDate": "28-02-2024",
      "isPromoActive": "N",
      "priceChangeCode": "H"
    },
    "isAvailable": true,
    "isPriceAvailable": true,
    "inPromo": false,
    "gtin": [
      "95400141740571",
      "05400141740578"
    ],
    "topCategoryName": "Bereidingen/Charcuterie/Vis/Veggie",
    "topCategoryId": "105",
    "businessDomain": "RETAIL_BE",
    "IsPrivateLabel": true,
    "IsBiffe": false,
    "WeightconversionFactor": "250",
    "IsWeightArticle": true,
    "nutriscoreLabel": "A",
    "IsBio": false,
    "CountryOfOrigin": "ZUID-AFRIKA",
    "IsExclusivelySoldInLuxembourg": false,
    "OrderUnit": "P",
    "ShortName": "BONI HEEKF.GEMAR+-250GW",
    "InSeason": true,
    "IsNew": false,
    "EcoscoreLabel": "D",
    "RecentQuanityOfStockUnits": "1",
    "LongName": "BONI heekfilet gemarineerd zd.huid ±250g",
    "StartSeasonDate": "28/03/2022",
    "FicCode": "I",
    "EcoscoreValue": "31"
  },
  {
    "productId": "788663",
    "technicalArticleNumber": "4592780",
    "commercialArticleNumber": "28996",
    "name": "kip.stukj.gegrild natuur",
    "description": "*Gebakken stukjes\nkipfilet",
    "brand": "AOSTE PLUS",
    "seoBrand": "Aoste Plus",
    "thumbNail": "https://static.colruytgroup.com/images/200x200/std.lang.all/57/79/asset-3245779.jpg",
    "fullImage": "https://static.colruytgroup.com/images/500x500/std.lang.all/57/79/asset-3245779.jpg",
    "squareImage": "https://static.colruytgroup.com/images/500x500sq/std.lang.all/57/79/asset-3245779.jpg",
    "content": "120g",
    "walkRouteSequenceNumber": 7884,
    "price": {
      "basicPrice": 5.39,
      "recommendedQuantity": "1.0",
      "quantityPrice": 2.77,
      "quantityPriceQuantity": "2.0",
      "measurementUnitPrice": 44.92,
      "measurementUnitQuantityPrice": 23.09,
      "measurementUnit": "K",
      "isRedPrice": false,
      "pricePerUOM": 44.92,
      "activationDate": "18-03-2024",
      "recordSource": "Offline",
      "isPromoActive": "N",
      "priceChangeCode": "E",
      "quantityPricePerUOM": 23.09,
      "quantityActivationDate": "18-03-2024",
      "quantityPriceChangeCode": "H"
    },
    "isAvailable": true,
    "isPriceAvailable": true,
    "inPromo": false,
    "gtin": [
      "05411761363221",
      "05410916363222"
    ],
    "topCategoryName": "Bereidingen/Charcuterie/Vis/Veggie",
    "topCategoryId": "105",
    "businessDomain": "RETAIL_BE",
    "IsPrivateLabel": false,
    "IsBiffe": false,
    "WeightconversionFactor": "0",
    "IsWeightArticle": false,
    "nutriscoreLabel": "B",
    "IsBio": false,
    "CountryOfOrigin": "BELGIË",
    "IsExclusivelySoldInLuxembourg": false,
    "OrderUnit": "P",
    "ShortName": "AOPL KIP.GEGR.NATUU120G",
    "IsNew": false,
    "EcoscoreLabel": "D",
    "RecentQuanityOfStockUnits": "1",
    "LongName": "AOSTE PLUS kip.stukj.gegrild natuur 120g",
    "FicCode": "E",
    "EcoscoreValue": "21"
  },
  {
    "productId": "860266",
    "technicalArticleNumber": "4711007",
    "commercialArticleNumber": "6930",
    "name": "Veggie Sneetjes Tuinkruiden",
    "brand": "AOSTE",
    "seoBrand": "Aoste",
    "thumbNail": "https://static.colruytgroup.com/images/200x200/std.lang.all/27/78/asset-3252778.jpg",
    "fullImage": "https://static.colruytgroup.com/images/500x500/std.lang.all/27/78/asset-3252778.jpg",
    "squareImage": "https://static.colruytgroup.com/images/500x500sq/std.lang.all/27/78/asset-3252778.jpg",
    "content": "100g",
    "walkRouteSequenceNumber": 7507,
    "price": {
      "basicPrice": 2.95,
      "recommendedQuantity": "1.0",
      "measurementUnitPrice": 29.5,
      "measurementUnit": "K",
      "isRedPrice": false,
      "pricePerUOM": 29.5,
      "activationDate": "13-03-2024",
      "isPromoActive": "Y",
      "priceChangeCode": "E"
    },
    "isAvailable": true,
    "isPriceAvailable": true,
    "inPromo": true,
    "promotion": [
      {
        "techPromoId": "100874COLR",
        "promotionId": "100874",
        "promotionType": "3",
        "isPersonalized": "N",
        "publicationStartDate": "13-03-2024",
        "publicationEndDate": "26-03-2024"
      }
    ],
    "gtin": [
      "05411761278440"
    ],
    "topCategoryName": "Bereidingen/Charcuterie/Vis/Veggie",
    "topCategoryId": "105",
    "businessDomain": "RETAIL_BE",
    "IsPrivateLabel": false,
    "IsBiffe": false,
    "WeightconversionFactor": "0",
    "IsWeightArticle": false,
    "nutriscoreLabel": "D",
    "IsBio": false,
    "CountryOfOrigin": "BELGIË",
    "IsExclusivelySoldInLuxembourg": false,
    "OrderUnit": "P",
    "ShortName": "AOST VE. NE.TUINKR.100G",
    "IsNew": false,
    "EcoscoreLabel": "B",
    "RecentQuanityOfStockUnits": "1",
    "LongName": "AOSTE Veggie Sneetjes Tuinkruiden 100g",
    "FicCode": "E",
    "EcoscoreValue": "68"
  },
  {
    "productId": "691164",
    "technicalArticleNumber": "4418201",
    "commercialArticleNumber": "22193",
    "name": "kip rode curry rijst",
    "description": "*Kip in een pittige\nrode currysaus met\nrijst",
    "brand": "PURE",
    "seoBrand": "Pure",
    "thumbNail": "https://static.colruytgroup.com/images/200x200/std.lang.all/27/33/asset-3252733.jpg",
    "fullImage": "https://static.colruytgroup.com/images/500x500/std.lang.all/27/33/asset-3252733.jpg",
    "squareImage": "https://static.colruytgroup.com/images/500x500sq/std.lang.all/27/33/asset-3252733.jpg",
    "content": "400g",
    "walkRouteSequenceNumber": 6667,
    "price": {
      "basicPrice": 3.99,
      "recommendedQuantity": "1.0",
      "measurementUnitPrice": 9.98,
      "measurementUnit": "K",
      "isRedPrice": false,
      "pricePerUOM": 9.98,
      "activationDate": "11-05-2023",
      "isPromoActive": "N",
      "priceChangeCode": "H"
    },
    "isAvailable": true,
    "isPriceAvailable": true,
    "inPromo": false,
    "gtin": [
      "05412344946053",
      "05412344946046",
      "05412344946015"
    ],
    "topCategoryName": "Bereidingen/Charcuterie/Vis/Veggie",
    "topCategoryId": "105",
    "businessDomain": "RETAIL_BE",
    "IsPrivateLabel": false,
    "IsBiffe": false,
    "WeightconversionFactor": "0",
    "IsWeightArticle": false,
    "nutriscoreLabel": "C",
    "IsBio": false,
    "CountryOfOrigin": "BELGIË",
    "IsExclusivelySoldInLuxembourg": false,
    "OrderUnit": "P",
    "ShortName": "PURE KIP RO.CU.RIJS400G",
    "IsNew": false,
    "EcoscoreLabel": "D",
    "RecentQuanityOfStockUnits": "1",
    "LongName": "PURE kip rode curry rijst 400g",
    "FicCode": "E",
    "EcoscoreValue": "32"
  },
  {
    "productId": "52111",
    "technicalArticleNumber": "2402037",
    "commercialArticleNumber": "19087",
    "name": "boterhamworst gevogelte",
    "description": "*Duitsland\n*Boterham",
    "brand": "MARHABA",
    "seoBrand": "Marhaba",
    "thumbNail": "https://static.colruytgroup.com/images/200x200/std.lang.all/88/34/asset-388834.jpg",
    "fullImage": "https://static.colruytgroup.com/images/500x500/std.lang.all/88/34/asset-388834.jpg",
    "squareImage": "https://static.colruytgroup.com/images/500x500sq/std.lang.all/88/34/asset-388834.jpg",
    "content": "200g",
    "walkRouteSequenceNumber": 7858,
    "price": {
      "basicPrice": 2.09,
      "recommendedQuantity": "1.0",
      "measurementUnitPrice": 10.45,
      "measurementUnit": "K",
      "isRedPrice": false,
      "pricePerUOM": 10.45,
      "activationDate": "14-11-2023",
      "isPromoActive": "N",
      "priceChangeCode": "E"
    },
    "isAvailable": true,
    "isPriceAvailable": true,
    "inPromo": false,
    "gtin": [
      "08717545694657",
      "08717545693698"
    ],
    "topCategoryName": "Bereidingen/Charcuterie/Vis/Veggie",
    "topCategoryId": "105",
    "businessDomain": "RETAIL_BE",
    "IsPrivateLabel": false,
    "IsBiffe": false,
    "WeightconversionFactor": "0",
    "IsWeightArticle": false,
    "IsBio": false,
    "CountryOfOrigin": "DUITSLAND",
    "IsExclusivelySoldInLuxembourg": false,
    "OrderUnit": "P",
    "ShortName": "MARH BOTERHAMWORST 200G",
    "IsNew": false,
    "EcoscoreLabel": "E",
    "RecentQuanityOfStockUnits": "1",
    "LongName": "MARHABA boterhamworst gevogelte 200g",
    "AlcoholVolume": "0",
    "FicCode": "E",
    "EcoscoreValue": "15"
  },
  {
    "productId": "590849",
    "technicalArticleNumber": "4249321",
    "commercialArticleNumber": "7532",
    "name": "samourai salade",
    "description": "*Vegan\nsamourai\nsalade\n*Vegan",
    "brand": "BONI",
    "seoBrand": "Boni Selection",
    "thumbNail": "https://static.colruytgroup.com/images/200x200/std.lang.all/22/11/asset-3212211.jpg",
    "fullImage": "https://static.colruytgroup.com/images/500x500/std.lang.all/22/11/asset-3212211.jpg",
    "squareImage": "https://static.colruytgroup.com/images/500x500sq/std.lang.all/22/11/asset-3212211.jpg",
    "content": "200g",
    "walkRouteSequenceNumber": 7491,
    "price": {
      "basicPrice": 2.79,
      "recommendedQuantity": "1.0",
      "measurementUnitPrice": 13.95,
      "measurementUnit": "K",
      "isRedPrice": false,
      "pricePerUOM": 13.95,
      "activationDate": "17-05-2023",
      "isPromoActive": "N",
      "priceChangeCode": "E"
    },
    "isAvailable": true,
    "isPriceAvailable": true,
    "inPromo": true,
    "promotion": [
      {
        "techPromoId": "100899COLR",
        "promotionId": "100899",
        "promotionType": "3",
        "isPersonalized": "N",
        "publicationStartDate": "13-03-2024",
        "publicationEndDate": "26-03-2024"
      }
    ],
    "gtin": [
      "15400141376071",
      "05400141887938",
      "05400141700657",
      "15400141887935"
    ],
    "topCategoryName": "Bereidingen/Charcuterie/Vis/Veggie",
    "topCategoryId": "105",
    "businessDomain": "RETAIL_BE",
    "IsPrivateLabel": true,
    "IsBiffe": false,
    "WeightconversionFactor": "0",
    "IsWeightArticle": false,
    "nutriscoreLabel": "C",
    "IsBio": false,
    "CountryOfOrigin": "BELGIË",
    "IsExclusivelySoldInLuxembourg": false,
    "OrderUnit": "P",
    "ShortName": "BONI VEG SAMOURAI 200G",
    "IsNew": false,
    "EcoscoreLabel": "B",
    "RecentQuanityOfStockUnits": "1",
    "LongName": "BONI samourai salade 200g",
    "FicCode": "I",
    "EcoscoreValue": "77"
  },
  {
    "productId": "855565",
    "technicalArticleNumber": "4704712",
    "commercialArticleNumber": "31337",
    "name": "kip satay met rijst",
    "description": "*Kip in een sausje\nvan pindapasta en\nkokosmelk met\naromatische rijst",
    "brand": "PURE",
    "seoBrand": "Pure",
    "thumbNail": "https://static.colruytgroup.com/images/200x200/std.lang.all/49/64/asset-3194964.jpg",
    "fullImage": "https://static.colruytgroup.com/images/500x500/std.lang.all/49/64/asset-3194964.jpg",
    "squareImage": "https://static.colruytgroup.com/images/500x500sq/std.lang.all/49/64/asset-3194964.jpg",
    "content": "400g",
    "walkRouteSequenceNumber": 6665,
    "price": {
      "basicPrice": 3.99,
      "recommendedQuantity": "1.0",
      "measurementUnitPrice": 9.98,
      "measurementUnit": "K",
      "isRedPrice": false,
      "pricePerUOM": 9.98,
      "activationDate": "11-05-2023",
      "isPromoActive": "N",
      "priceChangeCode": "H"
    },
    "isAvailable": true,
    "isPriceAvailable": true,
    "inPromo": false,
    "gtin": [
      "05412344940013",
      "05412344942017",
      "05412344940051"
    ],
    "topCategoryName": "Bereidingen/Charcuterie/Vis/Veggie",
    "topCategoryId": "105",
    "businessDomain": "RETAIL_BE",
    "IsPrivateLabel": false,
    "IsBiffe": false,
    "WeightconversionFactor": "0",
    "IsWeightArticle": false,
    "nutriscoreLabel": "C",
    "IsBio": false,
    "CountryOfOrigin": "BELGIË",
    "IsExclusivelySoldInLuxembourg": false,
    "OrderUnit": "P",
    "ShortName": "PURE KIP SATAY RIJST400",
    "IsNew": false,
    "RecentQuanityOfStockUnits": "1",
    "LongName": "PURE kip satay met rijst 400g",
    "FicCode": "E"
  },
  {
    "productId": "620967",
    "technicalArticleNumber": "4300182",
    "commercialArticleNumber": "23559",
    "name": "Rundvlees salami en kalkoen",
    "description": "*Halal Rundvlees\nmet kalkoen salami\ngedroogd en gerookt.",
    "brand": "MARHABA",
    "seoBrand": "Marhaba",
    "thumbNail": "https://static.colruytgroup.com/images/200x200/std.lang.all/01/68/asset-2270168.jpg",
    "fullImage": "https://static.colruytgroup.com/images/500x500/std.lang.all/01/68/asset-2270168.jpg",
    "squareImage": "https://static.colruytgroup.com/images/500x500sq/std.lang.all/01/68/asset-2270168.jpg",
    "content": "100g",
    "walkRouteSequenceNumber": 7859,
    "price": {
      "basicPrice": 2.69,
      "recommendedQuantity": "1.0",
      "measurementUnitPrice": 26.9,
      "measurementUnit": "K",
      "isRedPrice": false,
      "pricePerUOM": 26.9,
      "activationDate": "29-02-2024",
      "recordSource": "Offline",
      "isPromoActive": "N",
      "priceChangeCode": "E"
    },
    "isAvailable": true,
    "isPriceAvailable": true,
    "inPromo": false,
    "gtin": [
      "08717545699546",
      "08717545699553"
    ],
    "topCategoryName": "Bereidingen/Charcuterie/Vis/Veggie",
    "topCategoryId": "105",
    "businessDomain": "RETAIL_BE",
    "IsPrivateLabel": false,
    "IsBiffe": false,
    "WeightconversionFactor": "0",
    "IsWeightArticle": false,
    "IsBio": false,
    "CountryOfOrigin": "DUITSLAND",
    "IsExclusivelySoldInLuxembourg": false,
    "OrderUnit": "P",
    "ShortName": "MARH RUNDERSALAMI 100G",
    "IsNew": false,
    "EcoscoreLabel": "E",
    "RecentQuanityOfStockUnits": "1",
    "LongName": "MARHABA Rundvlees salami en kalkoen 100g",
    "FicCode": "E",
    "EcoscoreValue": "16"
  },
  {
    "productId": "658913",
    "technicalArticleNumber": "4361997",
    "commercialArticleNumber": "24055",
    "name": "Veggie slagersalade",
    "description": "*Vegetarisch\nalternatief voor\nvleessalade, op\nbasis van oesterzwam",
    "brand": "BONMUSH",
    "seoBrand": "BonMush",
    "thumbNail": "https://static.colruytgroup.com/images/200x200/std.lang.all/23/72/asset-3342372.jpg",
    "fullImage": "https://static.colruytgroup.com/images/500x500/std.lang.all/23/72/asset-3342372.jpg",
    "squareImage": "https://static.colruytgroup.com/images/500x500sq/std.lang.all/23/72/asset-3342372.jpg",
    "content": "135g",
    "walkRouteSequenceNumber": 7499,
    "price": {
      "basicPrice": 2.99,
      "recommendedQuantity": "1.0",
      "measurementUnitPrice": 22.15,
      "measurementUnit": "K",
      "isRedPrice": false,
      "pricePerUOM": 22.15,
      "activationDate": "14-12-2023",
      "recordSource": "Offline",
      "isPromoActive": "N",
      "priceChangeCode": "E"
    },
    "isAvailable": true,
    "isPriceAvailable": true,
    "inPromo": true,
    "promotion": [
      {
        "techPromoId": "100870COLR",
        "promotionId": "100870",
        "promotionType": "3",
        "isPersonalized": "N",
        "publicationStartDate": "13-03-2024",
        "publicationEndDate": "26-03-2024"
      }
    ],
    "gtin": [
      "05413345008306",
      "05413345008313"
    ],
    "topCategoryName": "Bereidingen/Charcuterie/Vis/Veggie",
    "topCategoryId": "105",
    "businessDomain": "RETAIL_BE",
    "IsPrivateLabel": false,
    "IsBiffe": false,
    "WeightconversionFactor": "0",
    "IsWeightArticle": false,
    "nutriscoreLabel": "D",
    "IsBio": false,
    "CountryOfOrigin": "BELGIË",
    "IsExclusivelySoldInLuxembourg": false,
    "OrderUnit": "P",
    "ShortName": "BONM VEG.SLAGERSALA135G",
    "IsNew": false,
    "EcoscoreLabel": "A",
    "RecentQuanityOfStockUnits": "1",
    "LongName": "BONMUSH Veggie slagersalade 135g",
    "FicCode": "E",
    "EcoscoreValue": "86"
  },
  {
    "productId": "788388",
    "technicalArticleNumber": "4591807",
    "commercialArticleNumber": "28829",
    "name": "Le gehackt",
    "description": "*Veggie gehackt\n*Klaar voor gebruik\n*Veggie proteïne\n*Vegan friendly\n*Vleesvervangers",
    "brand": "DE VEGETARISCHE SLAGER",
    "seoBrand": "DE VEGETARISCHE SLAGER",
    "thumbNail": "https://static.colruytgroup.com/images/200x200/std.lang.all/28/00/asset-3362800.jpg",
    "fullImage": "https://static.colruytgroup.com/images/500x500/std.lang.all/28/00/asset-3362800.jpg",
    "squareImage": "https://static.colruytgroup.com/images/500x500sq/std.lang.all/28/00/asset-3362800.jpg",
    "content": "200g",
    "walkRouteSequenceNumber": 7568,
    "price": {
      "basicPrice": 3.39,
      "recommendedQuantity": "1.0",
      "measurementUnitPrice": 16.95,
      "measurementUnit": "K",
      "isRedPrice": false,
      "pricePerUOM": 16.95,
      "activationDate": "19-03-2024",
      "recordSource": "Offline",
      "isPromoActive": "N",
      "priceChangeCode": "E"
    },
    "isAvailable": true,
    "isPriceAvailable": true,
    "inPromo": false,
    "gtin": [
      "08718692788824",
      "08718692788831"
    ],
    "topCategoryName": "Bereidingen/Charcuterie/Vis/Veggie",
    "topCategoryId": "105",
    "businessDomain": "RETAIL_BE",
    "IsPrivateLabel": false,
    "IsBiffe": false,
    "WeightconversionFactor": "0",
    "IsWeightArticle": false,
    "nutriscoreLabel": "A",
    "IsBio": false,
    "CountryOfOrigin": "NEDERLAND",
    "IsExclusivelySoldInLuxembourg": false,
    "OrderUnit": "P",
    "ShortName": "VESL LE GEHACKT 200G",
    "InSeason": true,
    "IsNew": false,
    "EcoscoreLabel": "C",
    "RecentQuanityOfStockUnits": "1",
    "LongName": "DE VEGETARISCHE SLAGER Le gehackt 200g",
    "StartSeasonDate": "11/09/2023",
    "FicCode": "E",
    "EcoscoreValue": "57"
  },
  {
    "productId": "864731",
    "technicalArticleNumber": "4716607",
    "commercialArticleNumber": "1248",
    "name": "curry salade",
    "brand": "BONMUSH",
    "seoBrand": "BonMush",
    "thumbNail": "https://static.colruytgroup.com/images/200x200/std.lang.all/24/82/asset-3342482.jpg",
    "fullImage": "https://static.colruytgroup.com/images/500x500/std.lang.all/24/82/asset-3342482.jpg",
    "squareImage": "https://static.colruytgroup.com/images/500x500sq/std.lang.all/24/82/asset-3342482.jpg",
    "content": "135g",
    "walkRouteSequenceNumber": 7500,
    "price": {
      "basicPrice": 2.99,
      "recommendedQuantity": "1.0",
      "measurementUnitPrice": 22.15,
      "measurementUnit": "K",
      "isRedPrice": false,
      "pricePerUOM": 22.15,
      "activationDate": "20-03-2024",
      "recordSource": "Offline",
      "isPromoActive": "N",
      "priceChangeCode": "E"
    },
    "isAvailable": true,
    "isPriceAvailable": true,
    "inPromo": true,
    "promotion": [
      {
        "techPromoId": "100870COLR",
        "promotionId": "100870",
        "promotionType": "3",
        "isPersonalized": "N",
        "publicationStartDate": "13-03-2024",
        "publicationEndDate": "26-03-2024"
      }
    ],
    "gtin": [
      "05413345011177"
    ],
    "topCategoryName": "Bereidingen/Charcuterie/Vis/Veggie",
    "topCategoryId": "105",
    "businessDomain": "RETAIL_BE",
    "IsPrivateLabel": false,
    "IsBiffe": false,
    "WeightconversionFactor": "0",
    "IsWeightArticle": false,
    "nutriscoreLabel": "C",
    "IsBio": false,
    "CountryOfOrigin": "BELGIË",
    "IsExclusivelySoldInLuxembourg": false,
    "OrderUnit": "P",
    "ShortName": "BONM CURRY SALADE 135G",
    "IsNew": false,
    "EcoscoreLabel": "B",
    "RecentQuanityOfStockUnits": "1",
    "LongName": "BONMUSH curry salade 135g",
    "FicCode": "E",
    "EcoscoreValue": "70"
  },
  {
    "productId": "152336",
    "technicalArticleNumber": "3287086",
    "commercialArticleNumber": "40453",
    "name": "kipfilet sneetjes Halal",
    "description": "*Duitsland\n*Boterham",
    "brand": "MARHABA",
    "seoBrand": "Marhaba",
    "thumbNail": "https://static.colruytgroup.com/images/200x200/std.lang.all/04/32/asset-1450432.jpg",
    "fullImage": "https://static.colruytgroup.com/images/500x500/std.lang.all/04/32/asset-1450432.jpg",
    "squareImage": "https://static.colruytgroup.com/images/500x500sq/std.lang.all/04/32/asset-1450432.jpg",
    "content": "100g",
    "walkRouteSequenceNumber": 7856,
    "price": {
      "basicPrice": 2.89,
      "recommendedQuantity": "1.0",
      "measurementUnitPrice": 28.9,
      "measurementUnit": "K",
      "isRedPrice": false,
      "pricePerUOM": 28.9,
      "activationDate": "29-02-2024",
      "recordSource": "Offline",
      "isPromoActive": "N",
      "priceChangeCode": "E"
    },
    "isAvailable": true,
    "isPriceAvailable": true,
    "inPromo": false,
    "gtin": [
      "08717545699256",
      "08717545699263"
    ],
    "topCategoryName": "Bereidingen/Charcuterie/Vis/Veggie",
    "topCategoryId": "105",
    "businessDomain": "RETAIL_BE",
    "IsPrivateLabel": false,
    "IsBiffe": false,
    "WeightconversionFactor": "0",
    "IsWeightArticle": false,
    "IsBio": false,
    "CountryOfOrigin": "DUITSLAND",
    "IsExclusivelySoldInLuxembourg": false,
    "OrderUnit": "P",
    "ShortName": "MARH KIPFILET 100G",
    "IsNew": false,
    "EcoscoreLabel": "C",
    "RecentQuanityOfStockUnits": "1",
    "LongName": "MARHABA kipfilet sneetjes Halal 100g",
    "AlcoholVolume": "0",
    "FicCode": "E",
    "EcoscoreValue": "46"
  },
  {
    "productId": "742328",
    "technicalArticleNumber": "4508345",
    "commercialArticleNumber": "28125",
    "name": "bistro time",
    "description": "*Gedroogde worst van\nvarkensvlees met\nboterbonen",
    "brand": "AOSTE PLUS",
    "seoBrand": "Aoste Plus",
    "thumbNail": "https://static.colruytgroup.com/images/200x200/std.lang.all/18/24/asset-2541824.jpg",
    "fullImage": "https://static.colruytgroup.com/images/500x500/std.lang.all/18/24/asset-2541824.jpg",
    "squareImage": "https://static.colruytgroup.com/images/500x500sq/std.lang.all/18/24/asset-2541824.jpg",
    "content": "120g",
    "walkRouteSequenceNumber": 6799,
    "price": {
      "basicPrice": 3.49,
      "recommendedQuantity": "1.0",
      "measurementUnitPrice": 29.09,
      "measurementUnit": "K",
      "isRedPrice": false,
      "pricePerUOM": 29.09,
      "activationDate": "19-03-2024",
      "recordSource": "Offline",
      "isPromoActive": "N",
      "priceChangeCode": "E"
    },
    "isAvailable": true,
    "isPriceAvailable": true,
    "inPromo": false,
    "gtin": [
      "05411761345418",
      "05410916345419"
    ],
    "topCategoryName": "Bereidingen/Charcuterie/Vis/Veggie",
    "topCategoryId": "105",
    "businessDomain": "RETAIL_BE",
    "IsPrivateLabel": false,
    "IsBiffe": false,
    "WeightconversionFactor": "0",
    "IsWeightArticle": false,
    "nutriscoreLabel": "E",
    "IsBio": false,
    "CountryOfOrigin": "BELGIË",
    "IsExclusivelySoldInLuxembourg": false,
    "OrderUnit": "P",
    "ShortName": "AOPL BISTRO TIME 120G",
    "IsNew": false,
    "EcoscoreLabel": "C",
    "RecentQuanityOfStockUnits": "1",
    "LongName": "AOSTE PLUS bistro time 120g",
    "FicCode": "E",
    "EcoscoreValue": "42"
  },
  {
    "productId": "688905",
    "technicalArticleNumber": "4414326",
    "commercialArticleNumber": "10882",
    "name": "Veggie Tune-in salad",
    "description": "*Veggie\n*Alternatief voor\ntonijnsalade",
    "brand": "BONMUSH",
    "seoBrand": "BonMush",
    "thumbNail": "https://static.colruytgroup.com/images/200x200/std.lang.all/24/80/asset-3342480.jpg",
    "fullImage": "https://static.colruytgroup.com/images/500x500/std.lang.all/24/80/asset-3342480.jpg",
    "squareImage": "https://static.colruytgroup.com/images/500x500sq/std.lang.all/24/80/asset-3342480.jpg",
    "content": "135g",
    "walkRouteSequenceNumber": 7497,
    "price": {
      "basicPrice": 2.99,
      "recommendedQuantity": "1.0",
      "measurementUnitPrice": 22.15,
      "measurementUnit": "K",
      "isRedPrice": false,
      "pricePerUOM": 22.15,
      "activationDate": "18-10-2023",
      "isPromoActive": "N",
      "priceChangeCode": "E"
    },
    "isAvailable": true,
    "isPriceAvailable": true,
    "inPromo": true,
    "promotion": [
      {
        "techPromoId": "100870COLR",
        "promotionId": "100870",
        "promotionType": "3",
        "isPersonalized": "N",
        "publicationStartDate": "13-03-2024",
        "publicationEndDate": "26-03-2024"
      }
    ],
    "gtin": [
      "05413345008917",
      "05413345008924"
    ],
    "topCategoryName": "Bereidingen/Charcuterie/Vis/Veggie",
    "topCategoryId": "105",
    "businessDomain": "RETAIL_BE",
    "IsPrivateLabel": false,
    "IsBiffe": false,
    "WeightconversionFactor": "0",
    "IsWeightArticle": false,
    "nutriscoreLabel": "D",
    "IsBio": false,
    "CountryOfOrigin": "BELGIË",
    "IsExclusivelySoldInLuxembourg": false,
    "OrderUnit": "P",
    "ShortName": "BONM VEGG.TUNE-IN 135G",
    "IsNew": false,
    "EcoscoreLabel": "B",
    "RecentQuanityOfStockUnits": "1",
    "LongName": "BONMUSH Veggie Tune-in salad 135g",
    "FicCode": "E",
    "EcoscoreValue": "70"
  },
  {
    "productId": "907531",
    "technicalArticleNumber": "4753442",
    "commercialArticleNumber": "22609",
    "name": "Gnocci Spinazie | mozzarella",
    "brand": "RANA",
    "seoBrand": "Giovanni Rana",
    "thumbNail": "https://static.colruytgroup.com/images/200x200/std.lang.all/00/05/asset-3340005.jpg",
    "fullImage": "https://static.colruytgroup.com/images/500x500/std.lang.all/00/05/asset-3340005.jpg",
    "squareImage": "https://static.colruytgroup.com/images/500x500sq/std.lang.all/00/05/asset-3340005.jpg",
    "content": "280g",
    "walkRouteSequenceNumber": 7529,
    "price": {
      "basicPrice": 3.49,
      "recommendedQuantity": "1.0",
      "measurementUnitPrice": 12.47,
      "measurementUnit": "K",
      "isRedPrice": false,
      "pricePerUOM": 12.47,
      "activationDate": "22-03-2024",
      "recordSource": "Online",
      "isPromoActive": "N",
      "priceChangeCode": "E"
    },
    "isAvailable": true,
    "isPriceAvailable": true,
    "inPromo": false,
    "gtin": [
      "08001665723558"
    ],
    "topCategoryName": "Bereidingen/Charcuterie/Vis/Veggie",
    "topCategoryId": "105",
    "businessDomain": "RETAIL_BE",
    "IsPrivateLabel": false,
    "IsBiffe": false,
    "WeightconversionFactor": "0",
    "IsWeightArticle": false,
    "IsBio": false,
    "CountryOfOrigin": "ITALIË",
    "IsExclusivelySoldInLuxembourg": false,
    "OrderUnit": "P",
    "ShortName": "RANA GNOCCHI SP.MO.280G",
    "IsNew": false,
    "EcoscoreLabel": "B",
    "RecentQuanityOfStockUnits": "1",
    "LongName": "RANA Gnocci Spinazie | mozzarella 280g",
    "AlcoholVolume": "0",
    "FicCode": "E",
    "EcoscoreValue": "77"
  },
  {
    "productId": "223064",
    "technicalArticleNumber": "3488955",
    "commercialArticleNumber": "26076",
    "name": "kipfilet sneetjes",
    "brand": "AOSTE",
    "seoBrand": "Aoste",
    "thumbNail": "https://static.colruytgroup.com/images/200x200/std.lang.all/48/18/asset-2884818.jpg",
    "fullImage": "https://static.colruytgroup.com/images/500x500/std.lang.all/48/18/asset-2884818.jpg",
    "squareImage": "https://static.colruytgroup.com/images/500x500sq/std.lang.all/48/18/asset-2884818.jpg",
    "content": "120g",
    "walkRouteSequenceNumber": 7903,
    "price": {
      "basicPrice": 4.25,
      "recommendedQuantity": "1.0",
      "measurementUnitPrice": 35.42,
      "measurementUnit": "K",
      "isRedPrice": false,
      "pricePerUOM": 35.42,
      "activationDate": "29-02-2024",
      "recordSource": "Offline",
      "isPromoActive": "N",
      "priceChangeCode": "H"
    },
    "isAvailable": true,
    "isPriceAvailable": true,
    "inPromo": false,
    "gtin": [
      "05411761258817",
      "05411319705299"
    ],
    "topCategoryName": "Bereidingen/Charcuterie/Vis/Veggie",
    "topCategoryId": "105",
    "businessDomain": "RETAIL_BE",
    "IsPrivateLabel": false,
    "IsBiffe": false,
    "WeightconversionFactor": "0",
    "IsWeightArticle": false,
    "nutriscoreLabel": "D",
    "IsBio": false,
    "CountryOfOrigin": "BELGIË",
    "IsExclusivelySoldInLuxembourg": false,
    "OrderUnit": "P",
    "ShortName": "AOSTE KIPFILET 120G",
    "IsNew": false,
    "EcoscoreLabel": "C",
    "RecentQuanityOfStockUnits": "1",
    "LongName": "AOSTE kipfilet sneetjes 120g",
    "AlcoholVolume": "0",
    "FicCode": "E",
    "EcoscoreValue": "57"
  },
  {
    "productId": "868965",
    "technicalArticleNumber": "4722233",
    "commercialArticleNumber": "17259",
    "name": "Br.worst br.saus pastinaakpur.",
    "brand": "BONI",
    "seoBrand": "Boni Selection",
    "thumbNail": "https://static.colruytgroup.com/images/200x200/std.lang.all/59/50/asset-3255950.jpg",
    "fullImage": "https://static.colruytgroup.com/images/500x500/std.lang.all/59/50/asset-3255950.jpg",
    "squareImage": "https://static.colruytgroup.com/images/500x500sq/std.lang.all/59/50/asset-3255950.jpg",
    "content": "450g",
    "walkRouteSequenceNumber": 6676,
    "price": {
      "basicPrice": 5.99,
      "recommendedQuantity": "1.0",
      "measurementUnitPrice": 13.32,
      "measurementUnit": "K",
      "isRedPrice": false,
      "pricePerUOM": 13.32,
      "activationDate": "15-11-2023",
      "isPromoActive": "N",
      "priceChangeCode": "E"
    },
    "isAvailable": true,
    "isPriceAvailable": true,
    "inPromo": false,
    "gtin": [
      "05400141756364"
    ],
    "topCategoryName": "Bereidingen/Charcuterie/Vis/Veggie",
    "topCategoryId": "105",
    "businessDomain": "RETAIL_BE",
    "IsPrivateLabel": true,
    "IsBiffe": false,
    "WeightconversionFactor": "0",
    "IsWeightArticle": false,
    "nutriscoreLabel": "C",
    "IsBio": false,
    "CountryOfOrigin": "BELGIË",
    "IsExclusivelySoldInLuxembourg": false,
    "OrderUnit": "P",
    "ShortName": "BONI B.WORS.PAST.P.450G",
    "IsNew": false,
    "RecentQuanityOfStockUnits": "1",
    "LongName": "BONI Br.worst br.saus pastinaakpur. 450g",
    "FicCode": "I"
  },
  {
    "productId": "682786",
    "technicalArticleNumber": "4403536",
    "commercialArticleNumber": "24704",
    "name": "spiesjes gem vegetarisch",
    "description": "*Voorgegaarde\nvegetarische\nspiesjes met\nmarinade",
    "brand": "BONI",
    "seoBrand": "Boni Selection",
    "thumbNail": "https://static.colruytgroup.com/images/200x200/std.lang.all/81/66/asset-3028166.jpg",
    "fullImage": "https://static.colruytgroup.com/images/500x500/std.lang.all/81/66/asset-3028166.jpg",
    "squareImage": "https://static.colruytgroup.com/images/500x500sq/std.lang.all/81/66/asset-3028166.jpg",
    "content": "140g",
    "walkRouteSequenceNumber": 7617,
    "price": {
      "basicPrice": 3.19,
      "recommendedQuantity": "1.0",
      "measurementUnitPrice": 22.79,
      "measurementUnit": "K",
      "isRedPrice": false,
      "pricePerUOM": 22.79,
      "activationDate": "09-08-2023",
      "isPromoActive": "N",
      "priceChangeCode": "E"
    },
    "isAvailable": true,
    "isPriceAvailable": true,
    "inPromo": true,
    "promotion": [
      {
        "techPromoId": "100899COLR",
        "promotionId": "100899",
        "promotionType": "3",
        "isPersonalized": "N",
        "publicationStartDate": "13-03-2024",
        "publicationEndDate": "26-03-2024"
      }
    ],
    "gtin": [
      "15400141605706",
      "05400141449266",
      "05400141605709",
      "15400141682462",
      "05400141682465",
      "15400141700210",
      "05400141700213",
      "05400141519969"
    ],
    "topCategoryName": "Bereidingen/Charcuterie/Vis/Veggie",
    "topCategoryId": "105",
    "businessDomain": "RETAIL_BE",
    "IsPrivateLabel": true,
    "IsBiffe": false,
    "WeightconversionFactor": "0",
    "IsWeightArticle": false,
    "nutriscoreLabel": "C",
    "IsBio": false,
    "CountryOfOrigin": "NEDERLAND",
    "IsExclusivelySoldInLuxembourg": false,
    "OrderUnit": "P",
    "ShortName": "BONI VEG FIL.SPIE140G",
    "IsNew": false,
    "EcoscoreLabel": "A",
    "RecentQuanityOfStockUnits": "1,1",
    "LongName": "BONI spiesjes gem vegetarisch 140g",
    "FicCode": "I",
    "EcoscoreValue": "82"
  },
  {
    "productId": "100718",
    "technicalArticleNumber": "2842945",
    "commercialArticleNumber": "45772",
    "name": "Ravioli Funghi",
    "description": "*Verse pasta,\n47 % vulling: kaas,\neekhoorntjesbrood,\nricotta, champignons\n*In de kookpot",
    "brand": "GIOVANNI RANA",
    "seoBrand": "Giovanni Rana",
    "thumbNail": "https://static.colruytgroup.com/images/200x200/std.lang.all/08/05/asset-3240805.jpg",
    "fullImage": "https://static.colruytgroup.com/images/500x500/std.lang.all/08/05/asset-3240805.jpg",
    "squareImage": "https://static.colruytgroup.com/images/500x500sq/std.lang.all/08/05/asset-3240805.jpg",
    "content": "400g",
    "walkRouteSequenceNumber": 6654,
    "price": {
      "basicPrice": 5.49,
      "recommendedQuantity": "1.0",
      "measurementUnitPrice": 13.73,
      "measurementUnit": "K",
      "isRedPrice": false,
      "pricePerUOM": 13.73,
      "activationDate": "30-01-2024",
      "isPromoActive": "N",
      "priceChangeCode": "H"
    },
    "isAvailable": true,
    "isPriceAvailable": true,
    "inPromo": false,
    "gtin": [
      "08001665133425",
      "08001665127394",
      "08001665508735"
    ],
    "topCategoryName": "Bereidingen/Charcuterie/Vis/Veggie",
    "topCategoryId": "105",
    "businessDomain": "RETAIL_BE",
    "IsPrivateLabel": false,
    "IsBiffe": false,
    "WeightconversionFactor": "0",
    "IsWeightArticle": false,
    "nutriscoreLabel": "D",
    "IsBio": false,
    "CountryOfOrigin": "ITALIË",
    "IsExclusivelySoldInLuxembourg": false,
    "OrderUnit": "P",
    "ShortName": "RANA TORTELLONI 400G",
    "IsNew": false,
    "EcoscoreLabel": "C",
    "RecentQuanityOfStockUnits": "1",
    "LongName": "GIOVANNI RANA Ravioli Funghi 400g",
    "AlcoholVolume": "0",
    "FicCode": "E",
    "EcoscoreValue": "59"
  },
  {
    "productId": "51609",
    "technicalArticleNumber": "2377757",
    "commercialArticleNumber": "25652",
    "name": "garnalen gepeld",
    "description": "*Aquacultuur uit\nEcuador, Costa Rica,\nIndonesië of\nHonduras.\n*Gepeld",
    "brand": "BONI BIO",
    "seoBrand": "Boni Selection Bio",
    "thumbNail": "https://static.colruytgroup.com/images/200x200/std.lang.all/03/86/asset-3360386.jpg",
    "fullImage": "https://static.colruytgroup.com/images/500x500/std.lang.all/03/86/asset-3360386.jpg",
    "squareImage": "https://static.colruytgroup.com/images/500x500sq/std.lang.all/03/86/asset-3360386.jpg",
    "content": "100g",
    "walkRouteSequenceNumber": 7540,
    "price": {
      "basicPrice": 3.79,
      "recommendedQuantity": "1.0",
      "quantityPrice": 2.52,
      "quantityPriceQuantity": "2.0",
      "measurementUnitPrice": 37.9,
      "measurementUnitQuantityPrice": 25.2,
      "measurementUnit": "K",
      "isRedPrice": false,
      "pricePerUOM": 37.9,
      "activationDate": "23-03-2024",
      "recordSource": "Offline",
      "isPromoActive": "N",
      "priceChangeCode": "E",
      "quantityPricePerUOM": 25.2,
      "quantityActivationDate": "23-03-2024",
      "quantityPriceChangeCode": "E"
    },
    "isAvailable": true,
    "isPriceAvailable": true,
    "inPromo": false,
    "gtin": [
      "15400141655473",
      "05400141655476",
      "05400141209495",
      "05400141215953",
      "05400141251272",
      "05400141362190",
      "15400141209492",
      "15400141215950",
      "15400141251279",
      "15400141547785",
      "15400141973645",
      "05400141043037",
      "15400141362197"
    ],
    "topCategoryName": "Bereidingen/Charcuterie/Vis/Veggie",
    "topCategoryId": "105",
    "businessDomain": "RETAIL_BE",
    "IsPrivateLabel": true,
    "IsBiffe": false,
    "WeightconversionFactor": "0",
    "IsWeightArticle": false,
    "nutriscoreLabel": "A",
    "IsBio": true,
    "CountryOfOrigin": "ECUADOR",
    "IsExclusivelySoldInLuxembourg": false,
    "OrderUnit": "P",
    "ShortName": "BS BIO GEP.GARN.100G",
    "InSeason": true,
    "IsNew": false,
    "EcoscoreLabel": "C",
    "RecentQuanityOfStockUnits": "1",
    "LongName": "BONI BIO garnalen gepeld 100g",
    "AlcoholVolume": "0",
    "StartSeasonDate": "10/05/2011",
    "FicCode": "I",
    "EcoscoreValue": "45"
  },
  {
    "productId": "1024187",
    "technicalArticleNumber": "4791240",
    "commercialArticleNumber": "33474",
    "name": "Kippenvleesbrood Sweet Chili",
    "brand": "BONI",
    "seoBrand": "Boni Selection",
    "thumbNail": "https://ecgproductmw.colruytgroup.com/ecgproductmw/noPicForArticle_2.jpg",
    "fullImage": "https://ecgproductmw.colruytgroup.com/ecgproductmw/noPicForArticle_5.jpg",
    "squareImage": "https://ecgproductmw.colruytgroup.com/ecgproductmw/noPicForArticle_5.jpg",
    "content": "150g",
    "walkRouteSequenceNumber": 7885,
    "price": {
      "basicPrice": 2.35,
      "recommendedQuantity": "1.0",
      "measurementUnitPrice": 15.67,
      "measurementUnit": "K",
      "isRedPrice": false,
      "pricePerUOM": 15.67,
      "activationDate": "08-03-2024",
      "isPromoActive": "N",
      "priceChangeCode": "E"
    },
    "isAvailable": true,
    "isPriceAvailable": true,
    "inPromo": false,
    "gtin": [
      "05400141814422"
    ],
    "topCategoryName": "Bereidingen/Charcuterie/Vis/Veggie",
    "topCategoryId": "105",
    "businessDomain": "RETAIL_BE",
    "IsPrivateLabel": true,
    "IsBiffe": false,
    "WeightconversionFactor": "0",
    "IsWeightArticle": false,
    "IsBio": false,
    "CountryOfOrigin": "BELGIË",
    "IsExclusivelySoldInLuxembourg": false,
    "OrderUnit": "P",
    "ShortName": "BONI KIPVL.BR.SW.CHI150",
    "IsNew": true,
    "RecentQuanityOfStockUnits": "1",
    "LongName": "BONI Kippenvleesbrood Sweet Chili 150g",
    "FicCode": "I"
  },
  {
    "productId": "861508",
    "technicalArticleNumber": "4712790",
    "commercialArticleNumber": "27784",
    "name": "Kebabreepjes",
    "description": "*Voorgegaarde\nplantaardige gekruid\nreepjes op basis\nvan soja-eiwit.",
    "brand": "VIVERA",
    "seoBrand": "Vivera",
    "thumbNail": "https://static.colruytgroup.com/images/200x200/std.lang.all/38/01/asset-3233801.jpg",
    "fullImage": "https://static.colruytgroup.com/images/500x500/std.lang.all/38/01/asset-3233801.jpg",
    "squareImage": "https://static.colruytgroup.com/images/500x500sq/std.lang.all/38/01/asset-3233801.jpg",
    "content": "175g",
    "walkRouteSequenceNumber": 7592,
    "price": {
      "basicPrice": 2.99,
      "recommendedQuantity": "1.0",
      "measurementUnitPrice": 17.09,
      "measurementUnit": "K",
      "isRedPrice": false,
      "pricePerUOM": 17.09,
      "activationDate": "23-03-2024",
      "recordSource": "Offline",
      "isPromoActive": "N",
      "priceChangeCode": "L"
    },
    "isAvailable": true,
    "isPriceAvailable": true,
    "inPromo": true,
    "promotion": [
      {
        "techPromoId": "100873COLR",
        "promotionId": "100873",
        "promotionType": "4",
        "isPersonalized": "N",
        "publicationStartDate": "13-03-2024",
        "publicationEndDate": "26-03-2024"
      }
    ],
    "gtin": [
      "08718300876196",
      "08718300561702"
    ],
    "topCategoryName": "Bereidingen/Charcuterie/Vis/Veggie",
    "topCategoryId": "105",
    "businessDomain": "RETAIL_BE",
    "IsPrivateLabel": false,
    "IsBiffe": false,
    "WeightconversionFactor": "0",
    "IsWeightArticle": false,
    "IsBio": false,
    "CountryOfOrigin": "NEDERLAND",
    "IsExclusivelySoldInLuxembourg": false,
    "OrderUnit": "P",
    "ShortName": "VIVE VEG.KEBAB REEP175G",
    "IsNew": false,
    "RecentQuanityOfStockUnits": "6,1",
    "LongName": "VIVERA Kebabreepjes 175g",
    "FicCode": "E"
  },
  {
    "productId": "715228",
    "technicalArticleNumber": "4460194",
    "commercialArticleNumber": "21264",
    "name": "zeesticks vegetarisch",
    "description": "*Sticks op basis van\nsoja",
    "brand": "BONI",
    "seoBrand": "Boni Selection",
    "thumbNail": "https://static.colruytgroup.com/images/200x200/std.lang.all/05/42/asset-3040542.jpg",
    "fullImage": "https://static.colruytgroup.com/images/500x500/std.lang.all/05/42/asset-3040542.jpg",
    "squareImage": "https://static.colruytgroup.com/images/500x500sq/std.lang.all/05/42/asset-3040542.jpg",
    "content": "210g",
    "walkRouteSequenceNumber": 7618,
    "price": {
      "basicPrice": 3.15,
      "recommendedQuantity": "1.0",
      "measurementUnitPrice": 15,
      "measurementUnit": "K",
      "isRedPrice": false,
      "pricePerUOM": 15,
      "activationDate": "13-03-2024",
      "isPromoActive": "Y",
      "priceChangeCode": "E"
    },
    "isAvailable": true,
    "isPriceAvailable": true,
    "inPromo": true,
    "promotion": [
      {
        "techPromoId": "100899COLR",
        "promotionId": "100899",
        "promotionType": "3",
        "isPersonalized": "N",
        "publicationStartDate": "13-03-2024",
        "publicationEndDate": "26-03-2024"
      }
    ],
    "gtin": [
      "05400141539738",
      "05400141758214",
      "15400141758211"
    ],
    "topCategoryName": "Bereidingen/Charcuterie/Vis/Veggie",
    "topCategoryId": "105",
    "businessDomain": "RETAIL_BE",
    "IsPrivateLabel": true,
    "IsBiffe": false,
    "WeightconversionFactor": "0",
    "IsWeightArticle": false,
    "nutriscoreLabel": "C",
    "IsBio": false,
    "CountryOfOrigin": "BELGIË",
    "IsExclusivelySoldInLuxembourg": false,
    "OrderUnit": "P",
    "ShortName": "BONI VEG ZEESTICKS 210G",
    "IsNew": false,
    "EcoscoreLabel": "A",
    "RecentQuanityOfStockUnits": "1",
    "LongName": "BONI zeesticks vegetarisch 210g",
    "FicCode": "I",
    "EcoscoreValue": "80"
  },
  {
    "productId": "840300",
    "technicalArticleNumber": "4684262",
    "commercialArticleNumber": "11263",
    "name": "Tapas klassiek",
    "description": "*Tapas mixed\n*Halfdroge tomaten\n*Olijven basilicum\n*Zoete pepers met\nroomkaas",
    "brand": "BONI",
    "seoBrand": "Boni Selection",
    "thumbNail": "https://static.colruytgroup.com/images/200x200/std.lang.all/71/51/asset-3017151.jpg",
    "fullImage": "https://static.colruytgroup.com/images/500x500/std.lang.all/71/51/asset-3017151.jpg",
    "squareImage": "https://static.colruytgroup.com/images/500x500sq/std.lang.all/71/51/asset-3017151.jpg",
    "content": "170g",
    "walkRouteSequenceNumber": 7659,
    "price": {
      "basicPrice": 3.29,
      "recommendedQuantity": "1.0",
      "quantityPrice": 3.16,
      "quantityPriceQuantity": "3.0",
      "measurementUnitPrice": 19.36,
      "measurementUnitQuantityPrice": 18.59,
      "measurementUnit": "K",
      "isRedPrice": false,
      "pricePerUOM": 19.36,
      "activationDate": "13-06-2023",
      "isPromoActive": "N",
      "priceChangeCode": "E",
      "quantityPricePerUOM": 18.59,
      "quantityActivationDate": "13-06-2023",
      "quantityPriceChangeCode": "E"
    },
    "isAvailable": true,
    "isPriceAvailable": true,
    "inPromo": false,
    "gtin": [
      "15400141513087",
      "05400141513080"
    ],
    "topCategoryName": "Bereidingen/Charcuterie/Vis/Veggie",
    "topCategoryId": "105",
    "businessDomain": "RETAIL_BE",
    "IsPrivateLabel": true,
    "IsBiffe": false,
    "WeightconversionFactor": "0",
    "IsWeightArticle": false,
    "IsBio": false,
    "CountryOfOrigin": "BELGIË",
    "IsExclusivelySoldInLuxembourg": false,
    "OrderUnit": "P",
    "ShortName": "BONI TAPAS KLASSIEK170G",
    "IsNew": false,
    "RecentQuanityOfStockUnits": "1",
    "LongName": "BONI Tapas klassiek 170g",
    "FicCode": "I"
  },
  {
    "productId": "907664",
    "technicalArticleNumber": "4758894",
    "commercialArticleNumber": "2941",
    "name": "gnocci ham mozzarella",
    "brand": "RANA",
    "seoBrand": "Giovanni Rana",
    "thumbNail": "https://static.colruytgroup.com/images/200x200/std.lang.all/10/64/asset-3341064.jpg",
    "fullImage": "https://static.colruytgroup.com/images/500x500/std.lang.all/10/64/asset-3341064.jpg",
    "squareImage": "https://static.colruytgroup.com/images/500x500sq/std.lang.all/10/64/asset-3341064.jpg",
    "content": "280g",
    "walkRouteSequenceNumber": 7532,
    "price": {
      "basicPrice": 3.49,
      "recommendedQuantity": "1.0",
      "measurementUnitPrice": 12.47,
      "measurementUnit": "K",
      "isRedPrice": false,
      "pricePerUOM": 12.47,
      "activationDate": "02-02-2024",
      "recordSource": "Offline",
      "isPromoActive": "N",
      "priceChangeCode": "E"
    },
    "isAvailable": true,
    "isPriceAvailable": true,
    "inPromo": false,
    "gtin": [
      "08001665723541"
    ],
    "topCategoryName": "Bereidingen/Charcuterie/Vis/Veggie",
    "topCategoryId": "105",
    "businessDomain": "RETAIL_BE",
    "IsPrivateLabel": false,
    "IsBiffe": false,
    "WeightconversionFactor": "0",
    "IsWeightArticle": false,
    "IsBio": false,
    "CountryOfOrigin": "ITALIË",
    "IsExclusivelySoldInLuxembourg": false,
    "OrderUnit": "P",
    "ShortName": "RANA GNOCCHI HAM 280G",
    "IsNew": false,
    "EcoscoreLabel": "B",
    "RecentQuanityOfStockUnits": "1",
    "LongName": "RANA gnocci ham mozzarella 280g",
    "AlcoholVolume": "0",
    "FicCode": "E",
    "EcoscoreValue": "77"
  },
  {
    "productId": "691162",
    "technicalArticleNumber": "4418199",
    "commercialArticleNumber": "22150",
    "name": "kip groen curry noedels",
    "description": "*Kip in een pittige\ngroene currysaus\nop basis van kokos-\nmelk met noedels",
    "brand": "PURE",
    "seoBrand": "Pure",
    "thumbNail": "https://static.colruytgroup.com/images/200x200/std.lang.all/71/31/asset-3177131.jpg",
    "fullImage": "https://static.colruytgroup.com/images/500x500/std.lang.all/71/31/asset-3177131.jpg",
    "squareImage": "https://static.colruytgroup.com/images/500x500sq/std.lang.all/71/31/asset-3177131.jpg",
    "content": "400g",
    "walkRouteSequenceNumber": 6666,
    "price": {
      "basicPrice": 3.99,
      "recommendedQuantity": "1.0",
      "measurementUnitPrice": 9.98,
      "measurementUnit": "K",
      "isRedPrice": false,
      "pricePerUOM": 9.98,
      "activationDate": "11-05-2023",
      "isPromoActive": "N",
      "priceChangeCode": "H"
    },
    "isAvailable": true,
    "isPriceAvailable": true,
    "inPromo": false,
    "gtin": [
      "05412344947043",
      "05412344947012",
      "05412344947050"
    ],
    "topCategoryName": "Bereidingen/Charcuterie/Vis/Veggie",
    "topCategoryId": "105",
    "businessDomain": "RETAIL_BE",
    "IsPrivateLabel": false,
    "IsBiffe": false,
    "WeightconversionFactor": "0",
    "IsWeightArticle": false,
    "nutriscoreLabel": "C",
    "IsBio": false,
    "CountryOfOrigin": "BELGIË",
    "IsExclusivelySoldInLuxembourg": false,
    "OrderUnit": "P",
    "ShortName": "PURE KI.GR.CUR.NOED400G",
    "IsNew": false,
    "EcoscoreLabel": "C",
    "RecentQuanityOfStockUnits": "1",
    "LongName": "PURE kip groen curry noedels 400g",
    "FicCode": "E",
    "EcoscoreValue": "59"
  },
  {
    "productId": "85749",
    "technicalArticleNumber": "3015221",
    "commercialArticleNumber": "8959",
    "name": "spinaziepuree",
    "description": "Verse ambachtelijke spinaziepuree met\nboter.",
    "brand": "BONI",
    "seoBrand": "Boni Selection",
    "thumbNail": "https://static.colruytgroup.com/images/200x200/std.lang.all/75/07/asset-3247507.jpg",
    "fullImage": "https://static.colruytgroup.com/images/500x500/std.lang.all/75/07/asset-3247507.jpg",
    "squareImage": "https://static.colruytgroup.com/images/500x500sq/std.lang.all/75/07/asset-3247507.jpg",
    "content": "500g",
    "walkRouteSequenceNumber": 7453,
    "price": {
      "basicPrice": 3.29,
      "recommendedQuantity": "1.0",
      "measurementUnitPrice": 6.58,
      "measurementUnit": "K",
      "isRedPrice": false,
      "pricePerUOM": 6.58,
      "activationDate": "24-02-2024",
      "recordSource": "Offline",
      "isPromoActive": "N",
      "priceChangeCode": "L"
    },
    "isAvailable": true,
    "isPriceAvailable": true,
    "inPromo": false,
    "gtin": [
      "05400141156966",
      "05400141272703"
    ],
    "topCategoryName": "Bereidingen/Charcuterie/Vis/Veggie",
    "topCategoryId": "105",
    "businessDomain": "RETAIL_BE",
    "IsPrivateLabel": true,
    "IsBiffe": false,
    "WeightconversionFactor": "0",
    "IsWeightArticle": false,
    "nutriscoreLabel": "C",
    "IsBio": false,
    "CountryOfOrigin": "BELGIË",
    "IsExclusivelySoldInLuxembourg": false,
    "OrderUnit": "P",
    "ShortName": "BONI SPINAZ.PUR 500G",
    "InSeason": true,
    "IsNew": false,
    "EcoscoreLabel": "B",
    "RecentQuanityOfStockUnits": "1",
    "LongName": "BONI spinaziepuree 500g",
    "AlcoholVolume": "0",
    "StartSeasonDate": "13/09/2023",
    "FicCode": "I",
    "EcoscoreValue": "79"
  },
  {
    "productId": "144094",
    "technicalArticleNumber": "3278457",
    "commercialArticleNumber": "44344",
    "name": "beenham gv sneetjes",
    "description": "*België\n*Boterham\n*Glutenvrij",
    "brand": "AUBEL",
    "seoBrand": "Aubel",
    "thumbNail": "https://static.colruytgroup.com/images/200x200/std.lang.all/82/56/asset-2298256.jpg",
    "fullImage": "https://static.colruytgroup.com/images/500x500/std.lang.all/82/56/asset-2298256.jpg",
    "squareImage": "https://static.colruytgroup.com/images/500x500sq/std.lang.all/82/56/asset-2298256.jpg",
    "content": "150g",
    "walkRouteSequenceNumber": 7872,
    "price": {
      "basicPrice": 4.99,
      "recommendedQuantity": "1.0",
      "measurementUnitPrice": 33.27,
      "measurementUnit": "K",
      "isRedPrice": false,
      "pricePerUOM": 33.27,
      "activationDate": "19-03-2024",
      "recordSource": "Offline",
      "isPromoActive": "N",
      "priceChangeCode": "H"
    },
    "isAvailable": true,
    "isPriceAvailable": true,
    "inPromo": false,
    "gtin": [
      "05410459000011",
      "08446435434447"
    ],
    "topCategoryName": "Bereidingen/Charcuterie/Vis/Veggie",
    "topCategoryId": "105",
    "businessDomain": "RETAIL_BE",
    "IsPrivateLabel": false,
    "IsBiffe": false,
    "WeightconversionFactor": "0",
    "IsWeightArticle": false,
    "nutriscoreLabel": "D",
    "IsBio": false,
    "CountryOfOrigin": "BELGIË",
    "IsExclusivelySoldInLuxembourg": false,
    "OrderUnit": "P",
    "ShortName": "AUBEL BEENHESP 150G",
    "InSeason": true,
    "IsNew": false,
    "EcoscoreLabel": "D",
    "RecentQuanityOfStockUnits": "1",
    "LongName": "AUBEL beenham gv sneetjes 150g",
    "AlcoholVolume": "0",
    "StartSeasonDate": "28/11/2018",
    "FicCode": "E",
    "EcoscoreValue": "31"
  },
  {
    "productId": "830411",
    "technicalArticleNumber": "4669828",
    "commercialArticleNumber": "30155",
    "name": "filettekes",
    "description": "*Vegetarische\nkookworst\nop basis van soja-\nstructuur, kippen\n-eiwit",
    "brand": "DE VEGETARISCHE SLAGER",
    "seoBrand": "DE VEGETARISCHE SLAGER",
    "thumbNail": "https://static.colruytgroup.com/images/200x200/std.lang.all/35/68/asset-3013568.jpg",
    "fullImage": "https://static.colruytgroup.com/images/500x500/std.lang.all/35/68/asset-3013568.jpg",
    "squareImage": "https://static.colruytgroup.com/images/500x500sq/std.lang.all/35/68/asset-3013568.jpg",
    "content": "100g",
    "walkRouteSequenceNumber": 7510,
    "price": {
      "basicPrice": 2.79,
      "recommendedQuantity": "1.0",
      "quantityPrice": 1.39,
      "quantityPriceQuantity": "2.0",
      "measurementUnitPrice": 27.9,
      "measurementUnitQuantityPrice": 13.9,
      "measurementUnit": "K",
      "isRedPrice": false,
      "pricePerUOM": 27.9,
      "activationDate": "21-03-2024",
      "recordSource": "Offline",
      "isPromoActive": "N",
      "priceChangeCode": "E",
      "quantityPricePerUOM": 13.9,
      "quantityActivationDate": "21-03-2024",
      "quantityPriceChangeCode": "L"
    },
    "isAvailable": true,
    "isPriceAvailable": true,
    "inPromo": false,
    "gtin": [
      "05411761372438"
    ],
    "topCategoryName": "Bereidingen/Charcuterie/Vis/Veggie",
    "topCategoryId": "105",
    "businessDomain": "RETAIL_BE",
    "IsPrivateLabel": false,
    "IsBiffe": false,
    "WeightconversionFactor": "0",
    "IsWeightArticle": false,
    "nutriscoreLabel": "D",
    "IsBio": false,
    "CountryOfOrigin": "BELGIË",
    "IsExclusivelySoldInLuxembourg": false,
    "OrderUnit": "P",
    "ShortName": "VESL FILETTEKES 100G",
    "IsNew": false,
    "EcoscoreLabel": "C",
    "RecentQuanityOfStockUnits": "1",
    "LongName": "DE VEGETARISCHE SLAGER filettekes 100g",
    "FicCode": "E",
    "EcoscoreValue": "58"
  },
  {
    "productId": "858312",
    "technicalArticleNumber": "4708694",
    "commercialArticleNumber": "31648",
    "name": "Gambas ASC",
    "description": "*Gekookt,\nongepeld, ontdooid.",
    "brand": "BONI",
    "seoBrand": "Boni Selection",
    "thumbNail": "https://static.colruytgroup.com/images/200x200/std.lang.all/24/78/asset-3252478.jpg",
    "fullImage": "https://static.colruytgroup.com/images/500x500/std.lang.all/24/78/asset-3252478.jpg",
    "squareImage": "https://static.colruytgroup.com/images/500x500sq/std.lang.all/24/78/asset-3252478.jpg",
    "content": "300g",
    "walkRouteSequenceNumber": 7558,
    "price": {
      "basicPrice": 5.49,
      "recommendedQuantity": "1.0",
      "measurementUnitPrice": 18.3,
      "measurementUnit": "K",
      "isRedPrice": false,
      "pricePerUOM": 18.3,
      "activationDate": "02-01-2024",
      "isPromoActive": "N",
      "priceChangeCode": "H"
    },
    "isAvailable": true,
    "isPriceAvailable": true,
    "inPromo": false,
    "gtin": [
      "05400141443721"
    ],
    "topCategoryName": "Bereidingen/Charcuterie/Vis/Veggie",
    "topCategoryId": "105",
    "businessDomain": "RETAIL_BE",
    "IsPrivateLabel": true,
    "IsBiffe": false,
    "WeightconversionFactor": "0",
    "IsWeightArticle": false,
    "nutriscoreLabel": "A",
    "IsBio": false,
    "CountryOfOrigin": "ECUADOR",
    "IsExclusivelySoldInLuxembourg": false,
    "OrderUnit": "P",
    "ShortName": "BONI GAMBAS ASC 300G",
    "IsNew": false,
    "EcoscoreLabel": "E",
    "RecentQuanityOfStockUnits": "1",
    "LongName": "BONI Gambas ASC 300g",
    "FicCode": "I",
    "EcoscoreValue": "18"
  },
  {
    "productId": "2242",
    "technicalArticleNumber": "27946",
    "commercialArticleNumber": "27946",
    "name": "lompviseieren zwart",
    "description": "*90 % lompviseieren\n(zwart)",
    "brand": "KESTELOOT",
    "seoBrand": "Kesteloot",
    "thumbNail": "https://static.colruytgroup.com/images/200x200/std.lang.all/46/54/asset-2274654.jpg",
    "fullImage": "https://static.colruytgroup.com/images/500x500/std.lang.all/46/54/asset-2274654.jpg",
    "squareImage": "https://static.colruytgroup.com/images/500x500sq/std.lang.all/46/54/asset-2274654.jpg",
    "content": "100g",
    "walkRouteSequenceNumber": 7514,
    "price": {
      "basicPrice": 5.99,
      "recommendedQuantity": "1.0",
      "measurementUnitPrice": 59.9,
      "measurementUnit": "K",
      "isRedPrice": false,
      "pricePerUOM": 59.9,
      "activationDate": "26-12-2023",
      "isPromoActive": "N",
      "priceChangeCode": "H"
    },
    "isAvailable": true,
    "isPriceAvailable": true,
    "inPromo": false,
    "gtin": [
      "15400141973768",
      "05400141043129",
      "05410473060350",
      "05410473099992"
    ],
    "topCategoryName": "Bereidingen/Charcuterie/Vis/Veggie",
    "topCategoryId": "105",
    "businessDomain": "RETAIL_BE",
    "IsPrivateLabel": false,
    "IsBiffe": false,
    "WeightconversionFactor": "0",
    "IsWeightArticle": false,
    "nutriscoreLabel": "E",
    "IsBio": false,
    "CountryOfOrigin": "IJSLAND",
    "IsExclusivelySoldInLuxembourg": false,
    "OrderUnit": "P",
    "ShortName": "KEST LOMPVISEI ZWA 100G",
    "IsNew": false,
    "RecentQuanityOfStockUnits": "1,12",
    "LongName": "KESTELOOT lompviseieren zwart 100g",
    "AlcoholVolume": "0",
    "FicCode": "E"
  },
  {
    "productId": "886192",
    "technicalArticleNumber": "4745302",
    "commercialArticleNumber": "32644",
    "name": "Louis Davignac Duo Eendenlever",
    "thumbNail": "https://static.colruytgroup.com/images/200x200/std.lang.all/03/40/asset-3380340.jpg",
    "fullImage": "https://static.colruytgroup.com/images/500x500/std.lang.all/03/40/asset-3380340.jpg",
    "squareImage": "https://static.colruytgroup.com/images/500x500sq/std.lang.all/03/40/asset-3380340.jpg",
    "content": "2x40g",
    "walkRouteSequenceNumber": 7742,
    "price": {
      "basicPrice": 4.49,
      "recommendedQuantity": "1.0",
      "measurementUnitPrice": 56.13,
      "measurementUnit": "K",
      "isRedPrice": false,
      "pricePerUOM": 56.13,
      "activationDate": "16-12-2023",
      "recordSource": "Offline",
      "isPromoActive": "N",
      "priceChangeCode": "L"
    },
    "isAvailable": true,
    "isPriceAvailable": true,
    "inPromo": false,
    "gtin": [
      "05425031150664"
    ],
    "topCategoryName": "Bereidingen/Charcuterie/Vis/Veggie",
    "topCategoryId": "105",
    "businessDomain": "RETAIL_BE",
    "IsPrivateLabel": false,
    "IsBiffe": false,
    "WeightconversionFactor": "0",
    "IsWeightArticle": false,
    "IsBio": false,
    "CountryOfOrigin": "BELGIË",
    "IsExclusivelySoldInLuxembourg": false,
    "OrderUnit": "P",
    "ShortName": "LODA EENDLEVER 2X40G",
    "IsNew": false,
    "RecentQuanityOfStockUnits": "1",
    "LongName": "Louis Davignac Duo Eendenlever 2x40g",
    "AlcoholVolume": "0",
    "FicCode": "I"
  },
  {
    "productId": "784443",
    "technicalArticleNumber": "4583559",
    "commercialArticleNumber": "9834",
    "name": "Macaroni Gratin Cr Tom",
    "description": "*Macaroni met\ntomaten en ham",
    "brand": "COME A CASA",
    "seoBrand": "Come A Casa",
    "thumbNail": "https://static.colruytgroup.com/images/200x200/std.lang.all/54/51/asset-2865451.jpg",
    "fullImage": "https://static.colruytgroup.com/images/500x500/std.lang.all/54/51/asset-2865451.jpg",
    "squareImage": "https://static.colruytgroup.com/images/500x500sq/std.lang.all/54/51/asset-2865451.jpg",
    "content": "400g",
    "walkRouteSequenceNumber": 6639,
    "price": {
      "basicPrice": 4.95,
      "recommendedQuantity": "1.0",
      "measurementUnitPrice": 12.38,
      "measurementUnit": "K",
      "isRedPrice": false,
      "pricePerUOM": 12.38,
      "activationDate": "07-03-2024",
      "recordSource": "Offline",
      "isPromoActive": "N",
      "priceChangeCode": "L"
    },
    "isAvailable": true,
    "isPriceAvailable": true,
    "inPromo": false,
    "gtin": [
      "15413848270542",
      "05413848270545"
    ],
    "topCategoryName": "Bereidingen/Charcuterie/Vis/Veggie",
    "topCategoryId": "105",
    "businessDomain": "RETAIL_BE",
    "IsPrivateLabel": false,
    "IsBiffe": false,
    "WeightconversionFactor": "0",
    "IsWeightArticle": false,
    "nutriscoreLabel": "C",
    "IsBio": false,
    "CountryOfOrigin": "BELGIË",
    "IsExclusivelySoldInLuxembourg": false,
    "OrderUnit": "P",
    "ShortName": "CAC MARCARONI TOM.400G",
    "IsNew": false,
    "EcoscoreLabel": "D",
    "RecentQuanityOfStockUnits": "1",
    "LongName": "COME A CASA Macaroni Gratin Cr Tom 400g",
    "FicCode": "E",
    "EcoscoreValue": "35"
  },
  {
    "productId": "1045580",
    "technicalArticleNumber": "4798441",
    "commercialArticleNumber": "7606",
    "name": "Salade plant.chicky curry",
    "brand": "DELIO",
    "seoBrand": "Délio",
    "thumbNail": "https://static.colruytgroup.com/images/200x200/std.lang.all/51/22/asset-3445122.jpg",
    "fullImage": "https://static.colruytgroup.com/images/500x500/std.lang.all/51/22/asset-3445122.jpg",
    "squareImage": "https://static.colruytgroup.com/images/500x500sq/std.lang.all/51/22/asset-3445122.jpg",
    "content": "180g",
    "walkRouteSequenceNumber": 7633,
    "price": {
      "basicPrice": 2.99,
      "recommendedQuantity": "1.0",
      "measurementUnitPrice": 16.62,
      "measurementUnit": "K",
      "isRedPrice": false,
      "pricePerUOM": 16.62,
      "activationDate": "22-03-2024",
      "recordSource": "Offline",
      "isPromoActive": "N",
      "priceChangeCode": "E"
    },
    "isAvailable": true,
    "isPriceAvailable": true,
    "inPromo": false,
    "gtin": [
      "05411153015141"
    ],
    "topCategoryName": "Bereidingen/Charcuterie/Vis/Veggie",
    "topCategoryId": "105",
    "businessDomain": "RETAIL_BE",
    "IsPrivateLabel": false,
    "IsBiffe": false,
    "WeightconversionFactor": "0",
    "IsWeightArticle": false,
    "nutriscoreLabel": "B",
    "IsBio": false,
    "CountryOfOrigin": "BELGIË",
    "IsExclusivelySoldInLuxembourg": false,
    "OrderUnit": "P",
    "ShortName": "DELI CHICKY CURRY 180G",
    "IsNew": true,
    "EcoscoreLabel": "C",
    "RecentQuanityOfStockUnits": "1",
    "LongName": "DELIO Salade plant.chicky curry 180g",
    "FicCode": "E",
    "EcoscoreValue": "59"
  },
  {
    "productId": "880300",
    "technicalArticleNumber": "4737337",
    "commercialArticleNumber": "32318",
    "name": "Chicken Chipolata",
    "brand": "GREENWAY",
    "seoBrand": "Greenway",
    "thumbNail": "https://static.colruytgroup.com/images/200x200/std.lang.all/72/80/asset-3307280.jpg",
    "fullImage": "https://static.colruytgroup.com/images/500x500/std.lang.all/72/80/asset-3307280.jpg",
    "squareImage": "https://static.colruytgroup.com/images/500x500sq/std.lang.all/72/80/asset-3307280.jpg",
    "content": "160g",
    "walkRouteSequenceNumber": 7583,
    "price": {
      "basicPrice": 3.68,
      "recommendedQuantity": "1.0",
      "measurementUnitPrice": 23,
      "measurementUnit": "K",
      "isRedPrice": false,
      "pricePerUOM": 23,
      "activationDate": "13-03-2024",
      "recordSource": "Folder",
      "isPromoActive": "Y",
      "priceChangeCode": "L"
    },
    "isAvailable": true,
    "isPriceAvailable": true,
    "inPromo": true,
    "promotion": [
      {
        "techPromoId": "100871COLR",
        "promotionId": "100871",
        "promotionType": "4",
        "isPersonalized": "N",
        "publicationStartDate": "13-03-2024",
        "publicationEndDate": "26-03-2024"
      }
    ],
    "gtin": [
      "05414880002590"
    ],
    "topCategoryName": "Bereidingen/Charcuterie/Vis/Veggie",
    "topCategoryId": "105",
    "businessDomain": "RETAIL_BE",
    "IsPrivateLabel": false,
    "IsBiffe": false,
    "WeightconversionFactor": "0",
    "IsWeightArticle": false,
    "nutriscoreLabel": "A",
    "IsBio": false,
    "CountryOfOrigin": "BELGIË",
    "IsExclusivelySoldInLuxembourg": false,
    "OrderUnit": "P",
    "ShortName": "GREE CHIC.CHIPOLATA160G",
    "IsNew": false,
    "EcoscoreLabel": "A",
    "RecentQuanityOfStockUnits": "1",
    "LongName": "GREENWAY Chicken Chipolata 160g",
    "FicCode": "E",
    "EcoscoreValue": "81"
  },
  {
    "productId": "858585",
    "technicalArticleNumber": "4708845",
    "commercialArticleNumber": "31661",
    "name": "premium surimi sticks",
    "brand": "VICI",
    "seoBrand": "Vici",
    "thumbNail": "https://static.colruytgroup.com/images/200x200/std.lang.all/49/71/asset-3194971.jpg",
    "fullImage": "https://static.colruytgroup.com/images/500x500/std.lang.all/49/71/asset-3194971.jpg",
    "squareImage": "https://static.colruytgroup.com/images/500x500sq/std.lang.all/49/71/asset-3194971.jpg",
    "content": "150g",
    "walkRouteSequenceNumber": 7547,
    "price": {
      "basicPrice": 3.09,
      "recommendedQuantity": "1.0",
      "measurementUnitPrice": 20.6,
      "measurementUnit": "K",
      "isRedPrice": false,
      "pricePerUOM": 20.6,
      "activationDate": "20-02-2024",
      "recordSource": "Offline",
      "isPromoActive": "N",
      "priceChangeCode": "E"
    },
    "isAvailable": true,
    "isPriceAvailable": true,
    "inPromo": false,
    "gtin": [
      "04770190130738",
      "04770190130721"
    ],
    "topCategoryName": "Bereidingen/Charcuterie/Vis/Veggie",
    "topCategoryId": "105",
    "businessDomain": "RETAIL_BE",
    "IsPrivateLabel": false,
    "IsBiffe": false,
    "WeightconversionFactor": "0",
    "IsWeightArticle": false,
    "nutriscoreLabel": "D",
    "IsBio": false,
    "CountryOfOrigin": "BELGIË",
    "IsExclusivelySoldInLuxembourg": false,
    "OrderUnit": "P",
    "ShortName": "VICI PREM.SURIMIST.150G",
    "IsNew": false,
    "EcoscoreLabel": "E",
    "RecentQuanityOfStockUnits": "1",
    "LongName": "VICI premium surimi sticks 150g",
    "FicCode": "E",
    "EcoscoreValue": "19"
  },
  {
    "productId": "20021",
    "technicalArticleNumber": "2236878",
    "commercialArticleNumber": "4358",
    "name": "verse tartare saus",
    "description": "Extra verse saus vol augurkjes en\nsjalot. Een perfecte match bij\ngepaneerde, gegrilde vis.",
    "brand": "KADE",
    "seoBrand": "KaDé",
    "thumbNail": "https://static.colruytgroup.com/images/200x200/std.lang.all/77/85/asset-1567785.jpg",
    "fullImage": "https://static.colruytgroup.com/images/500x500/std.lang.all/77/85/asset-1567785.jpg",
    "squareImage": "https://static.colruytgroup.com/images/500x500sq/std.lang.all/77/85/asset-1567785.jpg",
    "content": "150ml",
    "walkRouteSequenceNumber": 7517,
    "price": {
      "basicPrice": 1.95,
      "recommendedQuantity": "1.0",
      "measurementUnitPrice": 13,
      "measurementUnit": "L",
      "isRedPrice": false,
      "pricePerUOM": 13,
      "activationDate": "17-01-2024",
      "isPromoActive": "N",
      "priceChangeCode": "E"
    },
    "isAvailable": true,
    "isPriceAvailable": true,
    "inPromo": false,
    "gtin": [
      "05425007934038",
      "05425007934045"
    ],
    "topCategoryName": "Bereidingen/Charcuterie/Vis/Veggie",
    "topCategoryId": "105",
    "businessDomain": "RETAIL_BE",
    "IsPrivateLabel": false,
    "IsBiffe": false,
    "WeightconversionFactor": "0",
    "IsWeightArticle": false,
    "nutriscoreLabel": "D",
    "IsBio": false,
    "CountryOfOrigin": "BELGIË",
    "IsExclusivelySoldInLuxembourg": false,
    "OrderUnit": "P",
    "ShortName": "KADE TARTAAR SAUS150ML",
    "InSeason": true,
    "IsNew": false,
    "EcoscoreLabel": "A",
    "RecentQuanityOfStockUnits": "1",
    "LongName": "KADE verse tartare saus 150ml",
    "AlcoholVolume": "0",
    "StartSeasonDate": "14/03/2011",
    "FicCode": "E",
    "EcoscoreValue": "100"
  },
  {
    "productId": "788857",
    "technicalArticleNumber": "4593036",
    "commercialArticleNumber": "29235",
    "name": "filetstukjes",
    "description": "*Vegan",
    "brand": "GARDEN GOURMET",
    "seoBrand": "Garden Gourmet",
    "thumbNail": "https://static.colruytgroup.com/images/200x200/std.lang.all/70/73/asset-2787073.jpg",
    "fullImage": "https://static.colruytgroup.com/images/500x500/std.lang.all/70/73/asset-2787073.jpg",
    "squareImage": "https://static.colruytgroup.com/images/500x500sq/std.lang.all/70/73/asset-2787073.jpg",
    "content": "160g",
    "walkRouteSequenceNumber": 7586,
    "price": {
      "basicPrice": 2.49,
      "recommendedQuantity": "1.0",
      "measurementUnitPrice": 15.57,
      "measurementUnit": "K",
      "isRedPrice": false,
      "pricePerUOM": 15.57,
      "activationDate": "23-03-2024",
      "recordSource": "Folder",
      "isPromoActive": "N",
      "priceChangeCode": "E"
    },
    "isAvailable": true,
    "isPriceAvailable": true,
    "inPromo": false,
    "gtin": [
      "07290111562914",
      "07290111562419"
    ],
    "topCategoryName": "Bereidingen/Charcuterie/Vis/Veggie",
    "topCategoryId": "105",
    "businessDomain": "RETAIL_BE",
    "IsPrivateLabel": false,
    "IsBiffe": false,
    "WeightconversionFactor": "0",
    "IsWeightArticle": false,
    "nutriscoreLabel": "A",
    "IsBio": false,
    "CountryOfOrigin": "BELGIË",
    "IsExclusivelySoldInLuxembourg": false,
    "OrderUnit": "P",
    "ShortName": "GG FILETSTUKJES 160G",
    "IsNew": false,
    "RecentQuanityOfStockUnits": "1",
    "LongName": "GARDEN GOURMET filetstukjes 160g",
    "AlcoholVolume": "0",
    "FicCode": "E"
  },
  {
    "productId": "857615",
    "technicalArticleNumber": "4707663",
    "commercialArticleNumber": "31558",
    "name": "Salade gemarineerde Scampi",
    "description": "*Obv taboule,\nsuikerbrood salade,\ngemarineerde scampi,\nkerstomaat, gekookt\nei & curry dressing",
    "brand": "BONI",
    "seoBrand": "Boni Selection",
    "thumbNail": "https://static.colruytgroup.com/images/200x200/std.lang.all/22/17/asset-3212217.jpg",
    "fullImage": "https://static.colruytgroup.com/images/500x500/std.lang.all/22/17/asset-3212217.jpg",
    "squareImage": "https://static.colruytgroup.com/images/500x500sq/std.lang.all/22/17/asset-3212217.jpg",
    "content": "300g",
    "walkRouteSequenceNumber": 5302,
    "price": {
      "basicPrice": 5.79,
      "recommendedQuantity": "1.0",
      "quantityPrice": 5.69,
      "quantityPriceQuantity": "3.0",
      "measurementUnitPrice": 19.3,
      "measurementUnitQuantityPrice": 18.97,
      "measurementUnit": "K",
      "isRedPrice": false,
      "pricePerUOM": 19.3,
      "activationDate": "06-03-2024",
      "isPromoActive": "N",
      "priceChangeCode": "L",
      "quantityPricePerUOM": 18.97,
      "quantityActivationDate": "06-03-2024",
      "quantityPriceChangeCode": "E"
    },
    "isAvailable": true,
    "isPriceAvailable": true,
    "inPromo": false,
    "gtin": [
      "05400141443868"
    ],
    "topCategoryName": "Bereidingen/Charcuterie/Vis/Veggie",
    "topCategoryId": "105",
    "businessDomain": "RETAIL_BE",
    "IsPrivateLabel": true,
    "IsBiffe": false,
    "WeightconversionFactor": "0",
    "IsWeightArticle": false,
    "nutriscoreLabel": "A",
    "IsBio": false,
    "CountryOfOrigin": "BELGIË",
    "IsExclusivelySoldInLuxembourg": false,
    "OrderUnit": "P",
    "ShortName": "BONI SAL.GEMA.SCAMP300G",
    "IsNew": false,
    "EcoscoreLabel": "C",
    "RecentQuanityOfStockUnits": "1",
    "LongName": "BONI Salade gemarineerde Scampi 300g",
    "FicCode": "I",
    "EcoscoreValue": "43"
  },
  {
    "productId": "692525",
    "technicalArticleNumber": "4420182",
    "commercialArticleNumber": "25691",
    "name": "Burger chick",
    "description": "*Veggie burger\n*Klaar voor gebruik\n*Veggie proteïne\n*Vegan friendly\n*Vleesvervangers",
    "brand": "DE VEGETARISCHE SLAGER",
    "seoBrand": "DE VEGETARISCHE SLAGER",
    "thumbNail": "https://static.colruytgroup.com/images/200x200/std.lang.all/24/09/asset-2812409.jpg",
    "fullImage": "https://static.colruytgroup.com/images/500x500/std.lang.all/24/09/asset-2812409.jpg",
    "squareImage": "https://static.colruytgroup.com/images/500x500sq/std.lang.all/24/09/asset-2812409.jpg",
    "content": "160g",
    "walkRouteSequenceNumber": 7569,
    "price": {
      "basicPrice": 4.49,
      "recommendedQuantity": "1.0",
      "measurementUnitPrice": 28.07,
      "measurementUnit": "K",
      "isRedPrice": false,
      "pricePerUOM": 28.07,
      "activationDate": "14-03-2024",
      "recordSource": "Offline",
      "isPromoActive": "N",
      "priceChangeCode": "E"
    },
    "isAvailable": true,
    "isPriceAvailable": true,
    "inPromo": false,
    "gtin": [
      "08718692789883",
      "08718692789937"
    ],
    "topCategoryName": "Bereidingen/Charcuterie/Vis/Veggie",
    "topCategoryId": "105",
    "businessDomain": "RETAIL_BE",
    "IsPrivateLabel": false,
    "IsBiffe": false,
    "WeightconversionFactor": "0",
    "IsWeightArticle": false,
    "nutriscoreLabel": "B",
    "IsBio": false,
    "CountryOfOrigin": "NEDERLAND",
    "IsExclusivelySoldInLuxembourg": false,
    "OrderUnit": "P",
    "ShortName": "VESL BURGER CHICK160G",
    "IsNew": false,
    "EcoscoreLabel": "C",
    "RecentQuanityOfStockUnits": "1",
    "LongName": "DE VEGETARISCHE SLAGER Burger chick 160g",
    "FicCode": "E",
    "EcoscoreValue": "59"
  },
  {
    "productId": "355884",
    "technicalArticleNumber": "3857579",
    "commercialArticleNumber": "27587",
    "name": "bâton berg.hazelnoten",
    "brand": "JUSTIN BRIDOU",
    "seoBrand": "Justin Bridou Le Bâton de Berger",
    "thumbNail": "https://static.colruytgroup.com/images/200x200/std.lang.all/24/03/asset-2882403.jpg",
    "fullImage": "https://static.colruytgroup.com/images/500x500/std.lang.all/24/03/asset-2882403.jpg",
    "squareImage": "https://static.colruytgroup.com/images/500x500sq/std.lang.all/24/03/asset-2882403.jpg",
    "content": "250g",
    "walkRouteSequenceNumber": 7781,
    "price": {
      "basicPrice": 7.99,
      "recommendedQuantity": "1.0",
      "quantityPrice": 3.99,
      "quantityPriceQuantity": "2.0",
      "measurementUnitPrice": 31.96,
      "measurementUnitQuantityPrice": 15.96,
      "measurementUnit": "K",
      "isRedPrice": false,
      "pricePerUOM": 31.96,
      "activationDate": "22-03-2024",
      "recordSource": "Offline",
      "isPromoActive": "N",
      "priceChangeCode": "E",
      "quantityPricePerUOM": 15.96,
      "quantityActivationDate": "22-03-2024",
      "quantityPriceChangeCode": "L"
    },
    "isAvailable": true,
    "isPriceAvailable": true,
    "inPromo": false,
    "gtin": [
      "03449851140553",
      "03449857003746"
    ],
    "topCategoryName": "Bereidingen/Charcuterie/Vis/Veggie",
    "topCategoryId": "105",
    "businessDomain": "RETAIL_BE",
    "IsPrivateLabel": false,
    "IsBiffe": false,
    "WeightconversionFactor": "0",
    "IsWeightArticle": false,
    "nutriscoreLabel": "E",
    "IsBio": false,
    "CountryOfOrigin": "FRANKRIJK",
    "IsExclusivelySoldInLuxembourg": false,
    "OrderUnit": "P",
    "ShortName": "JB BB HAZELNOTEN 250G",
    "IsNew": false,
    "EcoscoreLabel": "D",
    "RecentQuanityOfStockUnits": "1",
    "LongName": "JUSTIN BRIDOU bâton berg.hazelnoten 250g",
    "AlcoholVolume": "0",
    "FicCode": "E",
    "EcoscoreValue": "34"
  },
  {
    "productId": "710389",
    "technicalArticleNumber": "4451549",
    "commercialArticleNumber": "27073",
    "name": "SNACK WORSTJES",
    "description": "kleine snackworstjes, ideaal\nals aperitief",
    "brand": "BONI",
    "seoBrand": "Boni Selection",
    "thumbNail": "https://static.colruytgroup.com/images/200x200/std.lang.all/51/28/asset-3165128.jpg",
    "fullImage": "https://static.colruytgroup.com/images/500x500/std.lang.all/51/28/asset-3165128.jpg",
    "squareImage": "https://static.colruytgroup.com/images/500x500sq/std.lang.all/51/28/asset-3165128.jpg",
    "content": "150g",
    "walkRouteSequenceNumber": 6705,
    "price": {
      "basicPrice": 2.29,
      "recommendedQuantity": "1.0",
      "measurementUnitPrice": 15.27,
      "measurementUnit": "K",
      "isRedPrice": false,
      "pricePerUOM": 15.27,
      "activationDate": "03-11-2022",
      "isPromoActive": "N",
      "priceChangeCode": "E"
    },
    "isAvailable": true,
    "isPriceAvailable": true,
    "inPromo": false,
    "gtin": [
      "05400141797015",
      "05400141837742",
      "05400141454819"
    ],
    "topCategoryName": "Bereidingen/Charcuterie/Vis/Veggie",
    "topCategoryId": "105",
    "businessDomain": "RETAIL_BE",
    "IsPrivateLabel": true,
    "IsBiffe": false,
    "WeightconversionFactor": "0",
    "IsWeightArticle": false,
    "nutriscoreLabel": "E",
    "IsBio": false,
    "CountryOfOrigin": "BELGIË",
    "IsExclusivelySoldInLuxembourg": false,
    "OrderUnit": "P",
    "ShortName": "BONI SNACK WORSTJES150G",
    "IsNew": false,
    "EcoscoreLabel": "E",
    "RecentQuanityOfStockUnits": "1,1",
    "LongName": "BONI SNACK WORSTJES 150g",
    "AlcoholVolume": "0",
    "FicCode": "I",
    "EcoscoreValue": "2"
  },
  {
    "productId": "28811",
    "technicalArticleNumber": "1982615",
    "commercialArticleNumber": "35741",
    "name": "ham gegrild gv sneetjes",
    "description": "*België\n*Gegrild\n*Glutenvrij",
    "brand": "AUBEL",
    "seoBrand": "Aubel",
    "thumbNail": "https://static.colruytgroup.com/images/200x200/std.lang.all/45/43/asset-2274543.jpg",
    "fullImage": "https://static.colruytgroup.com/images/500x500/std.lang.all/45/43/asset-2274543.jpg",
    "squareImage": "https://static.colruytgroup.com/images/500x500sq/std.lang.all/45/43/asset-2274543.jpg",
    "content": "120g",
    "walkRouteSequenceNumber": 7873,
    "price": {
      "basicPrice": 3.29,
      "recommendedQuantity": "1.0",
      "measurementUnitPrice": 27.42,
      "measurementUnit": "K",
      "isRedPrice": false,
      "pricePerUOM": 27.42,
      "activationDate": "22-03-2024",
      "recordSource": "Online",
      "isPromoActive": "N",
      "priceChangeCode": "E"
    },
    "isAvailable": true,
    "isPriceAvailable": true,
    "inPromo": false,
    "gtin": [
      "05410459112073",
      "05410459007119",
      "05410459103613"
    ],
    "topCategoryName": "Bereidingen/Charcuterie/Vis/Veggie",
    "topCategoryId": "105",
    "businessDomain": "RETAIL_BE",
    "IsPrivateLabel": false,
    "IsBiffe": false,
    "WeightconversionFactor": "0",
    "IsWeightArticle": false,
    "nutriscoreLabel": "C",
    "IsBio": false,
    "CountryOfOrigin": "BELGIË",
    "IsExclusivelySoldInLuxembourg": false,
    "OrderUnit": "P",
    "ShortName": "AUBEL GEGRIL HAM120G",
    "IsNew": false,
    "EcoscoreLabel": "D",
    "RecentQuanityOfStockUnits": "1",
    "LongName": "AUBEL ham gegrild gv sneetjes 120g",
    "AlcoholVolume": "0",
    "FicCode": "E",
    "EcoscoreValue": "38"
  },
  {
    "productId": "519863",
    "technicalArticleNumber": "4103636",
    "commercialArticleNumber": "8521",
    "name": "Sensational Burger",
    "description": "*burger 2st\nperfect voor BBQ !\n*Vegan",
    "brand": "GARDEN GOURMET",
    "seoBrand": "Garden Gourmet",
    "thumbNail": "https://ecgproductmw.colruytgroup.com/ecgproductmw/noPicForArticle_2.jpg",
    "fullImage": "https://ecgproductmw.colruytgroup.com/ecgproductmw/noPicForArticle_5.jpg",
    "squareImage": "https://ecgproductmw.colruytgroup.com/ecgproductmw/noPicForArticle_5.jpg",
    "content": "226g",
    "walkRouteSequenceNumber": 7600,
    "price": {
      "basicPrice": 4.55,
      "recommendedQuantity": "1.0",
      "quantityPrice": 3.41,
      "quantityPriceQuantity": "2.0",
      "measurementUnitPrice": 20.14,
      "measurementUnitQuantityPrice": 15.09,
      "measurementUnit": "K",
      "isRedPrice": false,
      "pricePerUOM": 20.14,
      "activationDate": "21-03-2024",
      "recordSource": "Offline",
      "isPromoActive": "N",
      "priceChangeCode": "E",
      "quantityPricePerUOM": 15.09,
      "quantityActivationDate": "21-03-2024",
      "quantityPriceChangeCode": "H"
    },
    "isAvailable": true,
    "isPriceAvailable": true,
    "inPromo": false,
    "gtin": [
      "07613287210746",
      "07613036915137"
    ],
    "topCategoryName": "Bereidingen/Charcuterie/Vis/Veggie",
    "topCategoryId": "105",
    "businessDomain": "RETAIL_BE",
    "IsPrivateLabel": false,
    "IsBiffe": false,
    "WeightconversionFactor": "0",
    "IsWeightArticle": false,
    "nutriscoreLabel": "A",
    "IsBio": false,
    "CountryOfOrigin": "TSJECHIË (REPUBLIEK)",
    "IsExclusivelySoldInLuxembourg": false,
    "OrderUnit": "P",
    "ShortName": "GOGR SENSATI.BURGER226G",
    "IsNew": false,
    "RecentQuanityOfStockUnits": "1",
    "LongName": "GARDEN GOURMET Sensational Burger 226g",
    "FicCode": "E"
  },
  {
    "productId": "629636",
    "technicalArticleNumber": "4314849",
    "commercialArticleNumber": "23827",
    "name": "Kaas-Groenteburger",
    "description": "*Vegetrische\nbiologische burger\nop basis van\ngroenten, rijst\nen kaas.",
    "brand": "BONI BIO",
    "seoBrand": "Boni Selection Bio",
    "thumbNail": "https://static.colruytgroup.com/images/200x200/std.lang.all/49/61/asset-3194961.jpg",
    "fullImage": "https://static.colruytgroup.com/images/500x500/std.lang.all/49/61/asset-3194961.jpg",
    "squareImage": "https://static.colruytgroup.com/images/500x500sq/std.lang.all/49/61/asset-3194961.jpg",
    "content": "200g",
    "walkRouteSequenceNumber": 7631,
    "price": {
      "basicPrice": 3.49,
      "recommendedQuantity": "1.0",
      "measurementUnitPrice": 17.45,
      "measurementUnit": "K",
      "isRedPrice": false,
      "pricePerUOM": 17.45,
      "activationDate": "13-03-2024",
      "isPromoActive": "Y",
      "priceChangeCode": "E"
    },
    "isAvailable": true,
    "isPriceAvailable": true,
    "inPromo": true,
    "promotion": [
      {
        "techPromoId": "100899COLR",
        "promotionId": "100899",
        "promotionType": "3",
        "isPersonalized": "N",
        "publicationStartDate": "13-03-2024",
        "publicationEndDate": "26-03-2024"
      }
    ],
    "gtin": [
      "05400141449303",
      "15400141449300",
      "15400141512332",
      "05400141512335"
    ],
    "topCategoryName": "Bereidingen/Charcuterie/Vis/Veggie",
    "topCategoryId": "105",
    "businessDomain": "RETAIL_BE",
    "IsPrivateLabel": true,
    "IsBiffe": false,
    "WeightconversionFactor": "0",
    "IsWeightArticle": false,
    "nutriscoreLabel": "C",
    "IsBio": true,
    "CountryOfOrigin": "BELGIË",
    "IsExclusivelySoldInLuxembourg": false,
    "OrderUnit": "P",
    "ShortName": "BONI BIO KA-GR.BURG200G",
    "IsNew": false,
    "EcoscoreLabel": "A",
    "RecentQuanityOfStockUnits": "1",
    "LongName": "BONI BIO Kaas-Groenteburger 200g",
    "FicCode": "I",
    "EcoscoreValue": "95"
  },
  {
    "productId": "887820",
    "technicalArticleNumber": "4747388",
    "commercialArticleNumber": "32788",
    "name": "Bladerdeeghapjes",
    "brand": "BONI",
    "seoBrand": "Boni Selection",
    "thumbNail": "https://static.colruytgroup.com/images/200x200/std.lang.all/60/94/asset-3356094.jpg",
    "fullImage": "https://static.colruytgroup.com/images/500x500/std.lang.all/60/94/asset-3356094.jpg",
    "squareImage": "https://static.colruytgroup.com/images/500x500sq/std.lang.all/60/94/asset-3356094.jpg",
    "content": "12st",
    "walkRouteSequenceNumber": 6731,
    "price": {
      "basicPrice": 4.99,
      "recommendedQuantity": "1.0",
      "measurementUnitPrice": 25.59,
      "measurementUnit": "K",
      "isRedPrice": false,
      "pricePerUOM": 25.59,
      "activationDate": "08-01-2024",
      "recordSource": "Online",
      "isPromoActive": "N",
      "priceChangeCode": "H"
    },
    "isAvailable": true,
    "isPriceAvailable": true,
    "inPromo": false,
    "gtin": [
      "05400141722284"
    ],
    "topCategoryName": "Bereidingen/Charcuterie/Vis/Veggie",
    "topCategoryId": "105",
    "businessDomain": "RETAIL_BE",
    "IsPrivateLabel": true,
    "IsBiffe": false,
    "WeightconversionFactor": "0",
    "IsWeightArticle": false,
    "nutriscoreLabel": "D",
    "IsBio": false,
    "CountryOfOrigin": "BELGIË",
    "IsExclusivelySoldInLuxembourg": false,
    "OrderUnit": "P",
    "ShortName": "BONI BLADERDEEGHAP.12ST",
    "IsNew": false,
    "EcoscoreLabel": "A",
    "RecentQuanityOfStockUnits": "1",
    "LongName": "BONI Bladerdeeghapjes 12st",
    "FicCode": "I",
    "EcoscoreValue": "93"
  },
  {
    "productId": "869986",
    "technicalArticleNumber": "4723481",
    "commercialArticleNumber": "20798",
    "name": "Croque Monsieur 2st",
    "brand": "BONI",
    "seoBrand": "Boni Selection",
    "thumbNail": "https://static.colruytgroup.com/images/200x200/std.lang.all/60/79/asset-3266079.jpg",
    "fullImage": "https://static.colruytgroup.com/images/500x500/std.lang.all/60/79/asset-3266079.jpg",
    "squareImage": "https://static.colruytgroup.com/images/500x500sq/std.lang.all/60/79/asset-3266079.jpg",
    "content": "240g",
    "walkRouteSequenceNumber": 6662,
    "price": {
      "basicPrice": 2.49,
      "recommendedQuantity": "1.0",
      "measurementUnitPrice": 10.38,
      "measurementUnit": "K",
      "isRedPrice": false,
      "pricePerUOM": 10.38,
      "activationDate": "06-01-2024",
      "recordSource": "Offline",
      "isPromoActive": "N",
      "priceChangeCode": "E"
    },
    "isAvailable": true,
    "isPriceAvailable": true,
    "inPromo": false,
    "gtin": [
      "05400141681819"
    ],
    "topCategoryName": "Bereidingen/Charcuterie/Vis/Veggie",
    "topCategoryId": "105",
    "businessDomain": "RETAIL_BE",
    "IsPrivateLabel": true,
    "IsBiffe": false,
    "WeightconversionFactor": "0",
    "IsWeightArticle": false,
    "nutriscoreLabel": "D",
    "IsBio": false,
    "CountryOfOrigin": "NEDERLAND",
    "IsExclusivelySoldInLuxembourg": false,
    "OrderUnit": "P",
    "ShortName": "BONI CROQ.MONSIEUR 2ST",
    "IsNew": false,
    "EcoscoreLabel": "D",
    "RecentQuanityOfStockUnits": "1",
    "LongName": "BONI Croque Monsieur 2st 240g",
    "FicCode": "I",
    "EcoscoreValue": "32"
  },
  {
    "productId": "822503",
    "technicalArticleNumber": "4657163",
    "commercialArticleNumber": "29733",
    "name": "Gyoza Garnalen",
    "description": "*Tarwe- en tapioca\n-deeg gevuld met\ngarnalen en\ngroenten,\n*Ontdooid",
    "brand": "BONI",
    "seoBrand": "Boni Selection",
    "thumbNail": "https://static.colruytgroup.com/images/200x200/std.lang.all/08/87/asset-2930887.jpg",
    "fullImage": "https://static.colruytgroup.com/images/500x500/std.lang.all/08/87/asset-2930887.jpg",
    "squareImage": "https://static.colruytgroup.com/images/500x500sq/std.lang.all/08/87/asset-2930887.jpg",
    "content": "5x25g",
    "walkRouteSequenceNumber": 6729,
    "price": {
      "basicPrice": 4.99,
      "recommendedQuantity": "1.0",
      "measurementUnitPrice": 39.92,
      "measurementUnit": "K",
      "isRedPrice": false,
      "pricePerUOM": 39.92,
      "activationDate": "15-11-2023",
      "isPromoActive": "N",
      "priceChangeCode": "H"
    },
    "isAvailable": true,
    "isPriceAvailable": true,
    "inPromo": false,
    "gtin": [
      "05400141777710",
      "05400141851205"
    ],
    "topCategoryName": "Bereidingen/Charcuterie/Vis/Veggie",
    "topCategoryId": "105",
    "businessDomain": "RETAIL_BE",
    "IsPrivateLabel": true,
    "IsBiffe": false,
    "WeightconversionFactor": "0",
    "IsWeightArticle": false,
    "nutriscoreLabel": "C",
    "IsBio": false,
    "CountryOfOrigin": "THAILAND",
    "IsExclusivelySoldInLuxembourg": false,
    "OrderUnit": "P",
    "ShortName": "BONI GYOZA GARN5X25G",
    "InSeason": true,
    "IsNew": false,
    "EcoscoreLabel": "B",
    "RecentQuanityOfStockUnits": "1",
    "LongName": "BONI Gyoza Garnalen 5x25g",
    "StartSeasonDate": "18/09/2023",
    "FicCode": "I",
    "EcoscoreValue": "60"
  },
  {
    "productId": "879064",
    "technicalArticleNumber": "4735289",
    "commercialArticleNumber": "20562",
    "name": "Pasta gevuld pompoen",
    "brand": "BONI",
    "seoBrand": "Boni Selection",
    "thumbNail": "https://static.colruytgroup.com/images/200x200/std.lang.all/53/67/asset-3335367.jpg",
    "fullImage": "https://static.colruytgroup.com/images/500x500/std.lang.all/53/67/asset-3335367.jpg",
    "squareImage": "https://static.colruytgroup.com/images/500x500sq/std.lang.all/53/67/asset-3335367.jpg",
    "content": "250g",
    "walkRouteSequenceNumber": 7531,
    "price": {
      "basicPrice": 2.59,
      "recommendedQuantity": "1.0",
      "measurementUnitPrice": 10.36,
      "measurementUnit": "K",
      "isRedPrice": false,
      "pricePerUOM": 10.36,
      "activationDate": "14-02-2024",
      "isPromoActive": "N",
      "priceChangeCode": "E"
    },
    "isAvailable": true,
    "isPriceAvailable": true,
    "inPromo": false,
    "gtin": [
      "05400141463316",
      "15400141463313"
    ],
    "topCategoryName": "Bereidingen/Charcuterie/Vis/Veggie",
    "topCategoryId": "105",
    "businessDomain": "RETAIL_BE",
    "IsPrivateLabel": true,
    "IsBiffe": false,
    "WeightconversionFactor": "0",
    "IsWeightArticle": false,
    "nutriscoreLabel": "D",
    "IsBio": false,
    "CountryOfOrigin": "ITALIË",
    "IsExclusivelySoldInLuxembourg": false,
    "OrderUnit": "P",
    "ShortName": "BONI GEV.PASTA POM.250G",
    "IsNew": false,
    "EcoscoreLabel": "C",
    "RecentQuanityOfStockUnits": "1",
    "LongName": "BONI Pasta gevuld pompoen 250g",
    "FicCode": "I",
    "EcoscoreValue": "59"
  },
  {
    "productId": "848535",
    "technicalArticleNumber": "4695726",
    "commercialArticleNumber": "27773",
    "name": "Zalm war.gero.4pepp.ASC",
    "description": "*Atlantische\nzalmportie gepekeld\nbestrooid met\neen topping\ngerookt",
    "brand": "BONI",
    "seoBrand": "Boni Selection",
    "thumbNail": "https://static.colruytgroup.com/images/200x200/std.lang.all/09/88/asset-3270988.jpg",
    "fullImage": "https://static.colruytgroup.com/images/500x500/std.lang.all/09/88/asset-3270988.jpg",
    "squareImage": "https://static.colruytgroup.com/images/500x500sq/std.lang.all/09/88/asset-3270988.jpg",
    "content": "125g",
    "walkRouteSequenceNumber": 7468,
    "price": {
      "basicPrice": 4.99,
      "recommendedQuantity": "1.0",
      "measurementUnitPrice": 39.92,
      "measurementUnit": "K",
      "isRedPrice": false,
      "pricePerUOM": 39.92,
      "activationDate": "04-10-2023",
      "isPromoActive": "N",
      "priceChangeCode": "E"
    },
    "isAvailable": true,
    "isPriceAvailable": true,
    "inPromo": false,
    "gtin": [
      "05400141705812"
    ],
    "topCategoryName": "Bereidingen/Charcuterie/Vis/Veggie",
    "topCategoryId": "105",
    "businessDomain": "RETAIL_BE",
    "IsPrivateLabel": true,
    "IsBiffe": false,
    "WeightconversionFactor": "0",
    "IsWeightArticle": false,
    "IsBio": false,
    "CountryOfOrigin": "NOORWEGEN",
    "IsExclusivelySoldInLuxembourg": false,
    "OrderUnit": "P",
    "ShortName": "BONI ZA.GER.4PEP.ASC125",
    "IsNew": false,
    "RecentQuanityOfStockUnits": "1",
    "LongName": "BONI Zalm war.gero.4pepp.ASC 125g",
    "FicCode": "I"
  },
  {
    "productId": "52115",
    "technicalArticleNumber": "2402064",
    "commercialArticleNumber": "19294",
    "name": "salami gevogelte Halal",
    "description": "*Duitsland\n*Boterham",
    "brand": "MARHABA",
    "seoBrand": "Marhaba",
    "thumbNail": "https://static.colruytgroup.com/images/200x200/std.lang.all/63/86/asset-386386.jpg",
    "fullImage": "https://static.colruytgroup.com/images/500x500/std.lang.all/63/86/asset-386386.jpg",
    "squareImage": "https://static.colruytgroup.com/images/500x500sq/std.lang.all/63/86/asset-386386.jpg",
    "content": "200g",
    "walkRouteSequenceNumber": 7857,
    "price": {
      "basicPrice": 2.99,
      "recommendedQuantity": "1.0",
      "measurementUnitPrice": 14.95,
      "measurementUnit": "K",
      "isRedPrice": false,
      "pricePerUOM": 14.95,
      "activationDate": "14-11-2023",
      "isPromoActive": "N",
      "priceChangeCode": "E"
    },
    "isAvailable": true,
    "isPriceAvailable": true,
    "inPromo": false,
    "gtin": [
      "08717545694671",
      "08717545693674"
    ],
    "topCategoryName": "Bereidingen/Charcuterie/Vis/Veggie",
    "topCategoryId": "105",
    "businessDomain": "RETAIL_BE",
    "IsPrivateLabel": false,
    "IsBiffe": false,
    "WeightconversionFactor": "0",
    "IsWeightArticle": false,
    "nutriscoreLabel": "E",
    "IsBio": false,
    "CountryOfOrigin": "DUITSLAND",
    "IsExclusivelySoldInLuxembourg": false,
    "OrderUnit": "P",
    "ShortName": "MARH KIPPENSALAMI 200G",
    "IsNew": false,
    "EcoscoreLabel": "D",
    "RecentQuanityOfStockUnits": "1",
    "LongName": "MARHABA salami gevogelte Halal 200g",
    "AlcoholVolume": "0",
    "FicCode": "E",
    "EcoscoreValue": "35"
  },
  {
    "productId": "1045600",
    "technicalArticleNumber": "4798461",
    "commercialArticleNumber": "7691",
    "name": "Salade plant.vegan préparé",
    "brand": "DELIO",
    "seoBrand": "Délio",
    "thumbNail": "https://static.colruytgroup.com/images/200x200/std.lang.all/51/23/asset-3445123.jpg",
    "fullImage": "https://static.colruytgroup.com/images/500x500/std.lang.all/51/23/asset-3445123.jpg",
    "squareImage": "https://static.colruytgroup.com/images/500x500sq/std.lang.all/51/23/asset-3445123.jpg",
    "content": "180g",
    "walkRouteSequenceNumber": 7929,
    "price": {
      "basicPrice": 3.19,
      "recommendedQuantity": "1.0",
      "measurementUnitPrice": 17.73,
      "measurementUnit": "K",
      "isRedPrice": false,
      "pricePerUOM": 17.73,
      "activationDate": "22-03-2024",
      "recordSource": "Offline",
      "isPromoActive": "N",
      "priceChangeCode": "E"
    },
    "isAvailable": true,
    "isPriceAvailable": true,
    "inPromo": false,
    "gtin": [
      "05411153015165"
    ],
    "topCategoryName": "Bereidingen/Charcuterie/Vis/Veggie",
    "topCategoryId": "105",
    "businessDomain": "RETAIL_BE",
    "IsPrivateLabel": false,
    "IsBiffe": false,
    "WeightconversionFactor": "0",
    "IsWeightArticle": false,
    "nutriscoreLabel": "B",
    "IsBio": false,
    "CountryOfOrigin": "BELGIË",
    "IsExclusivelySoldInLuxembourg": false,
    "OrderUnit": "P",
    "ShortName": "DELI VEG.PREPARE 180G",
    "IsNew": true,
    "RecentQuanityOfStockUnits": "1",
    "LongName": "DELIO Salade plant.vegan préparé 180g",
    "FicCode": "E"
  },
  {
    "productId": "813586",
    "technicalArticleNumber": "4640433",
    "commercialArticleNumber": "18038",
    "name": "creamy Original",
    "brand": "VIOLIFE",
    "seoBrand": "Violife",
    "thumbNail": "https://static.colruytgroup.com/images/200x200/std.lang.all/00/91/asset-3150091.jpg",
    "fullImage": "https://static.colruytgroup.com/images/500x500/std.lang.all/00/91/asset-3150091.jpg",
    "squareImage": "https://static.colruytgroup.com/images/500x500sq/std.lang.all/00/91/asset-3150091.jpg",
    "content": "150g",
    "walkRouteSequenceNumber": 7512,
    "price": {
      "basicPrice": 2.75,
      "recommendedQuantity": "1.0",
      "measurementUnitPrice": 18.34,
      "measurementUnit": "K",
      "isRedPrice": false,
      "pricePerUOM": 18.34,
      "activationDate": "19-03-2024",
      "recordSource": "Offline",
      "isPromoActive": "N",
      "priceChangeCode": "H"
    },
    "isAvailable": true,
    "isPriceAvailable": true,
    "inPromo": false,
    "gtin": [
      "05202390029349",
      "05202390021121"
    ],
    "topCategoryName": "Bereidingen/Charcuterie/Vis/Veggie",
    "topCategoryId": "105",
    "businessDomain": "RETAIL_BE",
    "IsPrivateLabel": false,
    "IsBiffe": false,
    "WeightconversionFactor": "0",
    "IsWeightArticle": false,
    "nutriscoreLabel": "E",
    "IsBio": false,
    "CountryOfOrigin": "GRIEKENLAND",
    "IsExclusivelySoldInLuxembourg": false,
    "OrderUnit": "P",
    "ShortName": "VILI CREAMY ORIGI. 150G",
    "IsNew": false,
    "EcoscoreLabel": "C",
    "RecentQuanityOfStockUnits": "1,10",
    "LongName": "VIOLIFE creamy Original 150g",
    "FicCode": "E",
    "EcoscoreValue": "55"
  },
  {
    "productId": "857776",
    "technicalArticleNumber": "4707932",
    "commercialArticleNumber": "31589",
    "name": "Spaghetteria formaggio 4kazen",
    "description": "*Kant-en-klare maaltijd\n*Pasta met 4 kazen\n*Aantal porties: 1-2",
    "brand": "KNORR",
    "seoBrand": "Knorr",
    "thumbNail": "https://static.colruytgroup.com/images/200x200/std.lang.all/07/89/asset-3220789.jpg",
    "fullImage": "https://static.colruytgroup.com/images/500x500/std.lang.all/07/89/asset-3220789.jpg",
    "squareImage": "https://static.colruytgroup.com/images/500x500sq/std.lang.all/07/89/asset-3220789.jpg",
    "content": "163g",
    "walkRouteSequenceNumber": 16811,
    "price": {
      "basicPrice": 2.5,
      "recommendedQuantity": "3.0",
      "measurementUnitPrice": 15.34,
      "measurementUnit": "K",
      "isRedPrice": false,
      "pricePerUOM": 15.34,
      "activationDate": "14-03-2024",
      "recordSource": "Folder",
      "isPromoActive": "N",
      "priceChangeCode": "L"
    },
    "isAvailable": true,
    "isPriceAvailable": true,
    "inPromo": true,
    "promotion": [
      {
        "techPromoId": "100944COLR",
        "promotionId": "100944",
        "promotionType": "4",
        "isPersonalized": "N",
        "publicationStartDate": "13-03-2024",
        "publicationEndDate": "26-03-2024"
      }
    ],
    "gtin": [
      "08720182461551",
      "15400141472070",
      "45400141472071"
    ],
    "topCategoryName": "Bereidingen/Charcuterie/Vis/Veggie",
    "topCategoryId": "105",
    "businessDomain": "RETAIL_BE",
    "IsPrivateLabel": false,
    "IsBiffe": false,
    "WeightconversionFactor": "0",
    "IsWeightArticle": false,
    "nutriscoreLabel": "E",
    "IsBio": false,
    "CountryOfOrigin": "DUITSLAND",
    "IsExclusivelySoldInLuxembourg": false,
    "OrderUnit": "P",
    "ShortName": "KNOR SPAGH.FORMAGGIO163",
    "IsNew": false,
    "EcoscoreLabel": "C",
    "RecentQuanityOfStockUnits": "3,1",
    "LongName": "KNORR Spaghetteria formaggio 4kazen 163g",
    "AlcoholVolume": "0",
    "FicCode": "E",
    "EcoscoreValue": "49"
  },
  {
    "productId": "877801",
    "technicalArticleNumber": "4733890",
    "commercialArticleNumber": "13855",
    "name": "Prosociano Gemalen",
    "brand": "VIOLIFE",
    "seoBrand": "Violife",
    "thumbNail": "https://static.colruytgroup.com/images/200x200/std.lang.all/06/14/asset-3330614.jpg",
    "fullImage": "https://static.colruytgroup.com/images/500x500/std.lang.all/06/14/asset-3330614.jpg",
    "squareImage": "https://static.colruytgroup.com/images/500x500sq/std.lang.all/06/14/asset-3330614.jpg",
    "content": "100g",
    "walkRouteSequenceNumber": 7636,
    "price": {
      "basicPrice": 2.59,
      "recommendedQuantity": "1.0",
      "measurementUnitPrice": 25.9,
      "measurementUnit": "K",
      "isRedPrice": false,
      "pricePerUOM": 25.9,
      "activationDate": "19-03-2024",
      "recordSource": "Online",
      "isPromoActive": "N",
      "priceChangeCode": "H"
    },
    "isAvailable": true,
    "isPriceAvailable": true,
    "inPromo": false,
    "gtin": [
      "05202390027871"
    ],
    "topCategoryName": "Bereidingen/Charcuterie/Vis/Veggie",
    "topCategoryId": "105",
    "businessDomain": "RETAIL_BE",
    "IsPrivateLabel": false,
    "IsBiffe": false,
    "WeightconversionFactor": "0",
    "IsWeightArticle": false,
    "nutriscoreLabel": "E",
    "IsBio": false,
    "CountryOfOrigin": "GRIEKENLAND",
    "IsExclusivelySoldInLuxembourg": false,
    "OrderUnit": "P",
    "ShortName": "VIOL PROSOCIANO 100G",
    "IsNew": false,
    "EcoscoreLabel": "D",
    "RecentQuanityOfStockUnits": "1",
    "LongName": "VIOLIFE Prosociano Gemalen 100g",
    "FicCode": "E",
    "EcoscoreValue": "31"
  },
  {
    "productId": "788119",
    "technicalArticleNumber": "4590963",
    "commercialArticleNumber": "27001",
    "name": "Kippenworstjes courg.",
    "description": "* kippenworstjes\n+25% groenten",
    "brand": "AOSTE PLUS",
    "seoBrand": "Aoste Plus",
    "thumbNail": "https://static.colruytgroup.com/images/200x200/std.lang.all/73/59/asset-3357359.jpg",
    "fullImage": "https://static.colruytgroup.com/images/500x500/std.lang.all/73/59/asset-3357359.jpg",
    "squareImage": "https://static.colruytgroup.com/images/500x500sq/std.lang.all/73/59/asset-3357359.jpg",
    "content": "5x30g",
    "walkRouteSequenceNumber": 7725,
    "price": {
      "basicPrice": 3.89,
      "recommendedQuantity": "1.0",
      "measurementUnitPrice": 25.94,
      "measurementUnit": "K",
      "isRedPrice": false,
      "pricePerUOM": 25.94,
      "activationDate": "19-03-2024",
      "recordSource": "Offline",
      "isPromoActive": "N",
      "priceChangeCode": "E"
    },
    "isAvailable": true,
    "isPriceAvailable": true,
    "inPromo": false,
    "gtin": [
      "05410916344900",
      "05411761344909"
    ],
    "topCategoryName": "Bereidingen/Charcuterie/Vis/Veggie",
    "topCategoryId": "105",
    "businessDomain": "RETAIL_BE",
    "IsPrivateLabel": false,
    "IsBiffe": false,
    "WeightconversionFactor": "0",
    "IsWeightArticle": false,
    "nutriscoreLabel": "B",
    "IsBio": false,
    "CountryOfOrigin": "BELGIË",
    "IsExclusivelySoldInLuxembourg": false,
    "OrderUnit": "P",
    "ShortName": "AOPL KIP.WO+GR.5X30G",
    "IsNew": false,
    "EcoscoreLabel": "E",
    "RecentQuanityOfStockUnits": "1",
    "LongName": "AOSTE PLUS Kippenworstjes courg. 5x30g",
    "FicCode": "E",
    "EcoscoreValue": "0"
  },
  {
    "productId": "859832",
    "technicalArticleNumber": "4710392",
    "commercialArticleNumber": "3184",
    "name": "grijze gepelde garnalen",
    "brand": "BONI",
    "seoBrand": "Boni Selection",
    "thumbNail": "https://static.colruytgroup.com/images/200x200/std.lang.all/53/61/asset-3215361.jpg",
    "fullImage": "https://static.colruytgroup.com/images/500x500/std.lang.all/53/61/asset-3215361.jpg",
    "squareImage": "https://static.colruytgroup.com/images/500x500sq/std.lang.all/53/61/asset-3215361.jpg",
    "content": "75g",
    "walkRouteSequenceNumber": 7562,
    "price": {
      "basicPrice": 4.99,
      "recommendedQuantity": "1.0",
      "measurementUnitPrice": 66.54,
      "measurementUnit": "K",
      "isRedPrice": false,
      "pricePerUOM": 66.54,
      "activationDate": "13-03-2024",
      "isPromoActive": "Y",
      "priceChangeCode": "L"
    },
    "isAvailable": true,
    "isPriceAvailable": true,
    "inPromo": false,
    "gtin": [
      "05400141491944"
    ],
    "topCategoryName": "Bereidingen/Charcuterie/Vis/Veggie",
    "topCategoryId": "105",
    "businessDomain": "RETAIL_BE",
    "IsPrivateLabel": true,
    "IsBiffe": false,
    "WeightconversionFactor": "0",
    "IsWeightArticle": false,
    "nutriscoreLabel": "B",
    "IsBio": false,
    "CountryOfOrigin": "NEDERLAND",
    "IsExclusivelySoldInLuxembourg": false,
    "OrderUnit": "P",
    "ShortName": "BONI GR.GEP.GARN.MSC75G",
    "IsNew": false,
    "EcoscoreLabel": "D",
    "RecentQuanityOfStockUnits": "1",
    "LongName": "BONI grijze gepelde garnalen 75g",
    "FicCode": "I",
    "EcoscoreValue": "28"
  },
  {
    "productId": "40458",
    "technicalArticleNumber": "2471198",
    "commercialArticleNumber": "37400",
    "name": "kalkoenrollade Halal",
    "description": "*Duitsland",
    "brand": "MARHABA",
    "seoBrand": "Marhaba",
    "thumbNail": "https://static.colruytgroup.com/images/200x200/std.lang.all/55/60/asset-375560.jpg",
    "fullImage": "https://static.colruytgroup.com/images/500x500/std.lang.all/55/60/asset-375560.jpg",
    "squareImage": "https://static.colruytgroup.com/images/500x500sq/std.lang.all/55/60/asset-375560.jpg",
    "content": "100g",
    "walkRouteSequenceNumber": 7853,
    "price": {
      "basicPrice": 2.59,
      "recommendedQuantity": "1.0",
      "measurementUnitPrice": 25.9,
      "measurementUnit": "K",
      "isRedPrice": false,
      "pricePerUOM": 25.9,
      "activationDate": "12-03-2024",
      "isPromoActive": "N",
      "priceChangeCode": "H"
    },
    "isAvailable": true,
    "isPriceAvailable": true,
    "inPromo": false,
    "gtin": [
      "08717545693629",
      "08717545694626"
    ],
    "topCategoryName": "Bereidingen/Charcuterie/Vis/Veggie",
    "topCategoryId": "105",
    "businessDomain": "RETAIL_BE",
    "IsPrivateLabel": false,
    "IsBiffe": false,
    "WeightconversionFactor": "0",
    "IsWeightArticle": false,
    "IsBio": false,
    "CountryOfOrigin": "DUITSLAND",
    "IsExclusivelySoldInLuxembourg": false,
    "OrderUnit": "P",
    "ShortName": "MARHABA KALKOENHAM100G",
    "IsNew": false,
    "EcoscoreLabel": "D",
    "RecentQuanityOfStockUnits": "1",
    "LongName": "MARHABA kalkoenrollade Halal 100g",
    "AlcoholVolume": "0",
    "FicCode": "E",
    "EcoscoreValue": "39"
  },
  {
    "productId": "93025",
    "technicalArticleNumber": "2841314",
    "commercialArticleNumber": "32736",
    "name": "salami zonder look",
    "description": "*België\n*Salami zonder look\n*66 % vlees\n*Aperitief,boterham,\npicknick",
    "brand": "BONI",
    "seoBrand": "Boni Selection",
    "thumbNail": "https://static.colruytgroup.com/images/200x200/std.lang.all/29/25/asset-562925.jpg",
    "fullImage": "https://static.colruytgroup.com/images/500x500/std.lang.all/29/25/asset-562925.jpg",
    "squareImage": "https://static.colruytgroup.com/images/500x500sq/std.lang.all/29/25/asset-562925.jpg",
    "content": "1kg",
    "walkRouteSequenceNumber": 6786,
    "price": {
      "basicPrice": 11.99,
      "recommendedQuantity": "1.0",
      "measurementUnitPrice": 11.99,
      "measurementUnit": "K",
      "isRedPrice": false,
      "pricePerUOM": 11.99,
      "activationDate": "07-02-2024",
      "isPromoActive": "N",
      "priceChangeCode": "H"
    },
    "isAvailable": true,
    "isPriceAvailable": true,
    "inPromo": false,
    "gtin": [
      "05400141375978",
      "05400141190267",
      "05400141027488"
    ],
    "topCategoryName": "Bereidingen/Charcuterie/Vis/Veggie",
    "topCategoryId": "105",
    "businessDomain": "RETAIL_BE",
    "IsPrivateLabel": true,
    "IsBiffe": false,
    "WeightconversionFactor": "0",
    "IsWeightArticle": false,
    "nutriscoreLabel": "E",
    "IsBio": false,
    "CountryOfOrigin": "BELGIË",
    "IsExclusivelySoldInLuxembourg": false,
    "OrderUnit": "P",
    "ShortName": "BONI SALAMI Z LOOK 1KG",
    "InSeason": true,
    "IsNew": false,
    "EcoscoreLabel": "D",
    "RecentQuanityOfStockUnits": "1",
    "LongName": "BONI salami zonder look 1kg",
    "AlcoholVolume": "0",
    "StartSeasonDate": "21/08/2023",
    "FicCode": "I",
    "EcoscoreValue": "35"
  },
  {
    "productId": "689210",
    "technicalArticleNumber": "4414827",
    "commercialArticleNumber": "27253",
    "name": "aperitief bord",
    "description": "* Aperitief, 3-vaks snackschotel\n* Varkenvlees\n* Schijfjes fuet, schijfjes droge wors\nt met hazelnoot, mini boerenworstjes",
    "brand": "BONI",
    "seoBrand": "Boni Selection",
    "thumbNail": "https://static.colruytgroup.com/images/200x200/std.lang.all/16/30/asset-2491630.jpg",
    "fullImage": "https://static.colruytgroup.com/images/500x500/std.lang.all/16/30/asset-2491630.jpg",
    "squareImage": "https://static.colruytgroup.com/images/500x500sq/std.lang.all/16/30/asset-2491630.jpg",
    "content": "150g",
    "walkRouteSequenceNumber": 6709,
    "price": {
      "basicPrice": 4.79,
      "recommendedQuantity": "1.0",
      "measurementUnitPrice": 31.94,
      "measurementUnit": "K",
      "isRedPrice": false,
      "pricePerUOM": 31.94,
      "activationDate": "03-11-2022",
      "isPromoActive": "N",
      "priceChangeCode": "E"
    },
    "isAvailable": true,
    "isPriceAvailable": true,
    "inPromo": false,
    "gtin": [
      "05400141906592"
    ],
    "topCategoryName": "Bereidingen/Charcuterie/Vis/Veggie",
    "topCategoryId": "105",
    "businessDomain": "RETAIL_BE",
    "IsPrivateLabel": true,
    "IsBiffe": false,
    "WeightconversionFactor": "0",
    "IsWeightArticle": false,
    "nutriscoreLabel": "E",
    "IsBio": false,
    "CountryOfOrigin": "BELGIË",
    "IsExclusivelySoldInLuxembourg": false,
    "OrderUnit": "P",
    "ShortName": "BONI APERO MIX 150G",
    "IsNew": false,
    "EcoscoreLabel": "E",
    "RecentQuanityOfStockUnits": "1",
    "LongName": "BONI aperitief bord 150g",
    "AlcoholVolume": "0",
    "FicCode": "I",
    "EcoscoreValue": "16"
  },
  {
    "productId": "857508",
    "technicalArticleNumber": "4707524",
    "commercialArticleNumber": "31536",
    "name": "wortelburg",
    "brand": "TBVC",
    "seoBrand": "The bio veggie company",
    "thumbNail": "https://static.colruytgroup.com/images/200x200/std.lang.all/79/05/asset-3167905.jpg",
    "fullImage": "https://static.colruytgroup.com/images/500x500/std.lang.all/79/05/asset-3167905.jpg",
    "squareImage": "https://static.colruytgroup.com/images/500x500sq/std.lang.all/79/05/asset-3167905.jpg",
    "content": "180g",
    "walkRouteSequenceNumber": 7575,
    "price": {
      "basicPrice": 3.79,
      "recommendedQuantity": "1.0",
      "measurementUnitPrice": 21.06,
      "measurementUnit": "K",
      "isRedPrice": false,
      "pricePerUOM": 21.06,
      "activationDate": "04-01-2024",
      "isPromoActive": "N",
      "priceChangeCode": "H"
    },
    "isAvailable": true,
    "isPriceAvailable": true,
    "inPromo": true,
    "promotion": [
      {
        "techPromoId": "100872COLR",
        "promotionId": "100872",
        "promotionType": "3",
        "isPersonalized": "N",
        "publicationStartDate": "13-03-2024",
        "publicationEndDate": "26-03-2024"
      }
    ],
    "gtin": [
      "05425009677339"
    ],
    "topCategoryName": "Bereidingen/Charcuterie/Vis/Veggie",
    "topCategoryId": "105",
    "businessDomain": "RETAIL_BE",
    "IsPrivateLabel": false,
    "IsBiffe": false,
    "WeightconversionFactor": "0",
    "IsWeightArticle": false,
    "nutriscoreLabel": "B",
    "IsBio": true,
    "CountryOfOrigin": "BELGIË",
    "IsExclusivelySoldInLuxembourg": false,
    "OrderUnit": "P",
    "ShortName": "TBVC WORTELBURGER 180G",
    "IsNew": false,
    "EcoscoreLabel": "B",
    "RecentQuanityOfStockUnits": "1",
    "LongName": "TBVC wortelburg 180g",
    "FicCode": "E",
    "EcoscoreValue": "79"
  },
  {
    "productId": "25299",
    "technicalArticleNumber": "1889966",
    "commercialArticleNumber": "35801",
    "name": "Snacks Pur Porc XLarge",
    "description": "*België",
    "brand": "AOSTE",
    "seoBrand": "Aoste",
    "thumbNail": "https://static.colruytgroup.com/images/200x200/std.lang.all/73/49/asset-3357349.jpg",
    "fullImage": "https://static.colruytgroup.com/images/500x500/std.lang.all/73/49/asset-3357349.jpg",
    "squareImage": "https://static.colruytgroup.com/images/500x500sq/std.lang.all/73/49/asset-3357349.jpg",
    "content": "40st",
    "walkRouteSequenceNumber": 6797,
    "price": {
      "basicPrice": 8.19,
      "recommendedQuantity": "1.0",
      "measurementUnitPrice": 40.95,
      "measurementUnit": "K",
      "isRedPrice": false,
      "pricePerUOM": 40.95,
      "activationDate": "29-02-2024",
      "recordSource": "Offline",
      "isPromoActive": "N",
      "priceChangeCode": "E"
    },
    "isAvailable": true,
    "isPriceAvailable": true,
    "inPromo": false,
    "gtin": [
      "05411328024282",
      "05411328025593"
    ],
    "topCategoryName": "Bereidingen/Charcuterie/Vis/Veggie",
    "topCategoryId": "105",
    "businessDomain": "RETAIL_BE",
    "IsPrivateLabel": false,
    "IsBiffe": false,
    "WeightconversionFactor": "0",
    "IsWeightArticle": false,
    "nutriscoreLabel": "E",
    "IsBio": false,
    "CountryOfOrigin": "BELGIË",
    "IsExclusivelySoldInLuxembourg": false,
    "OrderUnit": "P",
    "ShortName": "AOSTE SNACK PP XL 200GR",
    "IsNew": false,
    "EcoscoreLabel": "D",
    "RecentQuanityOfStockUnits": "1",
    "LongName": "AOSTE Snacks Pur Porc XLarge 40st",
    "AlcoholVolume": "0",
    "FicCode": "E",
    "EcoscoreValue": "34"
  },
  {
    "productId": "858118",
    "technicalArticleNumber": "4708333",
    "commercialArticleNumber": "31624",
    "name": "kipfilet authentique",
    "brand": "AOSTE",
    "seoBrand": "Aoste",
    "thumbNail": "https://static.colruytgroup.com/images/200x200/std.lang.all/63/33/asset-3196333.jpg",
    "fullImage": "https://static.colruytgroup.com/images/500x500/std.lang.all/63/33/asset-3196333.jpg",
    "squareImage": "https://static.colruytgroup.com/images/500x500sq/std.lang.all/63/33/asset-3196333.jpg",
    "content": "100g",
    "walkRouteSequenceNumber": 7888,
    "price": {
      "basicPrice": 3.05,
      "recommendedQuantity": "1.0",
      "measurementUnitPrice": 30.5,
      "measurementUnit": "K",
      "isRedPrice": false,
      "pricePerUOM": 30.5,
      "activationDate": "13-03-2024",
      "recordSource": "Offline",
      "isPromoActive": "N",
      "priceChangeCode": "H"
    },
    "isAvailable": true,
    "isPriceAvailable": true,
    "inPromo": false,
    "gtin": [
      "05411761377884"
    ],
    "topCategoryName": "Bereidingen/Charcuterie/Vis/Veggie",
    "topCategoryId": "105",
    "businessDomain": "RETAIL_BE",
    "IsPrivateLabel": false,
    "IsBiffe": false,
    "WeightconversionFactor": "0",
    "IsWeightArticle": false,
    "nutriscoreLabel": "B",
    "IsBio": false,
    "CountryOfOrigin": "BELGIË",
    "IsExclusivelySoldInLuxembourg": false,
    "OrderUnit": "P",
    "ShortName": "AOST KIPFIL.AUTHENTIQUE",
    "IsNew": false,
    "EcoscoreLabel": "D",
    "RecentQuanityOfStockUnits": "1",
    "LongName": "AOSTE kipfilet authentique 100g",
    "FicCode": "E",
    "EcoscoreValue": "21"
  },
  {
    "productId": "629653",
    "technicalArticleNumber": "4314866",
    "commercialArticleNumber": "23830",
    "name": "haringhapjes in dillesaus",
    "description": "*MSC",
    "brand": "BONI",
    "seoBrand": "Boni Selection",
    "thumbNail": "https://static.colruytgroup.com/images/200x200/std.lang.all/14/97/asset-2291497.jpg",
    "fullImage": "https://static.colruytgroup.com/images/500x500/std.lang.all/14/97/asset-2291497.jpg",
    "squareImage": "https://static.colruytgroup.com/images/500x500sq/std.lang.all/14/97/asset-2291497.jpg",
    "content": "125g",
    "walkRouteSequenceNumber": 6710,
    "price": {
      "basicPrice": 2.49,
      "recommendedQuantity": "1.0",
      "measurementUnitPrice": 19.92,
      "measurementUnit": "K",
      "isRedPrice": false,
      "pricePerUOM": 19.92,
      "activationDate": "03-11-2022",
      "isPromoActive": "N",
      "priceChangeCode": "E"
    },
    "isAvailable": true,
    "isPriceAvailable": true,
    "inPromo": false,
    "gtin": [
      "05400141450965",
      "15400141450962",
      "05400141766189"
    ],
    "topCategoryName": "Bereidingen/Charcuterie/Vis/Veggie",
    "topCategoryId": "105",
    "businessDomain": "RETAIL_BE",
    "IsPrivateLabel": true,
    "IsBiffe": false,
    "WeightconversionFactor": "0",
    "IsWeightArticle": false,
    "nutriscoreLabel": "D",
    "IsBio": false,
    "CountryOfOrigin": "BELGIË",
    "IsExclusivelySoldInLuxembourg": false,
    "OrderUnit": "P",
    "ShortName": "BONI HAR.HAP.DILSAU125G",
    "IsNew": false,
    "EcoscoreLabel": "A",
    "RecentQuanityOfStockUnits": "1",
    "LongName": "BONI haringhapjes in dillesaus 125g",
    "FicCode": "I",
    "EcoscoreValue": "92"
  },
  {
    "productId": "857362",
    "technicalArticleNumber": "4707328",
    "commercialArticleNumber": "31496",
    "name": "Spaghetteria al pesto",
    "description": "*Kant-en-klare maaltijd\n*Pasta met pesto\n*Kaas & basilicum\n*Aantal porties: 1-2",
    "brand": "KNORR",
    "seoBrand": "Knorr",
    "thumbNail": "https://static.colruytgroup.com/images/200x200/std.lang.all/07/88/asset-3220788.jpg",
    "fullImage": "https://static.colruytgroup.com/images/500x500/std.lang.all/07/88/asset-3220788.jpg",
    "squareImage": "https://static.colruytgroup.com/images/500x500sq/std.lang.all/07/88/asset-3220788.jpg",
    "content": "155g",
    "walkRouteSequenceNumber": 16798,
    "price": {
      "basicPrice": 2.49,
      "recommendedQuantity": "3.0",
      "measurementUnitPrice": 16.07,
      "measurementUnit": "K",
      "isRedPrice": false,
      "pricePerUOM": 16.07,
      "activationDate": "18-03-2024",
      "recordSource": "Offline",
      "isPromoActive": "N",
      "priceChangeCode": "H"
    },
    "isAvailable": true,
    "isPriceAvailable": true,
    "inPromo": true,
    "promotion": [
      {
        "techPromoId": "100944COLR",
        "promotionId": "100944",
        "promotionType": "4",
        "isPersonalized": "N",
        "publicationStartDate": "13-03-2024",
        "publicationEndDate": "26-03-2024"
      }
    ],
    "gtin": [
      "35400141472074",
      "08720182423917",
      "85400141472062"
    ],
    "topCategoryName": "Bereidingen/Charcuterie/Vis/Veggie",
    "topCategoryId": "105",
    "businessDomain": "RETAIL_BE",
    "IsPrivateLabel": false,
    "IsBiffe": false,
    "WeightconversionFactor": "0",
    "IsWeightArticle": false,
    "nutriscoreLabel": "E",
    "IsBio": false,
    "CountryOfOrigin": "DUITSLAND",
    "IsExclusivelySoldInLuxembourg": false,
    "OrderUnit": "P",
    "ShortName": "KNOR SPAGHETT.PESTO155G",
    "IsNew": false,
    "EcoscoreLabel": "C",
    "RecentQuanityOfStockUnits": "3,1,12,10",
    "LongName": "KNORR Spaghetteria al pesto 155g",
    "AlcoholVolume": "0",
    "FicCode": "E",
    "EcoscoreValue": "49"
  },
  {
    "productId": "866588",
    "technicalArticleNumber": "4719234",
    "commercialArticleNumber": "9308",
    "name": "Plantaardige chicken tenders",
    "brand": "VIVERA",
    "seoBrand": "Vivera",
    "thumbNail": "https://static.colruytgroup.com/images/200x200/std.lang.all/99/49/asset-3229949.jpg",
    "fullImage": "https://static.colruytgroup.com/images/500x500/std.lang.all/99/49/asset-3229949.jpg",
    "squareImage": "https://static.colruytgroup.com/images/500x500sq/std.lang.all/99/49/asset-3229949.jpg",
    "content": "200g",
    "walkRouteSequenceNumber": 7591,
    "price": {
      "basicPrice": 3.79,
      "recommendedQuantity": "1.0",
      "measurementUnitPrice": 18.95,
      "measurementUnit": "K",
      "isRedPrice": false,
      "pricePerUOM": 18.95,
      "activationDate": "18-03-2024",
      "isPromoActive": "Y",
      "priceChangeCode": "H"
    },
    "isAvailable": true,
    "isPriceAvailable": true,
    "inPromo": true,
    "promotion": [
      {
        "techPromoId": "100873COLR",
        "promotionId": "100873",
        "promotionType": "4",
        "isPersonalized": "N",
        "publicationStartDate": "13-03-2024",
        "publicationEndDate": "26-03-2024"
      }
    ],
    "gtin": [
      "08718300561504",
      "08718300861505"
    ],
    "topCategoryName": "Bereidingen/Charcuterie/Vis/Veggie",
    "topCategoryId": "105",
    "businessDomain": "RETAIL_BE",
    "IsPrivateLabel": false,
    "IsBiffe": false,
    "WeightconversionFactor": "0",
    "IsWeightArticle": false,
    "IsBio": false,
    "CountryOfOrigin": "NEDERLAND",
    "IsExclusivelySoldInLuxembourg": false,
    "OrderUnit": "P",
    "ShortName": "VIVE PLAN.CHIC.TEN.200G",
    "IsNew": false,
    "RecentQuanityOfStockUnits": "6,1",
    "LongName": "VIVERA Plantaardige chicken tenders 200g",
    "FicCode": "E"
  },
  {
    "productId": "866082",
    "technicalArticleNumber": "4718576",
    "commercialArticleNumber": "6808",
    "name": "Italiaanse schotel met pasta",
    "description": "*Macaroni en\nvleesballetjes in\ntomatensaus\n*Aantal porties: 2\n*Pan, microgolfoven",
    "brand": "ZWAN",
    "seoBrand": "Zwan",
    "thumbNail": "https://static.colruytgroup.com/images/200x200/std.lang.all/19/39/asset-3271939.jpg",
    "fullImage": "https://static.colruytgroup.com/images/500x500/std.lang.all/19/39/asset-3271939.jpg",
    "squareImage": "https://static.colruytgroup.com/images/500x500sq/std.lang.all/19/39/asset-3271939.jpg",
    "content": "425g",
    "walkRouteSequenceNumber": 16818,
    "price": {
      "basicPrice": 4.59,
      "recommendedQuantity": "1.0",
      "measurementUnitPrice": 10.8,
      "measurementUnit": "K",
      "isRedPrice": false,
      "pricePerUOM": 10.8,
      "activationDate": "14-02-2024",
      "recordSource": "Offline",
      "isPromoActive": "N",
      "priceChangeCode": "E"
    },
    "isAvailable": true,
    "isPriceAvailable": true,
    "inPromo": false,
    "gtin": [
      "08720182387196",
      "08720182387226"
    ],
    "topCategoryName": "Bereidingen/Charcuterie/Vis/Veggie",
    "topCategoryId": "105",
    "businessDomain": "RETAIL_BE",
    "IsPrivateLabel": false,
    "IsBiffe": false,
    "WeightconversionFactor": "0",
    "IsWeightArticle": false,
    "nutriscoreLabel": "C",
    "IsBio": false,
    "CountryOfOrigin": "BELGIË",
    "IsExclusivelySoldInLuxembourg": false,
    "OrderUnit": "P",
    "ShortName": "ZWAN ITALIAN.SCHOTEL425",
    "IsNew": false,
    "EcoscoreLabel": "C",
    "RecentQuanityOfStockUnits": "1",
    "LongName": "ZWAN Italiaanse schotel met pasta 425g",
    "AlcoholVolume": "0",
    "FicCode": "E",
    "EcoscoreValue": "43"
  },
  {
    "productId": "338671",
    "technicalArticleNumber": "3733786",
    "commercialArticleNumber": "40944",
    "name": "mild pepper roomkaas",
    "description": "*Paprika gevuld met\nverse roomkaas\n*Met honing/mosterd\nsausje",
    "brand": "BONI",
    "seoBrand": "Boni Selection",
    "thumbNail": "https://static.colruytgroup.com/images/200x200/std.lang.all/65/84/asset-3346584.jpg",
    "fullImage": "https://static.colruytgroup.com/images/500x500/std.lang.all/65/84/asset-3346584.jpg",
    "squareImage": "https://static.colruytgroup.com/images/500x500sq/std.lang.all/65/84/asset-3346584.jpg",
    "content": "150g",
    "walkRouteSequenceNumber": 7671,
    "price": {
      "basicPrice": 3.29,
      "recommendedQuantity": "1.0",
      "quantityPrice": 3.16,
      "quantityPriceQuantity": "3.0",
      "measurementUnitPrice": 21.94,
      "measurementUnitQuantityPrice": 21.07,
      "measurementUnit": "K",
      "isRedPrice": false,
      "pricePerUOM": 21.94,
      "activationDate": "02-01-2024",
      "isPromoActive": "N",
      "priceChangeCode": "E",
      "quantityPricePerUOM": 21.07,
      "quantityActivationDate": "02-01-2024",
      "quantityPriceChangeCode": "E"
    },
    "isAvailable": true,
    "isPriceAvailable": true,
    "inPromo": false,
    "gtin": [
      "05400141347180",
      "15400141160960",
      "05400141160963",
      "05400141506648"
    ],
    "topCategoryName": "Bereidingen/Charcuterie/Vis/Veggie",
    "topCategoryId": "105",
    "businessDomain": "RETAIL_BE",
    "IsPrivateLabel": true,
    "IsBiffe": false,
    "WeightconversionFactor": "0",
    "IsWeightArticle": false,
    "nutriscoreLabel": "C",
    "IsBio": false,
    "CountryOfOrigin": "DUITSLAND",
    "IsExclusivelySoldInLuxembourg": false,
    "OrderUnit": "P",
    "ShortName": "BONI PEPPER KAAS 150G",
    "IsNew": false,
    "RecentQuanityOfStockUnits": "1",
    "LongName": "BONI mild pepper roomkaas 150g",
    "AlcoholVolume": "0",
    "FicCode": "I"
  },
  {
    "productId": "835526",
    "technicalArticleNumber": "4677746",
    "commercialArticleNumber": "14544",
    "name": "Tortellini Bolognese",
    "brand": "GIOVANNI RANA",
    "seoBrand": "Giovanni Rana",
    "thumbNail": "https://static.colruytgroup.com/images/200x200/std.lang.all/80/62/asset-3188062.jpg",
    "fullImage": "https://static.colruytgroup.com/images/500x500/std.lang.all/80/62/asset-3188062.jpg",
    "squareImage": "https://static.colruytgroup.com/images/500x500sq/std.lang.all/80/62/asset-3188062.jpg",
    "content": "400g",
    "walkRouteSequenceNumber": 6659,
    "price": {
      "basicPrice": 5.49,
      "recommendedQuantity": "1.0",
      "measurementUnitPrice": 13.73,
      "measurementUnit": "K",
      "isRedPrice": false,
      "pricePerUOM": 13.73,
      "activationDate": "02-11-2023",
      "isPromoActive": "N",
      "priceChangeCode": "E"
    },
    "isAvailable": true,
    "isPriceAvailable": true,
    "inPromo": false,
    "gtin": [
      "08001665722322",
      "18001665722329"
    ],
    "topCategoryName": "Bereidingen/Charcuterie/Vis/Veggie",
    "topCategoryId": "105",
    "businessDomain": "RETAIL_BE",
    "IsPrivateLabel": false,
    "IsBiffe": false,
    "WeightconversionFactor": "0",
    "IsWeightArticle": false,
    "IsBio": false,
    "CountryOfOrigin": "ITALIË",
    "IsExclusivelySoldInLuxembourg": false,
    "OrderUnit": "P",
    "ShortName": "RANA TORTEL BOLOGN.400G",
    "IsNew": false,
    "RecentQuanityOfStockUnits": "1",
    "LongName": "GIOVANNI RANA Tortellini Bolognese 400g",
    "FicCode": "E"
  },
  {
    "productId": "880277",
    "technicalArticleNumber": "4737312",
    "commercialArticleNumber": "32314",
    "name": "Chicken Balletjes",
    "brand": "GREENWAY",
    "seoBrand": "Greenway",
    "thumbNail": "https://static.colruytgroup.com/images/200x200/std.lang.all/38/62/asset-3303862.jpg",
    "fullImage": "https://static.colruytgroup.com/images/500x500/std.lang.all/38/62/asset-3303862.jpg",
    "squareImage": "https://static.colruytgroup.com/images/500x500sq/std.lang.all/38/62/asset-3303862.jpg",
    "content": "160g",
    "walkRouteSequenceNumber": 7581,
    "price": {
      "basicPrice": 3.69,
      "recommendedQuantity": "1.0",
      "measurementUnitPrice": 23.07,
      "measurementUnit": "K",
      "isRedPrice": false,
      "pricePerUOM": 23.07,
      "activationDate": "13-03-2024",
      "isPromoActive": "Y",
      "priceChangeCode": "E"
    },
    "isAvailable": true,
    "isPriceAvailable": true,
    "inPromo": true,
    "promotion": [
      {
        "techPromoId": "100871COLR",
        "promotionId": "100871",
        "promotionType": "4",
        "isPersonalized": "N",
        "publicationStartDate": "13-03-2024",
        "publicationEndDate": "26-03-2024"
      }
    ],
    "gtin": [
      "05414880002569"
    ],
    "topCategoryName": "Bereidingen/Charcuterie/Vis/Veggie",
    "topCategoryId": "105",
    "businessDomain": "RETAIL_BE",
    "IsPrivateLabel": false,
    "IsBiffe": false,
    "WeightconversionFactor": "0",
    "IsWeightArticle": false,
    "nutriscoreLabel": "A",
    "IsBio": false,
    "CountryOfOrigin": "BELGIË",
    "IsExclusivelySoldInLuxembourg": false,
    "OrderUnit": "P",
    "ShortName": "GREE CHICKEN BAL.160G",
    "IsNew": false,
    "EcoscoreLabel": "A",
    "RecentQuanityOfStockUnits": "1",
    "LongName": "GREENWAY Chicken Balletjes 160g",
    "FicCode": "E",
    "EcoscoreValue": "82"
  },
  {
    "productId": "79932",
    "technicalArticleNumber": "2566229",
    "commercialArticleNumber": "23012",
    "name": "salami vegetarisch sneden",
    "description": "*Sneden\n*Op basis van tarwe\n*Veggie",
    "brand": "BONI BIO",
    "seoBrand": "Boni Selection Bio",
    "thumbNail": "https://static.colruytgroup.com/images/200x200/std.lang.all/80/36/asset-3028036.jpg",
    "fullImage": "https://static.colruytgroup.com/images/500x500/std.lang.all/80/36/asset-3028036.jpg",
    "squareImage": "https://static.colruytgroup.com/images/500x500sq/std.lang.all/80/36/asset-3028036.jpg",
    "content": "100g",
    "walkRouteSequenceNumber": 7505,
    "price": {
      "basicPrice": 2.39,
      "recommendedQuantity": "1.0",
      "measurementUnitPrice": 23.9,
      "measurementUnit": "K",
      "isRedPrice": false,
      "pricePerUOM": 23.9,
      "activationDate": "04-03-2023",
      "isPromoActive": "N",
      "priceChangeCode": "H"
    },
    "isAvailable": true,
    "isPriceAvailable": true,
    "inPromo": true,
    "promotion": [
      {
        "techPromoId": "100899COLR",
        "promotionId": "100899",
        "promotionType": "3",
        "isPersonalized": "N",
        "publicationStartDate": "13-03-2024",
        "publicationEndDate": "26-03-2024"
      }
    ],
    "gtin": [
      "05400141368970",
      "15400141159940",
      "15400141825869",
      "05400141097788",
      "05400141159943",
      "05400141531152"
    ],
    "topCategoryName": "Bereidingen/Charcuterie/Vis/Veggie",
    "topCategoryId": "105",
    "businessDomain": "RETAIL_BE",
    "IsPrivateLabel": true,
    "IsBiffe": false,
    "WeightconversionFactor": "0",
    "IsWeightArticle": false,
    "nutriscoreLabel": "D",
    "IsBio": true,
    "CountryOfOrigin": "BELGIË",
    "IsExclusivelySoldInLuxembourg": false,
    "OrderUnit": "P",
    "ShortName": "BS BIO VEG.SALAMI 100GR",
    "IsNew": false,
    "EcoscoreLabel": "A",
    "RecentQuanityOfStockUnits": "1",
    "LongName": "BONI BIO salami vegetarisch sneden 100g",
    "AlcoholVolume": "0",
    "FicCode": "I",
    "EcoscoreValue": "100"
  },
  {
    "productId": "619043",
    "technicalArticleNumber": "4296638",
    "commercialArticleNumber": "19530",
    "name": "Vegan burgers",
    "description": "*Vegetarische burger\nop basis van soja-\nen tarwe-eiwitten",
    "brand": "GARDEN GOURMET",
    "seoBrand": "Garden Gourmet",
    "thumbNail": "https://static.colruytgroup.com/images/200x200/std.lang.all/27/19/asset-3372719.jpg",
    "fullImage": "https://static.colruytgroup.com/images/500x500/std.lang.all/27/19/asset-3372719.jpg",
    "squareImage": "https://static.colruytgroup.com/images/500x500sq/std.lang.all/27/19/asset-3372719.jpg",
    "content": "750g",
    "walkRouteSequenceNumber": 16925,
    "price": {
      "basicPrice": 12.85,
      "recommendedQuantity": "1.0",
      "quantityPrice": 11.82,
      "quantityPriceQuantity": "3.0",
      "measurementUnitPrice": 17.14,
      "measurementUnitQuantityPrice": 15.76,
      "measurementUnit": "K",
      "isRedPrice": false,
      "pricePerUOM": 17.14,
      "activationDate": "02-02-2024",
      "isPromoActive": "N",
      "priceChangeCode": "E",
      "quantityPricePerUOM": 15.76,
      "quantityActivationDate": "02-02-2024",
      "quantityPriceChangeCode": "E"
    },
    "isAvailable": true,
    "isPriceAvailable": true,
    "inPromo": false,
    "gtin": [
      "07290112966957",
      "07290112966940",
      "08445290707437",
      "08445290707444"
    ],
    "topCategoryName": "Bereidingen/Charcuterie/Vis/Veggie",
    "topCategoryId": "105",
    "businessDomain": "RETAIL_BE",
    "IsPrivateLabel": false,
    "IsBiffe": false,
    "WeightconversionFactor": "0",
    "IsWeightArticle": false,
    "nutriscoreLabel": "A",
    "IsBio": false,
    "CountryOfOrigin": "ISRAËL",
    "IsExclusivelySoldInLuxembourg": false,
    "OrderUnit": "P",
    "ShortName": "GG VEGAN BURGERS 750G",
    "IsNew": false,
    "RecentQuanityOfStockUnits": "1",
    "LongName": "GARDEN GOURMET Vegan burgers 750g",
    "FicCode": "E"
  },
  {
    "productId": "580528",
    "technicalArticleNumber": "4232650",
    "commercialArticleNumber": "27170",
    "name": "salami",
    "brand": "BONI BIO",
    "seoBrand": "Boni Selection Bio",
    "thumbNail": "https://static.colruytgroup.com/images/200x200/std.lang.all/08/40/asset-2120840.jpg",
    "fullImage": "https://static.colruytgroup.com/images/500x500/std.lang.all/08/40/asset-2120840.jpg",
    "squareImage": "https://static.colruytgroup.com/images/500x500sq/std.lang.all/08/40/asset-2120840.jpg",
    "content": "100g",
    "walkRouteSequenceNumber": 7816,
    "price": {
      "basicPrice": 3.69,
      "recommendedQuantity": "1.0",
      "measurementUnitPrice": 36.9,
      "measurementUnit": "K",
      "isRedPrice": false,
      "pricePerUOM": 36.9,
      "activationDate": "24-08-2023",
      "isPromoActive": "N",
      "priceChangeCode": "H"
    },
    "isAvailable": true,
    "isPriceAvailable": true,
    "inPromo": false,
    "gtin": [
      "05400141362145",
      "25400141362149"
    ],
    "topCategoryName": "Bereidingen/Charcuterie/Vis/Veggie",
    "topCategoryId": "105",
    "businessDomain": "RETAIL_BE",
    "IsPrivateLabel": true,
    "IsBiffe": false,
    "WeightconversionFactor": "0",
    "IsWeightArticle": false,
    "nutriscoreLabel": "E",
    "IsBio": true,
    "CountryOfOrigin": "BELGIË",
    "IsExclusivelySoldInLuxembourg": false,
    "OrderUnit": "P",
    "ShortName": "BONI BIO SALAMI 100G",
    "IsNew": false,
    "EcoscoreLabel": "D",
    "RecentQuanityOfStockUnits": "1",
    "LongName": "BONI BIO salami 100g",
    "AlcoholVolume": "0",
    "FicCode": "I",
    "EcoscoreValue": "30"
  },
  {
    "productId": "745248",
    "technicalArticleNumber": "4512942",
    "commercialArticleNumber": "6532",
    "name": "kalkoen Chorizo",
    "brand": "MARHABA",
    "seoBrand": "Marhaba",
    "thumbNail": "https://ecgproductmw.colruytgroup.com/ecgproductmw/noPicForArticle_2.jpg",
    "fullImage": "https://ecgproductmw.colruytgroup.com/ecgproductmw/noPicForArticle_5.jpg",
    "squareImage": "https://ecgproductmw.colruytgroup.com/ecgproductmw/noPicForArticle_5.jpg",
    "content": "80g",
    "walkRouteSequenceNumber": 7851,
    "price": {
      "basicPrice": 2.59,
      "recommendedQuantity": "1.0",
      "measurementUnitPrice": 32.38,
      "measurementUnit": "K",
      "isRedPrice": false,
      "pricePerUOM": 32.38,
      "activationDate": "29-02-2024",
      "recordSource": "Offline",
      "isPromoActive": "N",
      "priceChangeCode": "E"
    },
    "isAvailable": true,
    "isPriceAvailable": true,
    "inPromo": false,
    "gtin": [
      "08717545699706",
      "08717545699713"
    ],
    "topCategoryName": "Bereidingen/Charcuterie/Vis/Veggie",
    "topCategoryId": "105",
    "businessDomain": "RETAIL_BE",
    "IsPrivateLabel": false,
    "IsBiffe": false,
    "WeightconversionFactor": "0",
    "IsWeightArticle": false,
    "IsBio": false,
    "CountryOfOrigin": "DUITSLAND",
    "IsExclusivelySoldInLuxembourg": false,
    "OrderUnit": "P",
    "ShortName": "MARH KALKOEN CHORIZO80G",
    "IsNew": false,
    "EcoscoreLabel": "E",
    "RecentQuanityOfStockUnits": "1",
    "LongName": "MARHABA kalkoen Chorizo 80g",
    "FicCode": "E",
    "EcoscoreValue": "0"
  },
  {
    "productId": "830591",
    "technicalArticleNumber": "4670224",
    "commercialArticleNumber": "2756",
    "name": "El Sauccison",
    "description": "*Vegetarische\nkookworst\nop basis van soja-\nstructuur en\nkippenei-eiwit",
    "brand": "DE VEGETARISCHE SLAGER",
    "seoBrand": "DE VEGETARISCHE SLAGER",
    "thumbNail": "https://static.colruytgroup.com/images/200x200/std.lang.all/79/87/asset-3017987.jpg",
    "fullImage": "https://static.colruytgroup.com/images/500x500/std.lang.all/79/87/asset-3017987.jpg",
    "squareImage": "https://static.colruytgroup.com/images/500x500sq/std.lang.all/79/87/asset-3017987.jpg",
    "content": "100g",
    "walkRouteSequenceNumber": 7511,
    "price": {
      "basicPrice": 2.79,
      "recommendedQuantity": "1.0",
      "quantityPrice": 1.39,
      "quantityPriceQuantity": "2.0",
      "measurementUnitPrice": 27.9,
      "measurementUnitQuantityPrice": 13.9,
      "measurementUnit": "K",
      "isRedPrice": false,
      "pricePerUOM": 27.9,
      "activationDate": "21-03-2024",
      "recordSource": "Offline",
      "isPromoActive": "N",
      "priceChangeCode": "E",
      "quantityPricePerUOM": 13.9,
      "quantityActivationDate": "21-03-2024",
      "quantityPriceChangeCode": "L"
    },
    "isAvailable": true,
    "isPriceAvailable": true,
    "inPromo": false,
    "gtin": [
      "05411761372445"
    ],
    "topCategoryName": "Bereidingen/Charcuterie/Vis/Veggie",
    "topCategoryId": "105",
    "businessDomain": "RETAIL_BE",
    "IsPrivateLabel": false,
    "IsBiffe": false,
    "WeightconversionFactor": "0",
    "IsWeightArticle": false,
    "nutriscoreLabel": "D",
    "IsBio": false,
    "CountryOfOrigin": "BELGIË",
    "IsExclusivelySoldInLuxembourg": false,
    "OrderUnit": "P",
    "ShortName": "VESL EL SAUCCISON 100G",
    "IsNew": false,
    "EcoscoreLabel": "C",
    "RecentQuanityOfStockUnits": "1",
    "LongName": "DE VEGETARISCHE SLAGER El Sauccison 100g",
    "FicCode": "E",
    "EcoscoreValue": "59"
  },
  {
    "productId": "600940",
    "technicalArticleNumber": "4267022",
    "commercialArticleNumber": "19431",
    "name": "Blue Burger",
    "description": "*Vegan burger op\nbasis van\nplantaardige\neiwitten\n(tarwe, soja)",
    "brand": "THE BLUE BUTCHER",
    "seoBrand": "The Blue Butcher",
    "thumbNail": "https://static.colruytgroup.com/images/200x200/std.lang.all/67/97/asset-2156797.jpg",
    "fullImage": "https://static.colruytgroup.com/images/500x500/std.lang.all/67/97/asset-2156797.jpg",
    "squareImage": "https://static.colruytgroup.com/images/500x500sq/std.lang.all/67/97/asset-2156797.jpg",
    "content": "220g",
    "walkRouteSequenceNumber": 7596,
    "price": {
      "basicPrice": 3.89,
      "recommendedQuantity": "1.0",
      "measurementUnitPrice": 17.69,
      "measurementUnit": "K",
      "isRedPrice": false,
      "pricePerUOM": 17.69,
      "activationDate": "13-03-2024",
      "isPromoActive": "N",
      "priceChangeCode": "E"
    },
    "isAvailable": true,
    "isPriceAvailable": true,
    "inPromo": false,
    "gtin": [
      "08713582214261",
      "08713582207447",
      "08713582332217"
    ],
    "topCategoryName": "Bereidingen/Charcuterie/Vis/Veggie",
    "topCategoryId": "105",
    "businessDomain": "RETAIL_BE",
    "IsPrivateLabel": false,
    "IsBiffe": false,
    "WeightconversionFactor": "0",
    "IsWeightArticle": false,
    "IsBio": false,
    "CountryOfOrigin": "NEDERLAND",
    "IsExclusivelySoldInLuxembourg": false,
    "OrderUnit": "P",
    "ShortName": "TBLB BLUE BURGER 220G",
    "IsNew": false,
    "RecentQuanityOfStockUnits": "1",
    "LongName": "THE BLUE BUTCHER Blue Burger 220g",
    "FicCode": "E"
  },
  {
    "productId": "932768",
    "technicalArticleNumber": "4765895",
    "commercialArticleNumber": "29130",
    "name": "Plantaardige nuggets",
    "brand": "VIVERA",
    "seoBrand": "Vivera",
    "thumbNail": "https://static.colruytgroup.com/images/200x200/std.lang.all/06/93/asset-3440693.jpg",
    "fullImage": "https://static.colruytgroup.com/images/500x500/std.lang.all/06/93/asset-3440693.jpg",
    "squareImage": "https://static.colruytgroup.com/images/500x500sq/std.lang.all/06/93/asset-3440693.jpg",
    "content": "200g",
    "walkRouteSequenceNumber": 7590,
    "price": {
      "basicPrice": 3.99,
      "recommendedQuantity": "1.0",
      "measurementUnitPrice": 19.95,
      "measurementUnit": "K",
      "isRedPrice": false,
      "pricePerUOM": 19.95,
      "activationDate": "20-03-2024",
      "recordSource": "Offline",
      "isPromoActive": "N",
      "priceChangeCode": "E"
    },
    "isAvailable": true,
    "isPriceAvailable": true,
    "inPromo": true,
    "promotion": [
      {
        "techPromoId": "100873COLR",
        "promotionId": "100873",
        "promotionType": "4",
        "isPersonalized": "N",
        "publicationStartDate": "13-03-2024",
        "publicationEndDate": "26-03-2024"
      }
    ],
    "gtin": [
      "08718300562655",
      "08718300882319"
    ],
    "topCategoryName": "Bereidingen/Charcuterie/Vis/Veggie",
    "topCategoryId": "105",
    "businessDomain": "RETAIL_BE",
    "IsPrivateLabel": false,
    "IsBiffe": false,
    "WeightconversionFactor": "0",
    "IsWeightArticle": false,
    "IsBio": false,
    "CountryOfOrigin": "NEDERLAND",
    "IsExclusivelySoldInLuxembourg": false,
    "OrderUnit": "P",
    "ShortName": "VIVE PLANT.NUGGETS 200G",
    "IsNew": false,
    "RecentQuanityOfStockUnits": "1",
    "LongName": "VIVERA Plantaardige nuggets 200g",
    "FicCode": "E"
  },
  {
    "productId": "834147",
    "technicalArticleNumber": "4675718",
    "commercialArticleNumber": "6121",
    "name": "foreleieren ASC",
    "brand": "GABRIEL",
    "seoBrand": "Gabriel",
    "thumbNail": "https://static.colruytgroup.com/images/200x200/std.lang.all/94/51/asset-2959451.jpg",
    "fullImage": "https://static.colruytgroup.com/images/500x500/std.lang.all/94/51/asset-2959451.jpg",
    "squareImage": "https://static.colruytgroup.com/images/500x500sq/std.lang.all/94/51/asset-2959451.jpg",
    "content": "50g",
    "walkRouteSequenceNumber": 7513,
    "price": {
      "basicPrice": 3.99,
      "recommendedQuantity": "1.0",
      "measurementUnitPrice": 79.8,
      "measurementUnit": "K",
      "isRedPrice": false,
      "pricePerUOM": 79.8,
      "activationDate": "13-12-2023",
      "recordSource": "Offline",
      "isPromoActive": "N",
      "priceChangeCode": "E"
    },
    "isAvailable": true,
    "isPriceAvailable": true,
    "inPromo": false,
    "gtin": [
      "05412446950200",
      "05412446410025"
    ],
    "topCategoryName": "Bereidingen/Charcuterie/Vis/Veggie",
    "topCategoryId": "105",
    "businessDomain": "RETAIL_BE",
    "IsPrivateLabel": false,
    "IsBiffe": false,
    "WeightconversionFactor": "0",
    "IsWeightArticle": false,
    "nutriscoreLabel": "E",
    "IsBio": false,
    "CountryOfOrigin": "BELGIË",
    "IsExclusivelySoldInLuxembourg": false,
    "OrderUnit": "P",
    "ShortName": "GABR FORELEIEREN ASC50G",
    "InSeason": true,
    "IsNew": false,
    "EcoscoreLabel": "E",
    "RecentQuanityOfStockUnits": "1",
    "LongName": "GABRIEL foreleieren ASC 50g",
    "AlcoholVolume": "0",
    "StartSeasonDate": "10/02/2023",
    "FicCode": "E",
    "EcoscoreValue": "5"
  },
  {
    "productId": "788666",
    "technicalArticleNumber": "4592783",
    "commercialArticleNumber": "28999",
    "name": "ontvette kookham",
    "brand": "AOSTE PLUS",
    "seoBrand": "Aoste Plus",
    "thumbNail": "https://static.colruytgroup.com/images/200x200/std.lang.all/93/34/asset-3209334.jpg",
    "fullImage": "https://static.colruytgroup.com/images/500x500/std.lang.all/93/34/asset-3209334.jpg",
    "squareImage": "https://static.colruytgroup.com/images/500x500sq/std.lang.all/93/34/asset-3209334.jpg",
    "content": "120g",
    "walkRouteSequenceNumber": 7822,
    "price": {
      "basicPrice": 4.79,
      "recommendedQuantity": "1.0",
      "quantityPrice": 2.39,
      "quantityPriceQuantity": "2.0",
      "measurementUnitPrice": 39.92,
      "measurementUnitQuantityPrice": 19.92,
      "measurementUnit": "K",
      "isRedPrice": false,
      "pricePerUOM": 39.92,
      "activationDate": "13-03-2024",
      "recordSource": "Offline",
      "isPromoActive": "N",
      "priceChangeCode": "E",
      "quantityPricePerUOM": 19.92,
      "quantityActivationDate": "13-03-2024",
      "quantityPriceChangeCode": "H"
    },
    "isAvailable": true,
    "isPriceAvailable": true,
    "inPromo": false,
    "gtin": [
      "05411761363207"
    ],
    "topCategoryName": "Bereidingen/Charcuterie/Vis/Veggie",
    "topCategoryId": "105",
    "businessDomain": "RETAIL_BE",
    "IsPrivateLabel": false,
    "IsBiffe": false,
    "WeightconversionFactor": "0",
    "IsWeightArticle": false,
    "nutriscoreLabel": "A",
    "IsBio": false,
    "CountryOfOrigin": "BELGIË",
    "IsExclusivelySoldInLuxembourg": false,
    "OrderUnit": "P",
    "ShortName": "AOPL KOOKHAM 120G",
    "IsNew": false,
    "EcoscoreLabel": "E",
    "RecentQuanityOfStockUnits": "1",
    "LongName": "AOSTE PLUS ontvette kookham 120g",
    "FicCode": "E",
    "EcoscoreValue": "12"
  },
  {
    "productId": "26828",
    "technicalArticleNumber": "1979428",
    "commercialArticleNumber": "35663",
    "name": "eend.borstfil.ger.",
    "description": "*Frankrijk, IGP\n*Gerookt",
    "brand": "MAISTRES OCCITANS",
    "seoBrand": "Maistres Occitans",
    "thumbNail": "https://static.colruytgroup.com/images/200x200/std.lang.all/07/65/asset-360765.jpg",
    "fullImage": "https://static.colruytgroup.com/images/500x500/std.lang.all/07/65/asset-360765.jpg",
    "squareImage": "https://static.colruytgroup.com/images/500x500sq/std.lang.all/07/65/asset-360765.jpg",
    "content": "80g",
    "walkRouteSequenceNumber": 7705,
    "price": {
      "basicPrice": 6.3,
      "recommendedQuantity": "1.0",
      "measurementUnitPrice": 78.75,
      "measurementUnit": "K",
      "isRedPrice": false,
      "pricePerUOM": 78.75,
      "activationDate": "07-03-2024",
      "recordSource": "Online",
      "isPromoActive": "N",
      "priceChangeCode": "E"
    },
    "isAvailable": true,
    "isPriceAvailable": true,
    "inPromo": false,
    "gtin": [
      "03443705041423",
      "05400141356632",
      "13443705041420"
    ],
    "topCategoryName": "Bereidingen/Charcuterie/Vis/Veggie",
    "topCategoryId": "105",
    "businessDomain": "RETAIL_BE",
    "IsPrivateLabel": false,
    "IsBiffe": false,
    "WeightconversionFactor": "0",
    "IsWeightArticle": false,
    "nutriscoreLabel": "E",
    "IsBio": false,
    "CountryOfOrigin": "FRANKRIJK",
    "IsExclusivelySoldInLuxembourg": false,
    "OrderUnit": "P",
    "ShortName": "MO GER.EENDEBORST80G",
    "InSeason": true,
    "IsNew": false,
    "EcoscoreLabel": "E",
    "RecentQuanityOfStockUnits": "1",
    "LongName": "MAISTRES OCCITANS eend.borstfil.ger. 80g",
    "AlcoholVolume": "0",
    "StartSeasonDate": "01/08/2016",
    "FicCode": "E",
    "EcoscoreValue": "5"
  },
  {
    "productId": "14884",
    "technicalArticleNumber": "1547469",
    "commercialArticleNumber": "7824",
    "name": "gedr.ham bio gv",
    "description": "*België\n*Gerijpt en gedroogd\n*Glutenvrij",
    "brand": "GANDA",
    "seoBrand": "Ganda",
    "thumbNail": "https://static.colruytgroup.com/images/200x200/std.lang.all/94/14/asset-3429414.jpg",
    "fullImage": "https://static.colruytgroup.com/images/500x500/std.lang.all/94/14/asset-3429414.jpg",
    "squareImage": "https://static.colruytgroup.com/images/500x500sq/std.lang.all/94/14/asset-3429414.jpg",
    "content": "80g",
    "walkRouteSequenceNumber": 7841,
    "price": {
      "basicPrice": 6.49,
      "recommendedQuantity": "1.0",
      "measurementUnitPrice": 81.13,
      "measurementUnit": "K",
      "isRedPrice": false,
      "pricePerUOM": 81.13,
      "activationDate": "15-03-2024",
      "recordSource": "Offline",
      "isPromoActive": "N",
      "priceChangeCode": "H"
    },
    "isAvailable": true,
    "isPriceAvailable": true,
    "inPromo": false,
    "gtin": [
      "05413617308165",
      "05413617308004"
    ],
    "topCategoryName": "Bereidingen/Charcuterie/Vis/Veggie",
    "topCategoryId": "105",
    "businessDomain": "RETAIL_BE",
    "IsPrivateLabel": false,
    "IsBiffe": false,
    "WeightconversionFactor": "0",
    "IsWeightArticle": false,
    "nutriscoreLabel": "E",
    "IsBio": true,
    "CountryOfOrigin": "BELGIË",
    "IsExclusivelySoldInLuxembourg": false,
    "OrderUnit": "P",
    "ShortName": "UB BIO GANDAHAM VVP 80G",
    "IsNew": false,
    "EcoscoreLabel": "E",
    "RecentQuanityOfStockUnits": "1",
    "LongName": "GANDA gedr.ham bio gv 80g",
    "AlcoholVolume": "0",
    "FicCode": "E",
    "EcoscoreValue": "1"
  },
  {
    "productId": "879833",
    "technicalArticleNumber": "4736560",
    "commercialArticleNumber": "32275",
    "name": "Mixed nuggets",
    "brand": "TBVC",
    "seoBrand": "The bio veggie company",
    "thumbNail": "https://static.colruytgroup.com/images/200x200/std.lang.all/58/37/asset-3305837.jpg",
    "fullImage": "https://static.colruytgroup.com/images/500x500/std.lang.all/58/37/asset-3305837.jpg",
    "squareImage": "https://static.colruytgroup.com/images/500x500sq/std.lang.all/58/37/asset-3305837.jpg",
    "content": "180g",
    "walkRouteSequenceNumber": 7576,
    "price": {
      "basicPrice": 3.79,
      "recommendedQuantity": "1.0",
      "measurementUnitPrice": 21.06,
      "measurementUnit": "K",
      "isRedPrice": false,
      "pricePerUOM": 21.06,
      "activationDate": "04-01-2024",
      "isPromoActive": "N",
      "priceChangeCode": "L"
    },
    "isAvailable": true,
    "isPriceAvailable": true,
    "inPromo": false,
    "gtin": [
      "05414152005939"
    ],
    "topCategoryName": "Bereidingen/Charcuterie/Vis/Veggie",
    "topCategoryId": "105",
    "businessDomain": "RETAIL_BE",
    "IsPrivateLabel": false,
    "IsBiffe": false,
    "WeightconversionFactor": "0",
    "IsWeightArticle": false,
    "nutriscoreLabel": "C",
    "IsBio": false,
    "CountryOfOrigin": "BELGIË",
    "IsExclusivelySoldInLuxembourg": false,
    "OrderUnit": "P",
    "ShortName": "TBVC MIXED NUGGETS180G",
    "IsNew": false,
    "EcoscoreLabel": "B",
    "RecentQuanityOfStockUnits": "1",
    "LongName": "TBVC Mixed nuggets 180g",
    "FicCode": "E",
    "EcoscoreValue": "79"
  },
  {
    "productId": "788682",
    "technicalArticleNumber": "4592811",
    "commercialArticleNumber": "29147",
    "name": "salami",
    "description": "*Gerookte salami",
    "brand": "AOSTE PLUS",
    "seoBrand": "Aoste Plus",
    "thumbNail": "https://static.colruytgroup.com/images/200x200/std.lang.all/08/61/asset-2790861.jpg",
    "fullImage": "https://static.colruytgroup.com/images/500x500/std.lang.all/08/61/asset-2790861.jpg",
    "squareImage": "https://static.colruytgroup.com/images/500x500sq/std.lang.all/08/61/asset-2790861.jpg",
    "content": "120g",
    "walkRouteSequenceNumber": 7807,
    "price": {
      "basicPrice": 4.79,
      "recommendedQuantity": "1.0",
      "quantityPrice": 2.39,
      "quantityPriceQuantity": "2.0",
      "measurementUnitPrice": 39.92,
      "measurementUnitQuantityPrice": 19.92,
      "measurementUnit": "K",
      "isRedPrice": false,
      "pricePerUOM": 39.92,
      "activationDate": "21-03-2024",
      "recordSource": "Offline",
      "isPromoActive": "N",
      "priceChangeCode": "E",
      "quantityPricePerUOM": 19.92,
      "quantityActivationDate": "21-03-2024",
      "quantityPriceChangeCode": "L"
    },
    "isAvailable": true,
    "isPriceAvailable": true,
    "inPromo": false,
    "gtin": [
      "05411761363498"
    ],
    "topCategoryName": "Bereidingen/Charcuterie/Vis/Veggie",
    "topCategoryId": "105",
    "businessDomain": "RETAIL_BE",
    "IsPrivateLabel": false,
    "IsBiffe": false,
    "WeightconversionFactor": "0",
    "IsWeightArticle": false,
    "nutriscoreLabel": "E",
    "IsBio": false,
    "CountryOfOrigin": "BELGIË",
    "IsExclusivelySoldInLuxembourg": false,
    "OrderUnit": "P",
    "ShortName": "AOPL SALAMI 120G",
    "IsNew": false,
    "EcoscoreLabel": "E",
    "RecentQuanityOfStockUnits": "1",
    "LongName": "AOSTE PLUS salami 120g",
    "FicCode": "E",
    "EcoscoreValue": "16"
  },
  {
    "productId": "19382",
    "technicalArticleNumber": "1760485",
    "commercialArticleNumber": "33777",
    "name": "achterham gekookt",
    "description": "*België\n*Gekookt, gezouten\n*Boterham, bij\ncouscous, met\ndeegwaren",
    "brand": "AUBEL",
    "seoBrand": "Aubel",
    "thumbNail": "https://static.colruytgroup.com/images/200x200/std.lang.all/54/21/asset-1105421.jpg",
    "fullImage": "https://static.colruytgroup.com/images/500x500/std.lang.all/54/21/asset-1105421.jpg",
    "squareImage": "https://static.colruytgroup.com/images/500x500sq/std.lang.all/54/21/asset-1105421.jpg",
    "content": "±650g",
    "walkRouteSequenceNumber": 7721,
    "price": {
      "basicPrice": 12.5,
      "recommendedQuantity": "1.0",
      "unit": "K",
      "measurementUnitPrice": 12.5,
      "measurementUnit": "K",
      "isRedPrice": false,
      "pricePerUOM": 12.5,
      "activationDate": "15-11-2023",
      "isPromoActive": "N",
      "priceChangeCode": "E"
    },
    "isAvailable": true,
    "isPriceAvailable": true,
    "inPromo": false,
    "gtin": [
      "05410459010041",
      "05410459111908",
      "95410459020166"
    ],
    "topCategoryName": "Bereidingen/Charcuterie/Vis/Veggie",
    "topCategoryId": "105",
    "businessDomain": "RETAIL_BE",
    "IsPrivateLabel": false,
    "IsBiffe": false,
    "WeightconversionFactor": "650",
    "IsWeightArticle": true,
    "IsBio": false,
    "CountryOfOrigin": "BELGIË",
    "IsExclusivelySoldInLuxembourg": false,
    "OrderUnit": "P",
    "ShortName": "AUB GEK.ACHTERHAM+-650W",
    "IsNew": false,
    "EcoscoreLabel": "D",
    "RecentQuanityOfStockUnits": "1",
    "LongName": "AUBEL achterham gekookt ±650g",
    "AlcoholVolume": "0",
    "FicCode": "E",
    "EcoscoreValue": "20"
  },
  {
    "productId": "866886",
    "technicalArticleNumber": "4719555",
    "commercialArticleNumber": "10125",
    "name": "Veggie Witte Worst",
    "brand": "BONMUSH",
    "seoBrand": "BonMush",
    "thumbNail": "https://static.colruytgroup.com/images/200x200/std.lang.all/24/84/asset-3342484.jpg",
    "fullImage": "https://static.colruytgroup.com/images/500x500/std.lang.all/24/84/asset-3342484.jpg",
    "squareImage": "https://static.colruytgroup.com/images/500x500sq/std.lang.all/24/84/asset-3342484.jpg",
    "content": "2x90g",
    "walkRouteSequenceNumber": 7585,
    "price": {
      "basicPrice": 3.79,
      "recommendedQuantity": "1.0",
      "measurementUnitPrice": 21.06,
      "measurementUnit": "K",
      "isRedPrice": false,
      "pricePerUOM": 21.06,
      "activationDate": "22-03-2024",
      "recordSource": "Offline",
      "isPromoActive": "N",
      "priceChangeCode": "E"
    },
    "isAvailable": true,
    "isPriceAvailable": true,
    "inPromo": false,
    "gtin": [
      "05413345009594",
      "05413345009587"
    ],
    "topCategoryName": "Bereidingen/Charcuterie/Vis/Veggie",
    "topCategoryId": "105",
    "businessDomain": "RETAIL_BE",
    "IsPrivateLabel": false,
    "IsBiffe": false,
    "WeightconversionFactor": "0",
    "IsWeightArticle": false,
    "nutriscoreLabel": "D",
    "IsBio": false,
    "CountryOfOrigin": "BELGIË",
    "IsExclusivelySoldInLuxembourg": false,
    "OrderUnit": "P",
    "ShortName": "BONM VEG.WIT.WORST2X90G",
    "IsNew": false,
    "EcoscoreLabel": "B",
    "RecentQuanityOfStockUnits": "1",
    "LongName": "BONMUSH Veggie Witte Worst 2x90g",
    "FicCode": "E",
    "EcoscoreValue": "68"
  },
  {
    "productId": "858687",
    "technicalArticleNumber": "4708966",
    "commercialArticleNumber": "31690",
    "name": "surimi snippers",
    "brand": "VICI",
    "seoBrand": "Vici",
    "thumbNail": "https://static.colruytgroup.com/images/200x200/std.lang.all/70/46/asset-3177046.jpg",
    "fullImage": "https://static.colruytgroup.com/images/500x500/std.lang.all/70/46/asset-3177046.jpg",
    "squareImage": "https://static.colruytgroup.com/images/500x500sq/std.lang.all/70/46/asset-3177046.jpg",
    "content": "200g",
    "walkRouteSequenceNumber": 7486,
    "price": {
      "basicPrice": 2.99,
      "recommendedQuantity": "1.0",
      "measurementUnitPrice": 14.95,
      "measurementUnit": "K",
      "isRedPrice": false,
      "pricePerUOM": 14.95,
      "activationDate": "13-02-2024",
      "isPromoActive": "N",
      "priceChangeCode": "E"
    },
    "isAvailable": true,
    "isPriceAvailable": true,
    "inPromo": false,
    "gtin": [
      "04770190131957",
      "04770190131940"
    ],
    "topCategoryName": "Bereidingen/Charcuterie/Vis/Veggie",
    "topCategoryId": "105",
    "businessDomain": "RETAIL_BE",
    "IsPrivateLabel": false,
    "IsBiffe": false,
    "WeightconversionFactor": "0",
    "IsWeightArticle": false,
    "nutriscoreLabel": "C",
    "IsBio": false,
    "CountryOfOrigin": "LITOUWEN",
    "IsExclusivelySoldInLuxembourg": false,
    "OrderUnit": "P",
    "ShortName": "VICI SURIMI SNIPPER200G",
    "IsNew": false,
    "EcoscoreLabel": "E",
    "RecentQuanityOfStockUnits": "1",
    "LongName": "VICI surimi snippers 200g",
    "FicCode": "I",
    "EcoscoreValue": "19"
  },
  {
    "productId": "622322",
    "technicalArticleNumber": "4302566",
    "commercialArticleNumber": "23651",
    "name": "Vegan nuggets",
    "description": "*Vegetarische nugget\nop basis van\nsoja- en tarwe-\neiwitten",
    "brand": "GARDEN GOURMET",
    "seoBrand": "Garden Gourmet",
    "thumbNail": "https://static.colruytgroup.com/images/200x200/std.lang.all/27/20/asset-3372720.jpg",
    "fullImage": "https://static.colruytgroup.com/images/500x500/std.lang.all/27/20/asset-3372720.jpg",
    "squareImage": "https://static.colruytgroup.com/images/500x500sq/std.lang.all/27/20/asset-3372720.jpg",
    "content": "700g",
    "walkRouteSequenceNumber": 16924,
    "price": {
      "basicPrice": 12.85,
      "recommendedQuantity": "1.0",
      "quantityPrice": 11.82,
      "quantityPriceQuantity": "3.0",
      "measurementUnitPrice": 18.36,
      "measurementUnitQuantityPrice": 16.89,
      "measurementUnit": "K",
      "isRedPrice": false,
      "pricePerUOM": 18.36,
      "activationDate": "02-02-2024",
      "isPromoActive": "N",
      "priceChangeCode": "E",
      "quantityPricePerUOM": 16.89,
      "quantityActivationDate": "02-02-2024",
      "quantityPriceChangeCode": "E"
    },
    "isAvailable": true,
    "isPriceAvailable": true,
    "inPromo": false,
    "gtin": [
      "07290115208436",
      "07290115208443",
      "08445290707345",
      "08445290707352",
      "07290112966865",
      "07290112966872"
    ],
    "topCategoryName": "Bereidingen/Charcuterie/Vis/Veggie",
    "topCategoryId": "105",
    "businessDomain": "RETAIL_BE",
    "IsPrivateLabel": false,
    "IsBiffe": false,
    "WeightconversionFactor": "0",
    "IsWeightArticle": false,
    "nutriscoreLabel": "A",
    "IsBio": false,
    "CountryOfOrigin": "ISRAËL",
    "IsExclusivelySoldInLuxembourg": false,
    "OrderUnit": "P",
    "ShortName": "GG VEGAN NUGGETS 700G",
    "IsNew": false,
    "RecentQuanityOfStockUnits": "1,1",
    "LongName": "GARDEN GOURMET Vegan nuggets 700g",
    "FicCode": "E"
  },
  {
    "productId": "850024",
    "technicalArticleNumber": "4697397",
    "commercialArticleNumber": "30832",
    "name": "pasta tomaat basilicum pouch",
    "brand": "BONI",
    "seoBrand": "Boni Selection",
    "thumbNail": "https://static.colruytgroup.com/images/200x200/std.lang.all/36/97/asset-3353697.jpg",
    "fullImage": "https://static.colruytgroup.com/images/500x500/std.lang.all/36/97/asset-3353697.jpg",
    "squareImage": "https://static.colruytgroup.com/images/500x500sq/std.lang.all/36/97/asset-3353697.jpg",
    "content": "265g",
    "walkRouteSequenceNumber": 16754,
    "price": {
      "basicPrice": 1.99,
      "recommendedQuantity": "1.0",
      "measurementUnitPrice": 7.51,
      "measurementUnit": "K",
      "isRedPrice": false,
      "pricePerUOM": 7.51,
      "activationDate": "15-11-2023",
      "isPromoActive": "N",
      "priceChangeCode": "E"
    },
    "isAvailable": true,
    "isPriceAvailable": true,
    "inPromo": false,
    "gtin": [
      "05400141806571",
      "15400141806578"
    ],
    "topCategoryName": "Bereidingen/Charcuterie/Vis/Veggie",
    "topCategoryId": "105",
    "businessDomain": "RETAIL_BE",
    "IsPrivateLabel": true,
    "IsBiffe": false,
    "WeightconversionFactor": "0",
    "IsWeightArticle": false,
    "nutriscoreLabel": "C",
    "IsBio": false,
    "CountryOfOrigin": "ITALIË",
    "IsExclusivelySoldInLuxembourg": false,
    "OrderUnit": "P",
    "ShortName": "BONI PAST.TO-BA.POU.265",
    "InSeason": true,
    "IsNew": false,
    "EcoscoreLabel": "C",
    "RecentQuanityOfStockUnits": "1",
    "LongName": "BONI pasta tomaat basilicum pouch 265g",
    "StartSeasonDate": "20/03/2023",
    "FicCode": "I",
    "EcoscoreValue": "55"
  },
  {
    "productId": "850012",
    "technicalArticleNumber": "4697384",
    "commercialArticleNumber": "30830",
    "name": "pasta arrabiata pouch",
    "brand": "BONI",
    "seoBrand": "Boni Selection",
    "thumbNail": "https://static.colruytgroup.com/images/200x200/std.lang.all/36/96/asset-3353696.jpg",
    "fullImage": "https://static.colruytgroup.com/images/500x500/std.lang.all/36/96/asset-3353696.jpg",
    "squareImage": "https://static.colruytgroup.com/images/500x500sq/std.lang.all/36/96/asset-3353696.jpg",
    "content": "265g",
    "walkRouteSequenceNumber": 16755,
    "price": {
      "basicPrice": 1.99,
      "recommendedQuantity": "1.0",
      "measurementUnitPrice": 7.51,
      "measurementUnit": "K",
      "isRedPrice": false,
      "pricePerUOM": 7.51,
      "activationDate": "15-11-2023",
      "isPromoActive": "N",
      "priceChangeCode": "E"
    },
    "isAvailable": true,
    "isPriceAvailable": true,
    "inPromo": false,
    "gtin": [
      "05400141819212",
      "15400141819219"
    ],
    "topCategoryName": "Bereidingen/Charcuterie/Vis/Veggie",
    "topCategoryId": "105",
    "businessDomain": "RETAIL_BE",
    "IsPrivateLabel": true,
    "IsBiffe": false,
    "WeightconversionFactor": "0",
    "IsWeightArticle": false,
    "IsBio": false,
    "CountryOfOrigin": "ITALIË",
    "IsExclusivelySoldInLuxembourg": false,
    "OrderUnit": "P",
    "ShortName": "BONI PAST.ARRAB.POU.265",
    "IsNew": false,
    "RecentQuanityOfStockUnits": "1",
    "LongName": "BONI pasta arrabiata pouch 265g",
    "FicCode": "I"
  },
  {
    "productId": "866880",
    "technicalArticleNumber": "4719548",
    "commercialArticleNumber": "9942",
    "name": "Veggie Boerenworst",
    "brand": "BONMUSH",
    "seoBrand": "BonMush",
    "thumbNail": "https://static.colruytgroup.com/images/200x200/std.lang.all/24/83/asset-3342483.jpg",
    "fullImage": "https://static.colruytgroup.com/images/500x500/std.lang.all/24/83/asset-3342483.jpg",
    "squareImage": "https://static.colruytgroup.com/images/500x500sq/std.lang.all/24/83/asset-3342483.jpg",
    "content": "2x90g",
    "walkRouteSequenceNumber": 7584,
    "price": {
      "basicPrice": 3.79,
      "recommendedQuantity": "1.0",
      "measurementUnitPrice": 21.06,
      "measurementUnit": "K",
      "isRedPrice": false,
      "pricePerUOM": 21.06,
      "activationDate": "29-03-2023",
      "isPromoActive": "N",
      "priceChangeCode": "E"
    },
    "isAvailable": true,
    "isPriceAvailable": true,
    "inPromo": false,
    "gtin": [
      "05413345011214",
      "05413345011207"
    ],
    "topCategoryName": "Bereidingen/Charcuterie/Vis/Veggie",
    "topCategoryId": "105",
    "businessDomain": "RETAIL_BE",
    "IsPrivateLabel": false,
    "IsBiffe": false,
    "WeightconversionFactor": "0",
    "IsWeightArticle": false,
    "nutriscoreLabel": "C",
    "IsBio": false,
    "CountryOfOrigin": "BELGIË",
    "IsExclusivelySoldInLuxembourg": false,
    "OrderUnit": "P",
    "ShortName": "BONM VEGGIE WORST 2X90G",
    "IsNew": false,
    "EcoscoreLabel": "B",
    "RecentQuanityOfStockUnits": "1",
    "LongName": "BONMUSH Veggie Boerenworst 2x90g",
    "FicCode": "E",
    "EcoscoreValue": "68"
  },
  {
    "productId": "716748",
    "technicalArticleNumber": "4462753",
    "commercialArticleNumber": "26697",
    "name": "gerookte makreel peper",
    "description": "*Niet MSC",
    "brand": "BONI",
    "seoBrand": "Boni Selection",
    "thumbNail": "https://static.colruytgroup.com/images/200x200/std.lang.all/69/31/asset-2706931.jpg",
    "fullImage": "https://static.colruytgroup.com/images/500x500/std.lang.all/69/31/asset-2706931.jpg",
    "squareImage": "https://static.colruytgroup.com/images/500x500sq/std.lang.all/69/31/asset-2706931.jpg",
    "content": "90g",
    "walkRouteSequenceNumber": 6713,
    "price": {
      "basicPrice": 2.89,
      "recommendedQuantity": "1.0",
      "measurementUnitPrice": 32.12,
      "measurementUnit": "K",
      "isRedPrice": false,
      "pricePerUOM": 32.12,
      "activationDate": "18-10-2023",
      "isPromoActive": "N",
      "priceChangeCode": "E"
    },
    "isAvailable": true,
    "isPriceAvailable": true,
    "inPromo": false,
    "gtin": [
      "15400141774440",
      "05400141774443",
      "05400141454864"
    ],
    "topCategoryName": "Bereidingen/Charcuterie/Vis/Veggie",
    "topCategoryId": "105",
    "businessDomain": "RETAIL_BE",
    "IsPrivateLabel": true,
    "IsBiffe": false,
    "WeightconversionFactor": "0",
    "IsWeightArticle": false,
    "nutriscoreLabel": "D",
    "IsBio": false,
    "CountryOfOrigin": "BELGIË",
    "IsExclusivelySoldInLuxembourg": false,
    "OrderUnit": "P",
    "ShortName": "BONI MAKREEL PEPER 90G",
    "IsNew": false,
    "EcoscoreLabel": "C",
    "RecentQuanityOfStockUnits": "1",
    "LongName": "BONI gerookte makreel peper 90g",
    "FicCode": "I",
    "EcoscoreValue": "58"
  },
  {
    "productId": "862254",
    "technicalArticleNumber": "4713608",
    "commercialArticleNumber": "31849",
    "name": "Pulled pork BBQ",
    "brand": "PLANTED",
    "seoBrand": "Planted",
    "thumbNail": "https://static.colruytgroup.com/images/200x200/std.lang.all/55/72/asset-3185572.jpg",
    "fullImage": "https://static.colruytgroup.com/images/500x500/std.lang.all/55/72/asset-3185572.jpg",
    "squareImage": "https://static.colruytgroup.com/images/500x500sq/std.lang.all/55/72/asset-3185572.jpg",
    "content": "160g",
    "walkRouteSequenceNumber": 7579,
    "price": {
      "basicPrice": 3.89,
      "recommendedQuantity": "1.0",
      "measurementUnitPrice": 24.32,
      "measurementUnit": "K",
      "isRedPrice": false,
      "pricePerUOM": 24.32,
      "activationDate": "27-01-2024",
      "isPromoActive": "N",
      "priceChangeCode": "L"
    },
    "isAvailable": true,
    "isPriceAvailable": true,
    "inPromo": false,
    "gtin": [
      "07630294500646",
      "07630294500615"
    ],
    "topCategoryName": "Bereidingen/Charcuterie/Vis/Veggie",
    "topCategoryId": "105",
    "businessDomain": "RETAIL_BE",
    "IsPrivateLabel": false,
    "IsBiffe": false,
    "WeightconversionFactor": "0",
    "IsWeightArticle": false,
    "IsBio": false,
    "CountryOfOrigin": "ZWITSERLAND",
    "IsExclusivelySoldInLuxembourg": false,
    "OrderUnit": "P",
    "ShortName": "PLAN PULLE.PORK BBQ160G",
    "IsNew": false,
    "RecentQuanityOfStockUnits": "1",
    "LongName": "PLANTED Pulled pork BBQ 160g",
    "FicCode": "E"
  },
  {
    "productId": "880283",
    "technicalArticleNumber": "4737319",
    "commercialArticleNumber": "32316",
    "name": "Falafel spinazie",
    "brand": "GREENWAY",
    "seoBrand": "Greenway",
    "thumbNail": "https://static.colruytgroup.com/images/200x200/std.lang.all/38/63/asset-3303863.jpg",
    "fullImage": "https://static.colruytgroup.com/images/500x500/std.lang.all/38/63/asset-3303863.jpg",
    "squareImage": "https://static.colruytgroup.com/images/500x500sq/std.lang.all/38/63/asset-3303863.jpg",
    "content": "170g",
    "walkRouteSequenceNumber": 7582,
    "price": {
      "basicPrice": 3.69,
      "recommendedQuantity": "1.0",
      "measurementUnitPrice": 21.71,
      "measurementUnit": "K",
      "isRedPrice": false,
      "pricePerUOM": 21.71,
      "activationDate": "18-10-2023",
      "isPromoActive": "N",
      "priceChangeCode": "E"
    },
    "isAvailable": true,
    "isPriceAvailable": true,
    "inPromo": true,
    "promotion": [
      {
        "techPromoId": "100871COLR",
        "promotionId": "100871",
        "promotionType": "4",
        "isPersonalized": "N",
        "publicationStartDate": "13-03-2024",
        "publicationEndDate": "26-03-2024"
      }
    ],
    "gtin": [
      "05414880002620"
    ],
    "topCategoryName": "Bereidingen/Charcuterie/Vis/Veggie",
    "topCategoryId": "105",
    "businessDomain": "RETAIL_BE",
    "IsPrivateLabel": false,
    "IsBiffe": false,
    "WeightconversionFactor": "0",
    "IsWeightArticle": false,
    "nutriscoreLabel": "A",
    "IsBio": false,
    "CountryOfOrigin": "BELGIË",
    "IsExclusivelySoldInLuxembourg": false,
    "OrderUnit": "P",
    "ShortName": "GREE FALAFEL SPIN. 170G",
    "IsNew": false,
    "EcoscoreLabel": "A",
    "RecentQuanityOfStockUnits": "1",
    "LongName": "GREENWAY Falafel spinazie 170g",
    "FicCode": "E",
    "EcoscoreValue": "93"
  },
  {
    "productId": "881377",
    "technicalArticleNumber": "4738765",
    "commercialArticleNumber": "1395",
    "name": "Verse penne",
    "brand": "BONI",
    "seoBrand": "Boni Selection",
    "thumbNail": "https://static.colruytgroup.com/images/200x200/std.lang.all/45/16/asset-3334516.jpg",
    "fullImage": "https://static.colruytgroup.com/images/500x500/std.lang.all/45/16/asset-3334516.jpg",
    "squareImage": "https://static.colruytgroup.com/images/500x500sq/std.lang.all/45/16/asset-3334516.jpg",
    "content": "500g",
    "walkRouteSequenceNumber": 6657,
    "price": {
      "basicPrice": 2.49,
      "recommendedQuantity": "1.0",
      "measurementUnitPrice": 4.98,
      "measurementUnit": "K",
      "isRedPrice": false,
      "pricePerUOM": 4.98,
      "activationDate": "14-02-2024",
      "isPromoActive": "N",
      "priceChangeCode": "H"
    },
    "isAvailable": true,
    "isPriceAvailable": true,
    "inPromo": false,
    "gtin": [
      "15400141561729",
      "05400141561722"
    ],
    "topCategoryName": "Bereidingen/Charcuterie/Vis/Veggie",
    "topCategoryId": "105",
    "businessDomain": "RETAIL_BE",
    "IsPrivateLabel": true,
    "IsBiffe": false,
    "WeightconversionFactor": "0",
    "IsWeightArticle": false,
    "nutriscoreLabel": "A",
    "IsBio": false,
    "CountryOfOrigin": "ITALIË",
    "IsExclusivelySoldInLuxembourg": false,
    "OrderUnit": "P",
    "ShortName": "BONI VERSE PENNE 500G",
    "IsNew": false,
    "EcoscoreLabel": "B",
    "RecentQuanityOfStockUnits": "1",
    "LongName": "BONI Verse penne 500g",
    "AlcoholVolume": "0",
    "FicCode": "I",
    "EcoscoreValue": "66"
  },
  {
    "productId": "844509",
    "technicalArticleNumber": "4690162",
    "commercialArticleNumber": "1658",
    "name": "Antipasti",
    "brand": "BONI",
    "seoBrand": "Boni Selection",
    "thumbNail": "https://static.colruytgroup.com/images/200x200/std.lang.all/25/51/asset-3452551.jpg",
    "fullImage": "https://static.colruytgroup.com/images/500x500/std.lang.all/25/51/asset-3452551.jpg",
    "squareImage": "https://static.colruytgroup.com/images/500x500sq/std.lang.all/25/51/asset-3452551.jpg",
    "content": "150g",
    "walkRouteSequenceNumber": 7650,
    "price": {
      "basicPrice": 2.99,
      "recommendedQuantity": "1.0",
      "quantityPrice": 2.75,
      "quantityPriceQuantity": "3.0",
      "measurementUnitPrice": 19.94,
      "measurementUnitQuantityPrice": 18.34,
      "measurementUnit": "K",
      "isRedPrice": false,
      "pricePerUOM": 19.94,
      "activationDate": "12-12-2023",
      "isPromoActive": "N",
      "priceChangeCode": "E",
      "quantityPricePerUOM": 18.34,
      "quantityActivationDate": "12-12-2023",
      "quantityPriceChangeCode": "E"
    },
    "isAvailable": true,
    "isPriceAvailable": true,
    "inPromo": false,
    "gtin": [
      "05400141715996"
    ],
    "topCategoryName": "Bereidingen/Charcuterie/Vis/Veggie",
    "topCategoryId": "105",
    "businessDomain": "RETAIL_BE",
    "IsPrivateLabel": true,
    "IsBiffe": false,
    "WeightconversionFactor": "0",
    "IsWeightArticle": false,
    "nutriscoreLabel": "E",
    "IsBio": false,
    "CountryOfOrigin": "DUITSLAND",
    "IsExclusivelySoldInLuxembourg": false,
    "OrderUnit": "P",
    "ShortName": "BONI ANTIPASTI 150G",
    "IsNew": false,
    "RecentQuanityOfStockUnits": "1",
    "LongName": "BONI Antipasti 150g",
    "FicCode": "I"
  },
  {
    "productId": "850007",
    "technicalArticleNumber": "4697376",
    "commercialArticleNumber": "30829",
    "name": "kip curry",
    "description": "*Smaak: kip curry\n*Bokaal",
    "brand": "EQUINOX",
    "seoBrand": "Equinox",
    "thumbNail": "https://static.colruytgroup.com/images/200x200/nl_be/13/36/asset-3271336.jpg",
    "fullImage": "https://static.colruytgroup.com/images/500x500/nl_be/13/36/asset-3271336.jpg",
    "squareImage": "https://static.colruytgroup.com/images/500x500sq/nl_be/13/36/asset-3271336.jpg",
    "content": "680g",
    "walkRouteSequenceNumber": 16848,
    "price": {
      "basicPrice": 4.09,
      "recommendedQuantity": "1.0",
      "measurementUnitPrice": 6.02,
      "measurementUnit": "K",
      "isRedPrice": false,
      "pricePerUOM": 6.02,
      "activationDate": "04-08-2023",
      "isPromoActive": "N",
      "priceChangeCode": "H"
    },
    "isAvailable": true,
    "isPriceAvailable": true,
    "inPromo": false,
    "gtin": [
      "15411896041220",
      "05411896041223"
    ],
    "topCategoryName": "Bereidingen/Charcuterie/Vis/Veggie",
    "topCategoryId": "105",
    "businessDomain": "RETAIL_BE",
    "IsPrivateLabel": false,
    "IsBiffe": false,
    "WeightconversionFactor": "0",
    "IsWeightArticle": false,
    "nutriscoreLabel": "C",
    "IsBio": false,
    "CountryOfOrigin": "BELGIË",
    "IsExclusivelySoldInLuxembourg": false,
    "OrderUnit": "P",
    "ShortName": "EQUI KIP CURRY 680G",
    "IsNew": false,
    "EcoscoreLabel": "E",
    "RecentQuanityOfStockUnits": "1",
    "LongName": "EQUINOX kip curry 680g",
    "FicCode": "E",
    "EcoscoreValue": "14"
  },
  {
    "productId": "486060",
    "technicalArticleNumber": "4017958",
    "commercialArticleNumber": "5069",
    "name": "ansjovisfilets olijfolie MSC",
    "description": "*Ansjovisfilets in\nolijfolie\n*met label MSC",
    "brand": "BONI",
    "seoBrand": "Boni Selection",
    "thumbNail": "https://static.colruytgroup.com/images/200x200/std.lang.all/27/86/asset-1772786.jpg",
    "fullImage": "https://static.colruytgroup.com/images/500x500/std.lang.all/27/86/asset-1772786.jpg",
    "squareImage": "https://static.colruytgroup.com/images/500x500sq/std.lang.all/27/86/asset-1772786.jpg",
    "content": "50g",
    "walkRouteSequenceNumber": 16682,
    "price": {
      "basicPrice": 1.35,
      "recommendedQuantity": "1.0",
      "measurementUnitPrice": 27,
      "measurementUnit": "K",
      "isRedPrice": false,
      "pricePerUOM": 27,
      "activationDate": "30-01-2024",
      "recordSource": "Offline",
      "isPromoActive": "N",
      "priceChangeCode": "E"
    },
    "isAvailable": true,
    "isPriceAvailable": true,
    "inPromo": false,
    "gtin": [
      "15400141237600",
      "05400141237603"
    ],
    "topCategoryName": "Bereidingen/Charcuterie/Vis/Veggie",
    "topCategoryId": "105",
    "businessDomain": "RETAIL_BE",
    "IsPrivateLabel": true,
    "IsBiffe": false,
    "WeightconversionFactor": "0",
    "IsWeightArticle": false,
    "nutriscoreLabel": "E",
    "IsBio": false,
    "CountryOfOrigin": "SPANJE",
    "IsExclusivelySoldInLuxembourg": false,
    "OrderUnit": "P",
    "ShortName": "BONI ANSJ.FI.OO MSC50G",
    "IsNew": false,
    "EcoscoreLabel": "A",
    "RecentQuanityOfStockUnits": "1",
    "LongName": "BONI ansjovisfilets olijfolie MSC 50g",
    "FicCode": "I",
    "EcoscoreValue": "94"
  },
  {
    "productId": "2236",
    "technicalArticleNumber": "27924",
    "commercialArticleNumber": "27924",
    "name": "garnalen Noordzee MSC",
    "description": "*Wild, MSC, noord-\noostelijk deel van\nAtlantische oceaan\n*Gepeld, ontdooid,\nnt.opnieuw invriezen",
    "brand": "EVERYDAY",
    "seoBrand": "Everyday",
    "thumbNail": "https://static.colruytgroup.com/images/200x200/std.lang.all/94/46/asset-2059446.jpg",
    "fullImage": "https://static.colruytgroup.com/images/500x500/std.lang.all/94/46/asset-2059446.jpg",
    "squareImage": "https://static.colruytgroup.com/images/500x500sq/std.lang.all/94/46/asset-2059446.jpg",
    "content": "200g",
    "walkRouteSequenceNumber": 7548,
    "price": {
      "basicPrice": 8.29,
      "recommendedQuantity": "1.0",
      "measurementUnitPrice": 41.45,
      "measurementUnit": "K",
      "isRedPrice": false,
      "pricePerUOM": 41.45,
      "activationDate": "23-03-2024",
      "recordSource": "Offline",
      "isPromoActive": "N",
      "priceChangeCode": "L"
    },
    "isAvailable": true,
    "isPriceAvailable": true,
    "inPromo": false,
    "gtin": [
      "15400141233985",
      "05400141027778",
      "15400141001560",
      "15400141820239",
      "05400141365924",
      "15400141365921",
      "05400141099133",
      "05400141233490",
      "05400141233988",
      "05400141397239",
      "15400141986409",
      "15400141992684",
      "25400141233494",
      "15400141939375"
    ],
    "topCategoryName": "Bereidingen/Charcuterie/Vis/Veggie",
    "topCategoryId": "105",
    "businessDomain": "RETAIL_BE",
    "IsPrivateLabel": true,
    "IsBiffe": false,
    "WeightconversionFactor": "0",
    "IsWeightArticle": false,
    "nutriscoreLabel": "C",
    "IsBio": false,
    "CountryOfOrigin": "BELGIË",
    "IsExclusivelySoldInLuxembourg": false,
    "OrderUnit": "P",
    "ShortName": "EVD GRI.GARN.200G",
    "IsNew": false,
    "EcoscoreLabel": "C",
    "RecentQuanityOfStockUnits": "8,1",
    "LongName": "EVERYDAY garnalen Noordzee MSC 200g",
    "AlcoholVolume": "0",
    "FicCode": "I",
    "EcoscoreValue": "51"
  },
  {
    "productId": "162453",
    "technicalArticleNumber": "3258788",
    "commercialArticleNumber": "40138",
    "name": "Gazpacho",
    "description": "*Verse groenten-\ngazpacho met olijf-\nolie",
    "brand": "BONI",
    "seoBrand": "Boni Selection",
    "thumbNail": "https://static.colruytgroup.com/images/200x200/std.lang.all/41/59/asset-3224159.jpg",
    "fullImage": "https://static.colruytgroup.com/images/500x500/std.lang.all/41/59/asset-3224159.jpg",
    "squareImage": "https://static.colruytgroup.com/images/500x500sq/std.lang.all/41/59/asset-3224159.jpg",
    "content": "1L",
    "walkRouteSequenceNumber": 7521,
    "price": {
      "basicPrice": 2.95,
      "recommendedQuantity": "1.0",
      "measurementUnitPrice": 2.95,
      "measurementUnit": "L",
      "isRedPrice": false,
      "pricePerUOM": 2.95,
      "activationDate": "01-03-2024",
      "recordSource": "Offline",
      "isPromoActive": "N",
      "priceChangeCode": "E"
    },
    "isAvailable": true,
    "isPriceAvailable": true,
    "inPromo": false,
    "gtin": [
      "05400141350791",
      "15400141350798"
    ],
    "topCategoryName": "Bereidingen/Charcuterie/Vis/Veggie",
    "topCategoryId": "105",
    "businessDomain": "RETAIL_BE",
    "IsPrivateLabel": true,
    "IsBiffe": false,
    "WeightconversionFactor": "0",
    "IsWeightArticle": false,
    "nutriscoreLabel": "C",
    "IsBio": false,
    "CountryOfOrigin": "SPANJE",
    "IsExclusivelySoldInLuxembourg": false,
    "OrderUnit": "P",
    "ShortName": "BONI GAZPACHO 1 L",
    "InSeason": true,
    "IsNew": false,
    "EcoscoreLabel": "A",
    "RecentQuanityOfStockUnits": "1",
    "LongName": "BONI Gazpacho 1L",
    "AlcoholVolume": "0",
    "StartSeasonDate": "31/01/2024",
    "FicCode": "I",
    "EcoscoreValue": "100"
  },
  {
    "productId": "880304",
    "technicalArticleNumber": "4737342",
    "commercialArticleNumber": "32320",
    "name": "spinazie/kaas",
    "brand": "GREENWAY",
    "seoBrand": "Greenway",
    "thumbNail": "https://static.colruytgroup.com/images/200x200/std.lang.all/55/63/asset-3315563.jpg",
    "fullImage": "https://static.colruytgroup.com/images/500x500/std.lang.all/55/63/asset-3315563.jpg",
    "squareImage": "https://static.colruytgroup.com/images/500x500sq/std.lang.all/55/63/asset-3315563.jpg",
    "content": "170g",
    "walkRouteSequenceNumber": 7580,
    "price": {
      "basicPrice": 3.79,
      "recommendedQuantity": "1.0",
      "measurementUnitPrice": 22.3,
      "measurementUnit": "K",
      "isRedPrice": false,
      "pricePerUOM": 22.3,
      "activationDate": "02-01-2024",
      "isPromoActive": "N",
      "priceChangeCode": "E"
    },
    "isAvailable": true,
    "isPriceAvailable": true,
    "inPromo": true,
    "promotion": [
      {
        "techPromoId": "100871COLR",
        "promotionId": "100871",
        "promotionType": "4",
        "isPersonalized": "N",
        "publicationStartDate": "13-03-2024",
        "publicationEndDate": "26-03-2024"
      }
    ],
    "gtin": [
      "05414880002651"
    ],
    "topCategoryName": "Bereidingen/Charcuterie/Vis/Veggie",
    "topCategoryId": "105",
    "businessDomain": "RETAIL_BE",
    "IsPrivateLabel": false,
    "IsBiffe": false,
    "WeightconversionFactor": "0",
    "IsWeightArticle": false,
    "nutriscoreLabel": "A",
    "IsBio": false,
    "CountryOfOrigin": "BELGIË",
    "IsExclusivelySoldInLuxembourg": false,
    "OrderUnit": "P",
    "ShortName": "GREE BURGER SP./KA.170G",
    "IsNew": false,
    "EcoscoreLabel": "A",
    "RecentQuanityOfStockUnits": "1",
    "LongName": "GREENWAY spinazie/kaas 170g",
    "FicCode": "E",
    "EcoscoreValue": "85"
  },
  {
    "productId": "769911",
    "technicalArticleNumber": "4556718",
    "commercialArticleNumber": "21796",
    "name": "Zalmsalade Belle Vue",
    "brand": "BONI",
    "seoBrand": "Boni Selection",
    "thumbNail": "https://static.colruytgroup.com/images/200x200/std.lang.all/46/31/asset-2754631.jpg",
    "fullImage": "https://static.colruytgroup.com/images/500x500/std.lang.all/46/31/asset-2754631.jpg",
    "squareImage": "https://static.colruytgroup.com/images/500x500sq/std.lang.all/46/31/asset-2754631.jpg",
    "content": "160g",
    "walkRouteSequenceNumber": 7920,
    "price": {
      "basicPrice": 3.19,
      "recommendedQuantity": "1.0",
      "quantityPrice": 2.65,
      "quantityPriceQuantity": "2.0",
      "measurementUnitPrice": 19.94,
      "measurementUnitQuantityPrice": 16.57,
      "measurementUnit": "K",
      "isRedPrice": false,
      "pricePerUOM": 19.94,
      "activationDate": "13-03-2024",
      "recordSource": "Offline",
      "isPromoActive": "N",
      "priceChangeCode": "E",
      "quantityPricePerUOM": 16.57,
      "quantityActivationDate": "13-03-2024",
      "quantityPriceChangeCode": "H"
    },
    "isAvailable": true,
    "isPriceAvailable": true,
    "inPromo": false,
    "gtin": [
      "05400141791860"
    ],
    "topCategoryName": "Bereidingen/Charcuterie/Vis/Veggie",
    "topCategoryId": "105",
    "businessDomain": "RETAIL_BE",
    "IsPrivateLabel": true,
    "IsBiffe": false,
    "WeightconversionFactor": "0",
    "IsWeightArticle": false,
    "nutriscoreLabel": "D",
    "IsBio": false,
    "CountryOfOrigin": "BELGIË",
    "IsExclusivelySoldInLuxembourg": false,
    "OrderUnit": "P",
    "ShortName": "BONI ZALMSALADE 160G",
    "InSeason": true,
    "IsNew": false,
    "EcoscoreLabel": "E",
    "RecentQuanityOfStockUnits": "1",
    "LongName": "BONI Zalmsalade Belle Vue 160g",
    "StartSeasonDate": "15/02/2024",
    "FicCode": "I",
    "EcoscoreValue": "16"
  },
  {
    "productId": "971112",
    "technicalArticleNumber": "4775383",
    "commercialArticleNumber": "1146",
    "name": "Pulled spicy herbs",
    "brand": "PLANTED",
    "seoBrand": "Planted",
    "thumbNail": "https://static.colruytgroup.com/images/200x200/std.lang.all/49/78/asset-3384978.jpg",
    "fullImage": "https://static.colruytgroup.com/images/500x500/std.lang.all/49/78/asset-3384978.jpg",
    "squareImage": "https://static.colruytgroup.com/images/500x500sq/std.lang.all/49/78/asset-3384978.jpg",
    "content": "160g",
    "walkRouteSequenceNumber": 7635,
    "price": {
      "basicPrice": 3.89,
      "recommendedQuantity": "1.0",
      "measurementUnitPrice": 24.32,
      "measurementUnit": "K",
      "isRedPrice": false,
      "pricePerUOM": 24.32,
      "activationDate": "04-01-2024",
      "isPromoActive": "N",
      "priceChangeCode": "H"
    },
    "isAvailable": true,
    "isPriceAvailable": true,
    "inPromo": false,
    "gtin": [
      "07630294501575"
    ],
    "topCategoryName": "Bereidingen/Charcuterie/Vis/Veggie",
    "topCategoryId": "105",
    "businessDomain": "RETAIL_BE",
    "IsPrivateLabel": false,
    "IsBiffe": false,
    "WeightconversionFactor": "0",
    "IsWeightArticle": false,
    "IsBio": false,
    "CountryOfOrigin": "ZWITSERLAND",
    "IsExclusivelySoldInLuxembourg": false,
    "OrderUnit": "P",
    "ShortName": "PLAN PU.SPICY HERBS160G",
    "IsNew": false,
    "RecentQuanityOfStockUnits": "1",
    "LongName": "PLANTED Pulled spicy herbs 160g",
    "FicCode": "E"
  },
  {
    "productId": "629643",
    "technicalArticleNumber": "4314856",
    "commercialArticleNumber": "23828",
    "name": "Mosselen tartaar",
    "brand": "BONI",
    "seoBrand": "Boni Selection",
    "thumbNail": "https://static.colruytgroup.com/images/200x200/std.lang.all/96/58/asset-2379658.jpg",
    "fullImage": "https://static.colruytgroup.com/images/500x500/std.lang.all/96/58/asset-2379658.jpg",
    "squareImage": "https://static.colruytgroup.com/images/500x500sq/std.lang.all/96/58/asset-2379658.jpg",
    "content": "100g",
    "walkRouteSequenceNumber": 6711,
    "price": {
      "basicPrice": 2.89,
      "recommendedQuantity": "1.0",
      "measurementUnitPrice": 28.9,
      "measurementUnit": "K",
      "isRedPrice": false,
      "pricePerUOM": 28.9,
      "activationDate": "04-11-2022",
      "isPromoActive": "N",
      "priceChangeCode": "E"
    },
    "isAvailable": true,
    "isPriceAvailable": true,
    "inPromo": false,
    "gtin": [
      "15400141449539",
      "05400141449532",
      "05400141766172"
    ],
    "topCategoryName": "Bereidingen/Charcuterie/Vis/Veggie",
    "topCategoryId": "105",
    "businessDomain": "RETAIL_BE",
    "IsPrivateLabel": true,
    "IsBiffe": false,
    "WeightconversionFactor": "0",
    "IsWeightArticle": false,
    "nutriscoreLabel": "B",
    "IsBio": false,
    "CountryOfOrigin": "BELGIË",
    "IsExclusivelySoldInLuxembourg": false,
    "OrderUnit": "P",
    "ShortName": "BONI MOSSEL TARTAAR100G",
    "IsNew": false,
    "EcoscoreLabel": "B",
    "RecentQuanityOfStockUnits": "1",
    "LongName": "BONI Mosselen tartaar 100g",
    "FicCode": "I",
    "EcoscoreValue": "69"
  },
  {
    "productId": "69836",
    "technicalArticleNumber": "2836840",
    "commercialArticleNumber": "9278",
    "name": "eendenlever blok",
    "description": "*Frankrijk",
    "brand": "MAISTRES OCCITANS",
    "seoBrand": "Maistres Occitans",
    "thumbNail": "https://static.colruytgroup.com/images/200x200/nl_be/42/88/asset-1344288.jpg",
    "fullImage": "https://static.colruytgroup.com/images/500x500/nl_be/42/88/asset-1344288.jpg",
    "squareImage": "https://static.colruytgroup.com/images/500x500sq/nl_be/42/88/asset-1344288.jpg",
    "content": "230g",
    "walkRouteSequenceNumber": 7703,
    "price": {
      "basicPrice": 22,
      "recommendedQuantity": "1.0",
      "measurementUnitPrice": 95.66,
      "measurementUnit": "K",
      "isRedPrice": false,
      "pricePerUOM": 95.66,
      "activationDate": "02-01-2024",
      "recordSource": "Offline",
      "isPromoActive": "N",
      "priceChangeCode": "H"
    },
    "isAvailable": true,
    "isPriceAvailable": true,
    "inPromo": false,
    "gtin": [
      "03443705059763",
      "13443705039106",
      "03443705039109"
    ],
    "topCategoryName": "Bereidingen/Charcuterie/Vis/Veggie",
    "topCategoryId": "105",
    "businessDomain": "RETAIL_BE",
    "IsPrivateLabel": false,
    "IsBiffe": false,
    "WeightconversionFactor": "0",
    "IsWeightArticle": false,
    "nutriscoreLabel": "E",
    "IsBio": false,
    "CountryOfOrigin": "BELGIË",
    "IsExclusivelySoldInLuxembourg": false,
    "OrderUnit": "P",
    "ShortName": "MO EENDENLEVER 230GR",
    "IsNew": false,
    "EcoscoreLabel": "E",
    "RecentQuanityOfStockUnits": "1",
    "LongName": "MAISTRES OCCITANS eendenlever blok 230g",
    "AlcoholVolume": "0",
    "FicCode": "E",
    "EcoscoreValue": "5"
  },
  {
    "productId": "55306",
    "technicalArticleNumber": "2266778",
    "commercialArticleNumber": "5489",
    "name": "eendenlever blok",
    "description": "*Frankrijk\n*Voorgerecht,\naperitief",
    "brand": "MAISTRES OCCITANS",
    "seoBrand": "Maistres Occitans",
    "thumbNail": "https://static.colruytgroup.com/images/200x200/std.lang.all/07/78/asset-360778.jpg",
    "fullImage": "https://static.colruytgroup.com/images/500x500/std.lang.all/07/78/asset-360778.jpg",
    "squareImage": "https://static.colruytgroup.com/images/500x500sq/std.lang.all/07/78/asset-360778.jpg",
    "content": "2x40g",
    "walkRouteSequenceNumber": 7704,
    "price": {
      "basicPrice": 12.85,
      "recommendedQuantity": "1.0",
      "measurementUnitPrice": 160.63,
      "measurementUnit": "K",
      "isRedPrice": false,
      "pricePerUOM": 160.63,
      "activationDate": "12-03-2024",
      "isPromoActive": "N",
      "priceChangeCode": "E"
    },
    "isAvailable": true,
    "isPriceAvailable": true,
    "inPromo": false,
    "gtin": [
      "13443705022689",
      "03443705022682"
    ],
    "topCategoryName": "Bereidingen/Charcuterie/Vis/Veggie",
    "topCategoryId": "105",
    "businessDomain": "RETAIL_BE",
    "IsPrivateLabel": false,
    "IsBiffe": false,
    "WeightconversionFactor": "0",
    "IsWeightArticle": false,
    "nutriscoreLabel": "E",
    "IsBio": false,
    "CountryOfOrigin": "BELGIË",
    "IsExclusivelySoldInLuxembourg": false,
    "OrderUnit": "P",
    "ShortName": "MO EENDELEVER 2X40G",
    "IsNew": false,
    "EcoscoreLabel": "E",
    "RecentQuanityOfStockUnits": "1",
    "LongName": "MAISTRES OCCITANS eendenlever blok 2x40g",
    "AlcoholVolume": "0",
    "FicCode": "E",
    "EcoscoreValue": "5"
  },
  {
    "productId": "739645",
    "technicalArticleNumber": "4503570",
    "commercialArticleNumber": "18628",
    "name": "mini pizza 8st",
    "brand": "BONI",
    "seoBrand": "Boni Selection",
    "thumbNail": "https://static.colruytgroup.com/images/200x200/std.lang.all/40/42/asset-3364042.jpg",
    "fullImage": "https://static.colruytgroup.com/images/500x500/std.lang.all/40/42/asset-3364042.jpg",
    "squareImage": "https://static.colruytgroup.com/images/500x500sq/std.lang.all/40/42/asset-3364042.jpg",
    "content": "200g",
    "walkRouteSequenceNumber": 7524,
    "price": {
      "basicPrice": 6,
      "recommendedQuantity": "1.0",
      "quantityPrice": 4.5,
      "quantityPriceQuantity": "2.0",
      "measurementUnitPrice": 30,
      "measurementUnitQuantityPrice": 22.5,
      "measurementUnit": "K",
      "isRedPrice": false,
      "pricePerUOM": 30,
      "activationDate": "20-03-2024",
      "recordSource": "Offline",
      "isPromoActive": "N",
      "priceChangeCode": "E",
      "quantityPricePerUOM": 22.5,
      "quantityActivationDate": "20-03-2024",
      "quantityPriceChangeCode": "E"
    },
    "isAvailable": true,
    "isPriceAvailable": true,
    "inPromo": false,
    "gtin": [
      "05400141654516",
      "05400141705218"
    ],
    "topCategoryName": "Bereidingen/Charcuterie/Vis/Veggie",
    "topCategoryId": "105",
    "businessDomain": "RETAIL_BE",
    "IsPrivateLabel": true,
    "IsBiffe": false,
    "WeightconversionFactor": "0",
    "IsWeightArticle": false,
    "nutriscoreLabel": "D",
    "IsBio": false,
    "CountryOfOrigin": "BELGIË",
    "IsExclusivelySoldInLuxembourg": false,
    "OrderUnit": "P",
    "ShortName": "BONI MINI PIZZA 8ST",
    "InSeason": true,
    "IsNew": false,
    "EcoscoreLabel": "C",
    "RecentQuanityOfStockUnits": "1",
    "LongName": "BONI mini pizza 8st 200g",
    "StartSeasonDate": "16/09/2022",
    "FicCode": "I",
    "EcoscoreValue": "43"
  },
  {
    "productId": "1024167",
    "technicalArticleNumber": "4791215",
    "commercialArticleNumber": "33464",
    "name": "Gouda Schnitzel",
    "brand": "VALESS",
    "seoBrand": "Valess",
    "thumbNail": "https://static.colruytgroup.com/images/200x200/std.lang.all/03/41/asset-3430341.jpg",
    "fullImage": "https://static.colruytgroup.com/images/500x500/std.lang.all/03/41/asset-3430341.jpg",
    "squareImage": "https://static.colruytgroup.com/images/500x500sq/std.lang.all/03/41/asset-3430341.jpg",
    "content": "2x90g",
    "walkRouteSequenceNumber": 7930,
    "price": {
      "basicPrice": 3.79,
      "recommendedQuantity": "1.0",
      "measurementUnitPrice": 21.06,
      "measurementUnit": "K",
      "isRedPrice": false,
      "pricePerUOM": 21.06,
      "activationDate": "23-03-2024",
      "recordSource": "Offline",
      "isPromoActive": "N",
      "priceChangeCode": "H"
    },
    "isAvailable": true,
    "isPriceAvailable": true,
    "inPromo": false,
    "gtin": [
      "05410438042810"
    ],
    "topCategoryName": "Bereidingen/Charcuterie/Vis/Veggie",
    "topCategoryId": "105",
    "businessDomain": "RETAIL_BE",
    "IsPrivateLabel": false,
    "IsBiffe": false,
    "WeightconversionFactor": "0",
    "IsWeightArticle": false,
    "nutriscoreLabel": "B",
    "IsBio": false,
    "CountryOfOrigin": "NEDERLAND",
    "IsExclusivelySoldInLuxembourg": false,
    "OrderUnit": "P",
    "ShortName": "VALE GOUDASCHNITZ.2X90G",
    "IsNew": true,
    "EcoscoreLabel": "B",
    "RecentQuanityOfStockUnits": "1",
    "LongName": "VALESS Gouda Schnitzel 2x90g",
    "FicCode": "E",
    "EcoscoreValue": "68"
  },
  {
    "productId": "1035947",
    "technicalArticleNumber": "4795978",
    "commercialArticleNumber": "35867",
    "name": "Smeersalade Sweet Chili",
    "description": "*Smeersalade",
    "brand": "BONI",
    "seoBrand": "Boni Selection",
    "thumbNail": "https://ecgproductmw.colruytgroup.com/ecgproductmw/noPicForArticle_2.jpg",
    "fullImage": "https://ecgproductmw.colruytgroup.com/ecgproductmw/noPicForArticle_5.jpg",
    "squareImage": "https://ecgproductmw.colruytgroup.com/ecgproductmw/noPicForArticle_5.jpg",
    "content": "160g",
    "walkRouteSequenceNumber": 7919,
    "price": {
      "basicPrice": 2.35,
      "recommendedQuantity": "1.0",
      "measurementUnitPrice": 14.69,
      "measurementUnit": "K",
      "isRedPrice": false,
      "pricePerUOM": 14.69,
      "activationDate": "17-02-2024",
      "isPromoActive": "N",
      "priceChangeCode": "E"
    },
    "isAvailable": true,
    "isPriceAvailable": true,
    "inPromo": false,
    "topCategoryName": "Bereidingen/Charcuterie/Vis/Veggie",
    "topCategoryId": "105",
    "businessDomain": "RETAIL_BE",
    "IsPrivateLabel": true,
    "IsBiffe": false,
    "WeightconversionFactor": "0",
    "IsWeightArticle": false,
    "IsBio": false,
    "CountryOfOrigin": "BELGIË",
    "IsExclusivelySoldInLuxembourg": false,
    "OrderUnit": "P",
    "ShortName": "BONI KIPSAL.SWE CHI160G",
    "IsNew": true,
    "RecentQuanityOfStockUnits": "1",
    "LongName": "BONI Smeersalade Sweet Chili 160g",
    "FicCode": "I"
  },
  {
    "productId": "703333",
    "technicalArticleNumber": "4437534",
    "commercialArticleNumber": "20988",
    "name": "hangcultuur royal",
    "description": "*Hangcultuur uit\nDenemarken",
    "brand": "DELTA",
    "seoBrand": "Delta Mossel",
    "thumbNail": "https://static.colruytgroup.com/images/200x200/std.lang.all/04/11/asset-2420411.jpg",
    "fullImage": "https://static.colruytgroup.com/images/500x500/std.lang.all/04/11/asset-2420411.jpg",
    "squareImage": "https://static.colruytgroup.com/images/500x500sq/std.lang.all/04/11/asset-2420411.jpg",
    "content": "2kg",
    "walkRouteSequenceNumber": 7552,
    "price": {
      "basicPrice": 9.95,
      "recommendedQuantity": "1.0",
      "measurementUnitPrice": 4.98,
      "measurementUnit": "K",
      "isRedPrice": false,
      "pricePerUOM": 4.98,
      "activationDate": "11-07-2023",
      "isPromoActive": "N",
      "priceChangeCode": "H"
    },
    "isAvailable": true,
    "isPriceAvailable": true,
    "inPromo": false,
    "gtin": [
      "08712169202424",
      "18712169202421"
    ],
    "topCategoryName": "Bereidingen/Charcuterie/Vis/Veggie",
    "topCategoryId": "105",
    "businessDomain": "RETAIL_BE",
    "IsPrivateLabel": false,
    "IsBiffe": false,
    "WeightconversionFactor": "0",
    "IsWeightArticle": false,
    "IsBio": false,
    "CountryOfOrigin": "NEDERLAND",
    "IsExclusivelySoldInLuxembourg": false,
    "OrderUnit": "P",
    "ShortName": "DELT MOSSEL HANG.ROY2KG",
    "InSeason": true,
    "IsNew": false,
    "EcoscoreLabel": "D",
    "RecentQuanityOfStockUnits": "1",
    "LongName": "DELTA hangcultuur royal 2kg",
    "StartSeasonDate": "04/03/2024",
    "FicCode": "E",
    "EcoscoreValue": "37"
  },
  {
    "productId": "687353",
    "technicalArticleNumber": "4411427",
    "commercialArticleNumber": "25445",
    "name": "zeewolf haasje MSC",
    "description": "*MSC\n*Verse vis",
    "brand": "BONI",
    "seoBrand": "Boni Selection",
    "thumbNail": "https://static.colruytgroup.com/images/200x200/std.lang.all/62/68/asset-3456268.jpg",
    "fullImage": "https://static.colruytgroup.com/images/500x500/std.lang.all/62/68/asset-3456268.jpg",
    "squareImage": "https://static.colruytgroup.com/images/500x500sq/std.lang.all/62/68/asset-3456268.jpg",
    "content": "±250g",
    "walkRouteSequenceNumber": 7551,
    "price": {
      "basicPrice": 32.95,
      "recommendedQuantity": "1.0",
      "unit": "K",
      "measurementUnitPrice": 32.95,
      "measurementUnit": "K",
      "isRedPrice": false,
      "pricePerUOM": 32.95,
      "activationDate": "13-03-2024",
      "isPromoActive": "N",
      "priceChangeCode": "H"
    },
    "isAvailable": true,
    "isPriceAvailable": true,
    "inPromo": false,
    "gtin": [
      "05400141701241",
      "95400141701244"
    ],
    "topCategoryName": "Bereidingen/Charcuterie/Vis/Veggie",
    "topCategoryId": "105",
    "businessDomain": "RETAIL_BE",
    "IsPrivateLabel": true,
    "IsBiffe": false,
    "WeightconversionFactor": "250",
    "IsWeightArticle": true,
    "nutriscoreLabel": "A",
    "IsBio": false,
    "CountryOfOrigin": "BELGIË",
    "IsExclusivelySoldInLuxembourg": false,
    "OrderUnit": "P",
    "ShortName": "BONI ZEEWO.HAASJ+-250GW",
    "InSeason": true,
    "IsNew": false,
    "RecentQuanityOfStockUnits": "1",
    "LongName": "BONI zeewolf haasje MSC ±250g",
    "StartSeasonDate": "04/03/2024",
    "FicCode": "I"
  },
  {
    "productId": "762316",
    "technicalArticleNumber": "4541746",
    "commercialArticleNumber": "3426",
    "name": "Ovenkaasballetjes",
    "brand": "BONI",
    "seoBrand": "Boni Selection",
    "thumbNail": "https://static.colruytgroup.com/images/200x200/std.lang.all/24/10/asset-2812410.jpg",
    "fullImage": "https://static.colruytgroup.com/images/500x500/std.lang.all/24/10/asset-2812410.jpg",
    "squareImage": "https://static.colruytgroup.com/images/500x500sq/std.lang.all/24/10/asset-2812410.jpg",
    "content": "8st",
    "walkRouteSequenceNumber": 7520,
    "price": {
      "basicPrice": 4.99,
      "recommendedQuantity": "1.0",
      "measurementUnitPrice": 25.99,
      "measurementUnit": "K",
      "isRedPrice": false,
      "pricePerUOM": 25.99,
      "activationDate": "02-01-2024",
      "isPromoActive": "N",
      "priceChangeCode": "H"
    },
    "isAvailable": true,
    "isPriceAvailable": true,
    "inPromo": false,
    "gtin": [
      "15400141740650",
      "05400141740653"
    ],
    "topCategoryName": "Bereidingen/Charcuterie/Vis/Veggie",
    "topCategoryId": "105",
    "businessDomain": "RETAIL_BE",
    "IsPrivateLabel": true,
    "IsBiffe": false,
    "WeightconversionFactor": "0",
    "IsWeightArticle": false,
    "nutriscoreLabel": "D",
    "IsBio": false,
    "CountryOfOrigin": "NEDERLAND",
    "IsExclusivelySoldInLuxembourg": false,
    "OrderUnit": "P",
    "ShortName": "BONI KAASBALTJ.OV8ST",
    "InSeason": true,
    "IsNew": false,
    "EcoscoreLabel": "C",
    "RecentQuanityOfStockUnits": "1",
    "LongName": "BONI Ovenkaasballetjes 8st",
    "StartSeasonDate": "07/03/2024",
    "FicCode": "I",
    "EcoscoreValue": "46"
  },
  {
    "productId": "634494",
    "technicalArticleNumber": "4323076",
    "commercialArticleNumber": "16104",
    "name": "Bruchetta mix",
    "description": "*In de oven",
    "brand": "BONI",
    "seoBrand": "Boni Selection",
    "thumbNail": "https://static.colruytgroup.com/images/200x200/std.lang.all/24/27/asset-2952427.jpg",
    "fullImage": "https://static.colruytgroup.com/images/500x500/std.lang.all/24/27/asset-2952427.jpg",
    "squareImage": "https://static.colruytgroup.com/images/500x500sq/std.lang.all/24/27/asset-2952427.jpg",
    "content": "250g",
    "walkRouteSequenceNumber": 7519,
    "price": {
      "basicPrice": 8.99,
      "recommendedQuantity": "1.0",
      "measurementUnitPrice": 35.96,
      "measurementUnit": "K",
      "isRedPrice": false,
      "pricePerUOM": 35.96,
      "activationDate": "02-01-2024",
      "isPromoActive": "N",
      "priceChangeCode": "H"
    },
    "isAvailable": true,
    "isPriceAvailable": true,
    "inPromo": false,
    "gtin": [
      "05400141705164",
      "05400141778243",
      "15400141617693",
      "05400141617696"
    ],
    "topCategoryName": "Bereidingen/Charcuterie/Vis/Veggie",
    "topCategoryId": "105",
    "businessDomain": "RETAIL_BE",
    "IsPrivateLabel": true,
    "IsBiffe": false,
    "WeightconversionFactor": "0",
    "IsWeightArticle": false,
    "nutriscoreLabel": "D",
    "IsBio": false,
    "CountryOfOrigin": "BELGIË",
    "IsExclusivelySoldInLuxembourg": false,
    "OrderUnit": "P",
    "ShortName": "BONI BRUCHETTA MIX 250G",
    "InSeason": true,
    "IsNew": false,
    "EcoscoreLabel": "B",
    "RecentQuanityOfStockUnits": "1",
    "LongName": "BONI Bruchetta mix 250g",
    "StartSeasonDate": "07/03/2024",
    "FicCode": "I",
    "EcoscoreValue": "74"
  },
  {
    "productId": "263479",
    "technicalArticleNumber": "3592667",
    "commercialArticleNumber": "27443",
    "name": "Gevogelte balletjes groenten",
    "description": "mini kippeballetjes met groenten",
    "brand": "BONI",
    "seoBrand": "Boni Selection",
    "thumbNail": "https://static.colruytgroup.com/images/200x200/std.lang.all/63/17/asset-2486317.jpg",
    "fullImage": "https://static.colruytgroup.com/images/500x500/std.lang.all/63/17/asset-2486317.jpg",
    "squareImage": "https://static.colruytgroup.com/images/500x500sq/std.lang.all/63/17/asset-2486317.jpg",
    "content": "150g",
    "walkRouteSequenceNumber": 6706,
    "price": {
      "basicPrice": 2.29,
      "recommendedQuantity": "1.0",
      "measurementUnitPrice": 15.27,
      "measurementUnit": "K",
      "isRedPrice": false,
      "pricePerUOM": 15.27,
      "activationDate": "02-11-2022",
      "isPromoActive": "N",
      "priceChangeCode": "E"
    },
    "isAvailable": true,
    "isPriceAvailable": true,
    "inPromo": false,
    "gtin": [
      "05400141372359",
      "05400141323085",
      "15400141856177"
    ],
    "topCategoryName": "Bereidingen/Charcuterie/Vis/Veggie",
    "topCategoryId": "105",
    "businessDomain": "RETAIL_BE",
    "IsPrivateLabel": true,
    "IsBiffe": false,
    "WeightconversionFactor": "0",
    "IsWeightArticle": false,
    "nutriscoreLabel": "D",
    "IsBio": false,
    "CountryOfOrigin": "BELGIË",
    "IsExclusivelySoldInLuxembourg": false,
    "OrderUnit": "P",
    "ShortName": "BONI GEVBALLETJE GROENT",
    "IsNew": false,
    "EcoscoreLabel": "D",
    "RecentQuanityOfStockUnits": "1",
    "LongName": "BONI Gevogelte balletjes groenten 150g",
    "AlcoholVolume": "0",
    "FicCode": "I",
    "EcoscoreValue": "21"
  }
]