[
  {
    "productId": "10926",
    "technicalArticleNumber": "1367291",
    "commercialArticleNumber": "29916",
    "name": "sandwiches met boter",
    "description": "*Met 3 % boter",
    "brand": "EVERYDAY",
    "seoBrand": "Everyday",
    "thumbNail": "https://static.colruytgroup.com/images/200x200/std.lang.all/11/61/asset-3361161.jpg",
    "fullImage": "https://static.colruytgroup.com/images/500x500/std.lang.all/11/61/asset-3361161.jpg",
    "squareImage": "https://static.colruytgroup.com/images/500x500sq/std.lang.all/11/61/asset-3361161.jpg",
    "content": "10st",
    "walkRouteSequenceNumber": 6593,
    "price": {
      "basicPrice": 0.992,
      "recommendedQuantity": "1.0",
      "measurementUnitPrice": 2.21,
      "measurementUnit": "K",
      "isRedPrice": false,
      "pricePerUOM": 2.21,
      "activationDate": "20-03-2024",
      "recordSource": "Folder",
      "isPromoActive": "N",
      "priceChangeCode": "L"
    },
    "isAvailable": true,
    "isPriceAvailable": true,
    "inPromo": false,
    "gtin": [
      "15400141958291",
      "05400141032833",
      "05400141563146",
      "05400141099591",
      "15400141299165",
      "15400141563143"
    ],
    "topCategoryName": "Brood/Ontbijt",
    "topCategoryId": "124",
    "businessDomain": "RETAIL_BE",
    "IsPrivateLabel": true,
    "IsBiffe": false,
    "WeightconversionFactor": "0",
    "IsWeightArticle": false,
    "nutriscoreLabel": "D",
    "IsBio": false,
    "CountryOfOrigin": "BELGIË",
    "IsExclusivelySoldInLuxembourg": false,
    "OrderUnit": "P",
    "ShortName": "EVD 10 SANDWICH 450GR",
    "IsNew": false,
    "EcoscoreLabel": "B",
    "RecentQuanityOfStockUnits": "8,1",
    "LongName": "EVERYDAY sandwiches met boter 10st",
    "AlcoholVolume": "0",
    "FicCode": "I",
    "EcoscoreValue": "77"
  },
  {
    "productId": "198179",
    "technicalArticleNumber": "3437436",
    "commercialArticleNumber": "50128",
    "name": "wraps 6st",
    "brand": "BONI",
    "seoBrand": "Boni Selection",
    "thumbNail": "https://static.colruytgroup.com/images/200x200/std.lang.all/96/04/asset-2759604.jpg",
    "fullImage": "https://static.colruytgroup.com/images/500x500/std.lang.all/96/04/asset-2759604.jpg",
    "squareImage": "https://static.colruytgroup.com/images/500x500sq/std.lang.all/96/04/asset-2759604.jpg",
    "content": "370g",
    "walkRouteSequenceNumber": 8624,
    "price": {
      "basicPrice": 1.39,
      "recommendedQuantity": "1.0",
      "measurementUnitPrice": 3.76,
      "measurementUnit": "K",
      "isRedPrice": false,
      "pricePerUOM": 3.76,
      "activationDate": "17-02-2024",
      "recordSource": "Offline",
      "isPromoActive": "N",
      "priceChangeCode": "E"
    },
    "isAvailable": true,
    "isPriceAvailable": true,
    "inPromo": false,
    "gtin": [
      "15400141939313",
      "05400141939316",
      "15400141292791",
      "05400141355871",
      "05400141431728",
      "15400141431725",
      "05400141292794"
    ],
    "topCategoryName": "Brood/Ontbijt",
    "topCategoryId": "124",
    "businessDomain": "RETAIL_BE",
    "IsPrivateLabel": true,
    "IsBiffe": false,
    "WeightconversionFactor": "0",
    "IsWeightArticle": false,
    "nutriscoreLabel": "C",
    "IsBio": false,
    "CountryOfOrigin": "BELGIË",
    "IsExclusivelySoldInLuxembourg": false,
    "OrderUnit": "P",
    "ShortName": "BONI 6 WRAPS 370 G",
    "IsNew": false,
    "EcoscoreLabel": "B",
    "RecentQuanityOfStockUnits": "14,1",
    "LongName": "BONI wraps 6st 370g",
    "AlcoholVolume": "0",
    "FicCode": "I",
    "EcoscoreValue": "73"
  },
  {
    "productId": "31439",
    "technicalArticleNumber": "1663306",
    "commercialArticleNumber": "32239",
    "name": "toastbrood",
    "description": "*Gesneden toastbrood",
    "brand": "BONI",
    "seoBrand": "Boni Selection",
    "thumbNail": "https://static.colruytgroup.com/images/200x200/std.lang.all/85/59/asset-3228559.jpg",
    "fullImage": "https://static.colruytgroup.com/images/500x500/std.lang.all/85/59/asset-3228559.jpg",
    "squareImage": "https://static.colruytgroup.com/images/500x500sq/std.lang.all/85/59/asset-3228559.jpg",
    "content": "500g",
    "walkRouteSequenceNumber": 9744,
    "price": {
      "basicPrice": 1.19,
      "recommendedQuantity": "1.0",
      "measurementUnitPrice": 2.38,
      "measurementUnit": "K",
      "isRedPrice": false,
      "pricePerUOM": 2.38,
      "activationDate": "07-03-2024",
      "recordSource": "Offline",
      "isPromoActive": "N",
      "priceChangeCode": "H"
    },
    "isAvailable": true,
    "isPriceAvailable": true,
    "inPromo": false,
    "gtin": [
      "15400141605362",
      "15400141919865",
      "05400141001792",
      "15400141001799",
      "05400141605365"
    ],
    "topCategoryName": "Brood/Ontbijt",
    "topCategoryId": "124",
    "businessDomain": "RETAIL_BE",
    "IsPrivateLabel": true,
    "IsBiffe": false,
    "WeightconversionFactor": "0",
    "IsWeightArticle": false,
    "nutriscoreLabel": "A",
    "IsBio": false,
    "CountryOfOrigin": "BELGIË",
    "IsExclusivelySoldInLuxembourg": false,
    "OrderUnit": "P",
    "ShortName": "BONI PAIN DE MIE 500",
    "IsNew": false,
    "EcoscoreLabel": "A",
    "RecentQuanityOfStockUnits": "1,8",
    "LongName": "BONI toastbrood 500g",
    "AlcoholVolume": "0",
    "FicCode": "I",
    "EcoscoreValue": "81"
  },
  {
    "productId": "659114",
    "technicalArticleNumber": "4361782",
    "commercialArticleNumber": "24046",
    "name": "1/2 wit stokbrood",
    "description": "*10-12 minuten in\nde oven",
    "brand": "EVERYDAY",
    "seoBrand": "Everyday",
    "thumbNail": "https://static.colruytgroup.com/images/200x200/std.lang.all/78/78/asset-2787878.jpg",
    "fullImage": "https://static.colruytgroup.com/images/500x500/std.lang.all/78/78/asset-2787878.jpg",
    "squareImage": "https://static.colruytgroup.com/images/500x500sq/std.lang.all/78/78/asset-2787878.jpg",
    "content": "4x150g",
    "walkRouteSequenceNumber": 6569,
    "price": {
      "basicPrice": 1.18,
      "recommendedQuantity": "1.0",
      "measurementUnitPrice": 1.97,
      "measurementUnit": "K",
      "isRedPrice": false,
      "pricePerUOM": 1.97,
      "activationDate": "02-03-2024",
      "recordSource": "Offline",
      "isPromoActive": "N",
      "priceChangeCode": "H"
    },
    "isAvailable": true,
    "isPriceAvailable": true,
    "inPromo": false,
    "gtin": [
      "15400141938002",
      "15400141962687",
      "05400141962680",
      "05400141938005"
    ],
    "topCategoryName": "Brood/Ontbijt",
    "topCategoryId": "124",
    "businessDomain": "RETAIL_BE",
    "IsPrivateLabel": true,
    "IsBiffe": false,
    "WeightconversionFactor": "0",
    "IsWeightArticle": false,
    "nutriscoreLabel": "C",
    "IsBio": false,
    "CountryOfOrigin": "FRANKRIJK",
    "IsExclusivelySoldInLuxembourg": false,
    "OrderUnit": "P",
    "ShortName": "EVD 1/2 BAGUET 4X150G",
    "IsNew": false,
    "EcoscoreLabel": "B",
    "RecentQuanityOfStockUnits": "11,11,1,1",
    "LongName": "EVERYDAY 1/2 wit stokbrood 4x150g",
    "FicCode": "I",
    "EcoscoreValue": "77"
  },
  {
    "productId": "151633",
    "technicalArticleNumber": "3321704",
    "commercialArticleNumber": "7657",
    "name": "sandwiches met boter 8st",
    "brand": "BONI",
    "seoBrand": "Boni Selection",
    "thumbNail": "https://static.colruytgroup.com/images/200x200/std.lang.all/88/26/asset-2458826.jpg",
    "fullImage": "https://static.colruytgroup.com/images/500x500/std.lang.all/88/26/asset-2458826.jpg",
    "squareImage": "https://static.colruytgroup.com/images/500x500sq/std.lang.all/88/26/asset-2458826.jpg",
    "content": "360g",
    "walkRouteSequenceNumber": 6592,
    "price": {
      "basicPrice": 2.19,
      "recommendedQuantity": "1.0",
      "measurementUnitPrice": 6.09,
      "measurementUnit": "K",
      "isRedPrice": false,
      "pricePerUOM": 6.09,
      "activationDate": "11-03-2024",
      "recordSource": "Offline",
      "isPromoActive": "N",
      "priceChangeCode": "H"
    },
    "isAvailable": true,
    "isPriceAvailable": true,
    "inPromo": false,
    "gtin": [
      "05400141234572",
      "05400141262445",
      "05400141332353",
      "05400210125091",
      "05400141405712",
      "15400141905660"
    ],
    "topCategoryName": "Brood/Ontbijt",
    "topCategoryId": "124",
    "businessDomain": "RETAIL_BE",
    "IsPrivateLabel": true,
    "IsBiffe": false,
    "WeightconversionFactor": "0",
    "IsWeightArticle": false,
    "nutriscoreLabel": "D",
    "IsBio": false,
    "CountryOfOrigin": "BELGIË",
    "IsExclusivelySoldInLuxembourg": false,
    "OrderUnit": "P",
    "ShortName": "BONI SANDWICHE 8ST 360G",
    "IsNew": false,
    "EcoscoreLabel": "A",
    "RecentQuanityOfStockUnits": "1",
    "LongName": "BONI sandwiches met boter 8st 360g",
    "AlcoholVolume": "0",
    "FicCode": "I",
    "EcoscoreValue": "98"
  },
  {
    "productId": "121563",
    "technicalArticleNumber": "3029840",
    "commercialArticleNumber": "7383",
    "name": "bruin brood vierkant dagver",
    "description": "*Klassiek vierkant\nbruin brood, met\nzacht broodkruim en\ngoudbruine korst.",
    "thumbNail": "https://static.colruytgroup.com/images/200x200/std.lang.all/86/71/asset-368671.jpg",
    "fullImage": "https://static.colruytgroup.com/images/500x500/std.lang.all/86/71/asset-368671.jpg",
    "squareImage": "https://static.colruytgroup.com/images/500x500sq/std.lang.all/86/71/asset-368671.jpg",
    "content": "800g",
    "walkRouteSequenceNumber": 8042,
    "price": {
      "basicPrice": 1.49,
      "recommendedQuantity": "1.0",
      "measurementUnitPrice": 1.87,
      "measurementUnit": "K",
      "isRedPrice": false,
      "pricePerUOM": 1.87,
      "activationDate": "04-01-2024",
      "recordSource": "Offline",
      "isPromoActive": "N",
      "priceChangeCode": "E"
    },
    "isAvailable": true,
    "isPriceAvailable": true,
    "inPromo": false,
    "gtin": [
      "05400141380255"
    ],
    "topCategoryName": "Brood/Ontbijt",
    "topCategoryId": "124",
    "businessDomain": "RETAIL_BE",
    "IsPrivateLabel": false,
    "IsBiffe": false,
    "WeightconversionFactor": "0",
    "IsWeightArticle": false,
    "nutriscoreLabel": "C",
    "IsBio": false,
    "CountryOfOrigin": "BELGIË",
    "IsExclusivelySoldInLuxembourg": false,
    "OrderUnit": "P",
    "ShortName": "LANG GROF BR. 800G",
    "IsNew": false,
    "EcoscoreLabel": "B",
    "RecentQuanityOfStockUnits": "1,1,1",
    "LongName": "bruin brood vierkant dagver 800g",
    "AlcoholVolume": "0",
    "FicCode": "I",
    "EcoscoreValue": "77"
  },
  {
    "productId": "147714",
    "technicalArticleNumber": "3327296",
    "commercialArticleNumber": "42740",
    "name": "havermout",
    "description": "*Havervlokken",
    "brand": "EVERYDAY",
    "seoBrand": "Everyday",
    "thumbNail": "https://static.colruytgroup.com/images/200x200/std.lang.all/35/49/asset-2453549.jpg",
    "fullImage": "https://static.colruytgroup.com/images/500x500/std.lang.all/35/49/asset-2453549.jpg",
    "squareImage": "https://static.colruytgroup.com/images/500x500sq/std.lang.all/35/49/asset-2453549.jpg",
    "content": "500g",
    "walkRouteSequenceNumber": 17572,
    "price": {
      "basicPrice": 0.49,
      "recommendedQuantity": "1.0",
      "measurementUnitPrice": 0.98,
      "measurementUnit": "K",
      "isRedPrice": false,
      "pricePerUOM": 0.98,
      "activationDate": "27-11-2023",
      "recordSource": "Offline",
      "isPromoActive": "N",
      "priceChangeCode": "E"
    },
    "isAvailable": true,
    "isPriceAvailable": true,
    "inPromo": false,
    "gtin": [
      "05400141213393",
      "05400141226560",
      "15400141235095",
      "05414624076528",
      "05414624076542",
      "05400141235098",
      "15400141445517",
      "05400141445510"
    ],
    "topCategoryName": "Brood/Ontbijt",
    "topCategoryId": "124",
    "businessDomain": "RETAIL_BE",
    "IsPrivateLabel": true,
    "IsBiffe": false,
    "WeightconversionFactor": "0",
    "IsWeightArticle": false,
    "nutriscoreLabel": "A",
    "IsBio": false,
    "CountryOfOrigin": "DUITSLAND",
    "IsExclusivelySoldInLuxembourg": false,
    "OrderUnit": "P",
    "ShortName": "EVD HAVERMOUT 500G",
    "IsNew": false,
    "EcoscoreLabel": "A",
    "RecentQuanityOfStockUnits": "1,20,1,20",
    "LongName": "EVERYDAY havermout 500g",
    "AlcoholVolume": "0",
    "FicCode": "I",
    "EcoscoreValue": "81"
  },
  {
    "productId": "88306",
    "technicalArticleNumber": "3029207",
    "commercialArticleNumber": "7004",
    "name": "tijgerbrood wit dagvers",
    "description": "*Wit brood met zacht\nbroodkruim en een\ngevlekte, krokante\nkorst.",
    "thumbNail": "https://static.colruytgroup.com/images/200x200/std.lang.all/97/80/asset-369780.jpg",
    "fullImage": "https://static.colruytgroup.com/images/500x500/std.lang.all/97/80/asset-369780.jpg",
    "squareImage": "https://static.colruytgroup.com/images/500x500sq/std.lang.all/97/80/asset-369780.jpg",
    "content": "800g",
    "walkRouteSequenceNumber": 8049,
    "price": {
      "basicPrice": 2.19,
      "recommendedQuantity": "1.0",
      "measurementUnitPrice": 2.74,
      "measurementUnit": "K",
      "isRedPrice": false,
      "pricePerUOM": 2.74,
      "activationDate": "20-03-2024",
      "recordSource": "Offline",
      "isPromoActive": "N",
      "priceChangeCode": "E"
    },
    "isAvailable": true,
    "isPriceAvailable": true,
    "inPromo": false,
    "gtin": [
      "05400141094329",
      "05400141380361"
    ],
    "topCategoryName": "Brood/Ontbijt",
    "topCategoryId": "124",
    "businessDomain": "RETAIL_BE",
    "IsPrivateLabel": false,
    "IsBiffe": false,
    "WeightconversionFactor": "0",
    "IsWeightArticle": false,
    "nutriscoreLabel": "C",
    "IsBio": false,
    "CountryOfOrigin": "BELGIË",
    "IsExclusivelySoldInLuxembourg": false,
    "OrderUnit": "P",
    "ShortName": "TIJGER WIT BR. 800GR",
    "IsNew": false,
    "EcoscoreLabel": "B",
    "RecentQuanityOfStockUnits": "1,1,1",
    "LongName": "tijgerbrood wit dagvers 800g",
    "AlcoholVolume": "0",
    "FicCode": "I",
    "EcoscoreValue": "77"
  },
  {
    "productId": "1053",
    "technicalArticleNumber": "29921",
    "commercialArticleNumber": "29921",
    "name": "wit brood gesneden",
    "description": "*Gesneden",
    "brand": "EVERYDAY",
    "seoBrand": "Everyday",
    "thumbNail": "https://static.colruytgroup.com/images/200x200/std.lang.all/19/72/asset-1871972.jpg",
    "fullImage": "https://static.colruytgroup.com/images/500x500/std.lang.all/19/72/asset-1871972.jpg",
    "squareImage": "https://static.colruytgroup.com/images/500x500sq/std.lang.all/19/72/asset-1871972.jpg",
    "content": "800g",
    "walkRouteSequenceNumber": 8044,
    "price": {
      "basicPrice": 0.99,
      "recommendedQuantity": "1.0",
      "measurementUnitPrice": 1.24,
      "measurementUnit": "K",
      "isRedPrice": false,
      "pricePerUOM": 1.24,
      "activationDate": "14-11-2023",
      "recordSource": "Offline",
      "isPromoActive": "N",
      "priceChangeCode": "E"
    },
    "isAvailable": true,
    "isPriceAvailable": true,
    "inPromo": false,
    "gtin": [
      "05400141163995"
    ],
    "topCategoryName": "Brood/Ontbijt",
    "topCategoryId": "124",
    "businessDomain": "RETAIL_BE",
    "IsPrivateLabel": true,
    "IsBiffe": false,
    "WeightconversionFactor": "0",
    "IsWeightArticle": false,
    "nutriscoreLabel": "C",
    "IsBio": false,
    "CountryOfOrigin": "BELGIË",
    "IsExclusivelySoldInLuxembourg": false,
    "OrderUnit": "P",
    "ShortName": "EVD SPEC WIT BROOD800",
    "IsNew": false,
    "EcoscoreLabel": "B",
    "RecentQuanityOfStockUnits": "1",
    "LongName": "EVERYDAY wit brood gesneden 800g",
    "AlcoholVolume": "0",
    "FicCode": "I",
    "EcoscoreValue": "79"
  },
  {
    "productId": "188136",
    "technicalArticleNumber": "3461760",
    "commercialArticleNumber": "50331",
    "name": "paashaaskoek",
    "description": "*Paasassortiment",
    "brand": "BONI",
    "seoBrand": "Boni Selection",
    "thumbNail": "https://static.colruytgroup.com/images/200x200/std.lang.all/10/34/asset-3441034.jpg",
    "fullImage": "https://static.colruytgroup.com/images/500x500/std.lang.all/10/34/asset-3441034.jpg",
    "squareImage": "https://static.colruytgroup.com/images/500x500sq/std.lang.all/10/34/asset-3441034.jpg",
    "content": "2x150g",
    "walkRouteSequenceNumber": 6580,
    "price": {
      "basicPrice": 2.79,
      "recommendedQuantity": "1.0",
      "measurementUnitPrice": 9.3,
      "measurementUnit": "K",
      "isRedPrice": false,
      "pricePerUOM": 9.3,
      "activationDate": "21-03-2024",
      "recordSource": "Folder",
      "isPromoActive": "N",
      "priceChangeCode": "E"
    },
    "isAvailable": true,
    "isPriceAvailable": true,
    "inPromo": false,
    "gtin": [
      "05400141357820",
      "05400141125283",
      "05400141265101",
      "05400141923360"
    ],
    "topCategoryName": "Brood/Ontbijt",
    "topCategoryId": "124",
    "businessDomain": "RETAIL_BE",
    "IsPrivateLabel": true,
    "IsBiffe": false,
    "WeightconversionFactor": "0",
    "IsWeightArticle": false,
    "nutriscoreLabel": "D",
    "IsBio": false,
    "CountryOfOrigin": "BELGIË",
    "IsExclusivelySoldInLuxembourg": false,
    "OrderUnit": "P",
    "ShortName": "BONI PAASHAASKOEK 2X150",
    "InSeason": true,
    "IsNew": false,
    "EcoscoreLabel": "C",
    "RecentQuanityOfStockUnits": "1",
    "LongName": "BONI paashaaskoek 2x150g",
    "AlcoholVolume": "0",
    "StartSeasonDate": "14/02/2024",
    "FicCode": "I",
    "EcoscoreValue": "44"
  },
  {
    "productId": "121561",
    "technicalArticleNumber": "3029832",
    "commercialArticleNumber": "7245",
    "name": "meergranenbrood br dagvers",
    "description": "*Ovaal bruin brood\nmet verschillende\ngranen. Korst met\nlijn-, sesam- en\nmaanzaad.",
    "thumbNail": "https://static.colruytgroup.com/images/200x200/std.lang.all/73/97/asset-1457397.jpg",
    "fullImage": "https://static.colruytgroup.com/images/500x500/std.lang.all/73/97/asset-1457397.jpg",
    "squareImage": "https://static.colruytgroup.com/images/500x500sq/std.lang.all/73/97/asset-1457397.jpg",
    "content": "600g",
    "walkRouteSequenceNumber": 8035,
    "price": {
      "basicPrice": 1.85,
      "recommendedQuantity": "1.0",
      "measurementUnitPrice": 3.09,
      "measurementUnit": "K",
      "isRedPrice": false,
      "pricePerUOM": 3.09,
      "activationDate": "13-11-2023",
      "recordSource": "Offline",
      "isPromoActive": "N",
      "priceChangeCode": "E"
    },
    "isAvailable": true,
    "isPriceAvailable": true,
    "inPromo": false,
    "topCategoryName": "Brood/Ontbijt",
    "topCategoryId": "124",
    "businessDomain": "RETAIL_BE",
    "IsPrivateLabel": false,
    "IsBiffe": false,
    "WeightconversionFactor": "0",
    "IsWeightArticle": false,
    "IsBio": false,
    "CountryOfOrigin": "BELGIË",
    "IsExclusivelySoldInLuxembourg": false,
    "OrderUnit": "P",
    "ShortName": "DONKER MEERGR.BR. 600G",
    "IsNew": false,
    "EcoscoreLabel": "B",
    "RecentQuanityOfStockUnits": "1,1",
    "LongName": "meergranenbrood br dagvers 600g",
    "AlcoholVolume": "0",
    "FicCode": "I",
    "EcoscoreValue": "71"
  },
  {
    "productId": "156371",
    "technicalArticleNumber": "3270432",
    "commercialArticleNumber": "21385",
    "name": "rijstwafel chocolade",
    "description": "*Rijstwafels, rond,\nmet melkchocolade",
    "brand": "BONI",
    "seoBrand": "Boni Selection",
    "thumbNail": "https://static.colruytgroup.com/images/200x200/std.lang.all/99/25/asset-2619925.jpg",
    "fullImage": "https://static.colruytgroup.com/images/500x500/std.lang.all/99/25/asset-2619925.jpg",
    "squareImage": "https://static.colruytgroup.com/images/500x500sq/std.lang.all/99/25/asset-2619925.jpg",
    "content": "150g",
    "walkRouteSequenceNumber": 17085,
    "price": {
      "basicPrice": 0.99,
      "recommendedQuantity": "1.0",
      "measurementUnitPrice": 6.6,
      "measurementUnit": "K",
      "isRedPrice": false,
      "pricePerUOM": 6.6,
      "activationDate": "06-12-2023",
      "recordSource": "Offline",
      "isPromoActive": "N",
      "priceChangeCode": "E"
    },
    "isAvailable": true,
    "isPriceAvailable": true,
    "inPromo": false,
    "gtin": [
      "05400141210859",
      "15400141797364",
      "15400141364276",
      "05400141424751",
      "05400141364279",
      "05400141213492",
      "15400141213499"
    ],
    "topCategoryName": "Brood/Ontbijt",
    "topCategoryId": "124",
    "businessDomain": "RETAIL_BE",
    "IsPrivateLabel": true,
    "IsBiffe": false,
    "WeightconversionFactor": "0",
    "IsWeightArticle": false,
    "nutriscoreLabel": "E",
    "IsBio": false,
    "CountryOfOrigin": "NEDERLAND",
    "IsExclusivelySoldInLuxembourg": false,
    "OrderUnit": "P",
    "ShortName": "BONI CHOCO RIJSTWAF 150",
    "IsNew": false,
    "EcoscoreLabel": "C",
    "RecentQuanityOfStockUnits": "20,1",
    "LongName": "BONI rijstwafel chocolade 150g",
    "AlcoholVolume": "0",
    "FicCode": "I",
    "EcoscoreValue": "53"
  },
  {
    "productId": "121446",
    "technicalArticleNumber": "3029802",
    "commercialArticleNumber": "7113",
    "name": "meergranenbrood licht dagve",
    "description": "*Ovaal wit brood\nmet verschillende\ngranen. Korst met\nlijn-, sesam- en\nmaanzaad.",
    "thumbNail": "https://static.colruytgroup.com/images/200x200/std.lang.all/58/72/asset-1135872.jpg",
    "fullImage": "https://static.colruytgroup.com/images/500x500/std.lang.all/58/72/asset-1135872.jpg",
    "squareImage": "https://static.colruytgroup.com/images/500x500sq/std.lang.all/58/72/asset-1135872.jpg",
    "content": "600g",
    "walkRouteSequenceNumber": 8034,
    "price": {
      "basicPrice": 1.85,
      "recommendedQuantity": "1.0",
      "measurementUnitPrice": 3.09,
      "measurementUnit": "K",
      "isRedPrice": false,
      "pricePerUOM": 3.09,
      "activationDate": "14-02-2024",
      "recordSource": "Offline",
      "isPromoActive": "N",
      "priceChangeCode": "E"
    },
    "isAvailable": true,
    "isPriceAvailable": true,
    "inPromo": false,
    "gtin": [
      "05400141094336",
      "05400141380392"
    ],
    "topCategoryName": "Brood/Ontbijt",
    "topCategoryId": "124",
    "businessDomain": "RETAIL_BE",
    "IsPrivateLabel": false,
    "IsBiffe": false,
    "WeightconversionFactor": "0",
    "IsWeightArticle": false,
    "nutriscoreLabel": "C",
    "IsBio": false,
    "CountryOfOrigin": "BELGIË",
    "IsExclusivelySoldInLuxembourg": false,
    "OrderUnit": "P",
    "ShortName": "LICHT MEERGRAAN BR.600G",
    "IsNew": false,
    "EcoscoreLabel": "B",
    "RecentQuanityOfStockUnits": "1,1,1,1",
    "LongName": "meergranenbrood licht dagve 600g",
    "AlcoholVolume": "0",
    "FicCode": "I",
    "EcoscoreValue": "71"
  },
  {
    "productId": "121562",
    "technicalArticleNumber": "3029834",
    "commercialArticleNumber": "7314",
    "name": "boerenbrood bruin dagvers",
    "description": "*Rond bruin brood\nmet een licht\nbebloemde korst.",
    "thumbNail": "https://static.colruytgroup.com/images/200x200/std.lang.all/42/17/asset-2844217.jpg",
    "fullImage": "https://static.colruytgroup.com/images/500x500/std.lang.all/42/17/asset-2844217.jpg",
    "squareImage": "https://static.colruytgroup.com/images/500x500sq/std.lang.all/42/17/asset-2844217.jpg",
    "content": "800g",
    "walkRouteSequenceNumber": 8041,
    "price": {
      "basicPrice": 1.79,
      "recommendedQuantity": "1.0",
      "measurementUnitPrice": 2.24,
      "measurementUnit": "K",
      "isRedPrice": false,
      "pricePerUOM": 2.24,
      "activationDate": "17-02-2024",
      "recordSource": "Offline",
      "isPromoActive": "N",
      "priceChangeCode": "E"
    },
    "isAvailable": true,
    "isPriceAvailable": true,
    "inPromo": false,
    "topCategoryName": "Brood/Ontbijt",
    "topCategoryId": "124",
    "businessDomain": "RETAIL_BE",
    "IsPrivateLabel": false,
    "IsBiffe": false,
    "WeightconversionFactor": "0",
    "IsWeightArticle": false,
    "IsBio": false,
    "CountryOfOrigin": "BELGIË",
    "IsExclusivelySoldInLuxembourg": false,
    "OrderUnit": "P",
    "ShortName": "BOEREN BRUIN BR. 800G",
    "IsNew": false,
    "EcoscoreLabel": "B",
    "RecentQuanityOfStockUnits": "1,1,1",
    "LongName": "boerenbrood bruin dagvers 800g",
    "AlcoholVolume": "0",
    "FicCode": "I",
    "EcoscoreValue": "77"
  },
  {
    "productId": "1054",
    "technicalArticleNumber": "29922",
    "commercialArticleNumber": "29922",
    "name": "bruin brood gesneden",
    "description": "*Gesneden",
    "brand": "EVERYDAY",
    "seoBrand": "Everyday",
    "thumbNail": "https://static.colruytgroup.com/images/200x200/std.lang.all/52/56/asset-3305256.jpg",
    "fullImage": "https://static.colruytgroup.com/images/500x500/std.lang.all/52/56/asset-3305256.jpg",
    "squareImage": "https://static.colruytgroup.com/images/500x500sq/std.lang.all/52/56/asset-3305256.jpg",
    "content": "800g",
    "walkRouteSequenceNumber": 8043,
    "price": {
      "basicPrice": 0.99,
      "recommendedQuantity": "1.0",
      "measurementUnitPrice": 1.24,
      "measurementUnit": "K",
      "isRedPrice": false,
      "pricePerUOM": 1.24,
      "activationDate": "14-11-2023",
      "recordSource": "Offline",
      "isPromoActive": "N",
      "priceChangeCode": "E"
    },
    "isAvailable": true,
    "isPriceAvailable": true,
    "inPromo": false,
    "gtin": [
      "05400141164015"
    ],
    "topCategoryName": "Brood/Ontbijt",
    "topCategoryId": "124",
    "businessDomain": "RETAIL_BE",
    "IsPrivateLabel": true,
    "IsBiffe": false,
    "WeightconversionFactor": "0",
    "IsWeightArticle": false,
    "nutriscoreLabel": "C",
    "IsBio": false,
    "CountryOfOrigin": "BELGIË",
    "IsExclusivelySoldInLuxembourg": false,
    "OrderUnit": "P",
    "ShortName": "EVD SP.BRUIN BROOD800",
    "IsNew": false,
    "EcoscoreLabel": "B",
    "RecentQuanityOfStockUnits": "1",
    "LongName": "EVERYDAY bruin brood gesneden 800g",
    "AlcoholVolume": "0",
    "FicCode": "I",
    "EcoscoreValue": "79"
  },
  {
    "productId": "507163",
    "technicalArticleNumber": "4078703",
    "commercialArticleNumber": "7470",
    "name": "botersandwiches",
    "brand": "LA LORRAINE",
    "seoBrand": "La Lorraine",
    "thumbNail": "https://static.colruytgroup.com/images/200x200/std.lang.all/35/63/asset-3013563.jpg",
    "fullImage": "https://static.colruytgroup.com/images/500x500/std.lang.all/35/63/asset-3013563.jpg",
    "squareImage": "https://static.colruytgroup.com/images/500x500sq/std.lang.all/35/63/asset-3013563.jpg",
    "content": "10x45g",
    "walkRouteSequenceNumber": 6590,
    "price": {
      "basicPrice": 4.39,
      "recommendedQuantity": "1.0",
      "measurementUnitPrice": 9.76,
      "measurementUnit": "K",
      "isRedPrice": false,
      "pricePerUOM": 9.76,
      "activationDate": "11-01-2024",
      "recordSource": "Offline",
      "isPromoActive": "N",
      "priceChangeCode": "L"
    },
    "isAvailable": true,
    "isPriceAvailable": true,
    "inPromo": false,
    "gtin": [
      "05411904411222"
    ],
    "topCategoryName": "Brood/Ontbijt",
    "topCategoryId": "124",
    "businessDomain": "RETAIL_BE",
    "IsPrivateLabel": false,
    "IsBiffe": false,
    "WeightconversionFactor": "0",
    "IsWeightArticle": false,
    "nutriscoreLabel": "D",
    "IsBio": false,
    "CountryOfOrigin": "BELGIË",
    "IsExclusivelySoldInLuxembourg": false,
    "OrderUnit": "P",
    "ShortName": "LALO BOTERSANDWICH10X45",
    "IsNew": false,
    "EcoscoreLabel": "B",
    "RecentQuanityOfStockUnits": "1",
    "LongName": "LA LORRAINE botersandwiches 10x45g",
    "FicCode": "E",
    "EcoscoreValue": "77"
  },
  {
    "productId": "121557",
    "technicalArticleNumber": "3029814",
    "commercialArticleNumber": "7203",
    "name": "boerenbrood wit rond dagvers",
    "description": "*Rond wit brood\nmet een licht\nbebloemde korst.",
    "thumbNail": "https://static.colruytgroup.com/images/200x200/std.lang.all/42/16/asset-2844216.jpg",
    "fullImage": "https://static.colruytgroup.com/images/500x500/std.lang.all/42/16/asset-2844216.jpg",
    "squareImage": "https://static.colruytgroup.com/images/500x500sq/std.lang.all/42/16/asset-2844216.jpg",
    "content": "800g",
    "walkRouteSequenceNumber": 8047,
    "price": {
      "basicPrice": 1.79,
      "recommendedQuantity": "1.0",
      "measurementUnitPrice": 2.24,
      "measurementUnit": "K",
      "isRedPrice": false,
      "pricePerUOM": 2.24,
      "activationDate": "27-02-2024",
      "recordSource": "Offline",
      "isPromoActive": "N",
      "priceChangeCode": "E"
    },
    "isAvailable": true,
    "isPriceAvailable": true,
    "inPromo": false,
    "gtin": [
      "05400141380309"
    ],
    "topCategoryName": "Brood/Ontbijt",
    "topCategoryId": "124",
    "businessDomain": "RETAIL_BE",
    "IsPrivateLabel": false,
    "IsBiffe": false,
    "WeightconversionFactor": "0",
    "IsWeightArticle": false,
    "nutriscoreLabel": "C",
    "IsBio": false,
    "CountryOfOrigin": "BELGIË",
    "IsExclusivelySoldInLuxembourg": false,
    "OrderUnit": "P",
    "ShortName": "BOEREN WIT BROOD 800G",
    "IsNew": false,
    "EcoscoreLabel": "B",
    "RecentQuanityOfStockUnits": "1,1,1",
    "LongName": "boerenbrood wit rond dagvers 800g",
    "AlcoholVolume": "0",
    "FicCode": "I",
    "EcoscoreValue": "77"
  },
  {
    "productId": "280824",
    "technicalArticleNumber": "3653380",
    "commercialArticleNumber": "31171",
    "name": "brood hazelnoot rozijn dagvers",
    "description": "*Traditioneel\ngebakken meer-\ngranenbrood met\nhazelnoten en\nrozijnen.",
    "thumbNail": "https://static.colruytgroup.com/images/200x200/std.lang.all/95/40/asset-1169540.jpg",
    "fullImage": "https://static.colruytgroup.com/images/500x500/std.lang.all/95/40/asset-1169540.jpg",
    "squareImage": "https://static.colruytgroup.com/images/500x500sq/std.lang.all/95/40/asset-1169540.jpg",
    "content": "500g",
    "walkRouteSequenceNumber": 8033,
    "price": {
      "basicPrice": 2.99,
      "recommendedQuantity": "1.0",
      "measurementUnitPrice": 5.98,
      "measurementUnit": "K",
      "isRedPrice": false,
      "pricePerUOM": 5.98,
      "activationDate": "02-01-2024",
      "isPromoActive": "N",
      "priceChangeCode": "H"
    },
    "isAvailable": true,
    "isPriceAvailable": true,
    "inPromo": false,
    "topCategoryName": "Brood/Ontbijt",
    "topCategoryId": "124",
    "businessDomain": "RETAIL_BE",
    "IsPrivateLabel": false,
    "IsBiffe": false,
    "WeightconversionFactor": "0",
    "IsWeightArticle": false,
    "IsBio": false,
    "CountryOfOrigin": "BELGIË",
    "IsExclusivelySoldInLuxembourg": false,
    "OrderUnit": "P",
    "ShortName": "HAZELN.ROZIJN 500G",
    "IsNew": false,
    "EcoscoreLabel": "A",
    "RecentQuanityOfStockUnits": "1,1,1",
    "LongName": "brood hazelnoot rozijn dagvers 500g",
    "AlcoholVolume": "0",
    "FicCode": "I",
    "EcoscoreValue": "97"
  },
  {
    "productId": "121559",
    "technicalArticleNumber": "3029818",
    "commercialArticleNumber": "7244",
    "name": "bruin brood zweeds dagvers",
    "description": "*Traditioneel\ngebakken, rond bruin\nbrood, met een licht\nbebloemde korst.",
    "thumbNail": "https://static.colruytgroup.com/images/200x200/std.lang.all/23/17/asset-1812317.jpg",
    "fullImage": "https://static.colruytgroup.com/images/500x500/std.lang.all/23/17/asset-1812317.jpg",
    "squareImage": "https://static.colruytgroup.com/images/500x500sq/std.lang.all/23/17/asset-1812317.jpg",
    "content": "800g",
    "walkRouteSequenceNumber": 8039,
    "price": {
      "basicPrice": 2.25,
      "recommendedQuantity": "1.0",
      "measurementUnitPrice": 2.82,
      "measurementUnit": "K",
      "isRedPrice": false,
      "pricePerUOM": 2.82,
      "activationDate": "07-03-2024",
      "recordSource": "Offline",
      "isPromoActive": "N",
      "priceChangeCode": "L"
    },
    "isAvailable": true,
    "isPriceAvailable": true,
    "inPromo": false,
    "gtin": [
      "05400141164725"
    ],
    "topCategoryName": "Brood/Ontbijt",
    "topCategoryId": "124",
    "businessDomain": "RETAIL_BE",
    "IsPrivateLabel": false,
    "IsBiffe": false,
    "WeightconversionFactor": "0",
    "IsWeightArticle": false,
    "nutriscoreLabel": "C",
    "IsBio": false,
    "CountryOfOrigin": "BELGIË",
    "IsExclusivelySoldInLuxembourg": false,
    "OrderUnit": "P",
    "ShortName": "ZWEEDS BRUIN BR. 800G",
    "IsNew": false,
    "EcoscoreLabel": "B",
    "RecentQuanityOfStockUnits": "1,1,1",
    "LongName": "bruin brood zweeds dagvers 800g",
    "AlcoholVolume": "0",
    "FicCode": "I",
    "EcoscoreValue": "77"
  },
  {
    "productId": "121571",
    "technicalArticleNumber": "3029855",
    "commercialArticleNumber": "7644",
    "name": "kramiek dagvers",
    "description": "*Speciaal brood met\nsmeuïg broodkruim,\nverrijkt met\nrozijnen.",
    "thumbNail": "https://static.colruytgroup.com/images/200x200/std.lang.all/50/27/asset-2405027.jpg",
    "fullImage": "https://static.colruytgroup.com/images/500x500/std.lang.all/50/27/asset-2405027.jpg",
    "squareImage": "https://static.colruytgroup.com/images/500x500sq/std.lang.all/50/27/asset-2405027.jpg",
    "content": "400g",
    "walkRouteSequenceNumber": 8032,
    "price": {
      "basicPrice": 2.69,
      "recommendedQuantity": "1.0",
      "measurementUnitPrice": 6.73,
      "measurementUnit": "K",
      "isRedPrice": false,
      "pricePerUOM": 6.73,
      "activationDate": "14-02-2024",
      "isPromoActive": "N",
      "priceChangeCode": "H"
    },
    "isAvailable": true,
    "isPriceAvailable": true,
    "inPromo": false,
    "gtin": [
      "05400141380408"
    ],
    "topCategoryName": "Brood/Ontbijt",
    "topCategoryId": "124",
    "businessDomain": "RETAIL_BE",
    "IsPrivateLabel": false,
    "IsBiffe": false,
    "WeightconversionFactor": "0",
    "IsWeightArticle": false,
    "nutriscoreLabel": "D",
    "IsBio": false,
    "CountryOfOrigin": "BELGIË",
    "IsExclusivelySoldInLuxembourg": false,
    "OrderUnit": "P",
    "ShortName": "ROZIJNENBROOD 400G",
    "IsNew": false,
    "EcoscoreLabel": "D",
    "RecentQuanityOfStockUnits": "1,1,1,1",
    "LongName": "kramiek dagvers 400g",
    "AlcoholVolume": "0",
    "FicCode": "I",
    "EcoscoreValue": "37"
  },
  {
    "productId": "55465",
    "technicalArticleNumber": "2405821",
    "commercialArticleNumber": "4437",
    "name": "maïswafel",
    "description": "*Maïswafel, rond,\nmet zeezout\n*Individueel verpakt\n6x4 stuks",
    "brand": "BONI BIO",
    "seoBrand": "Boni Selection Bio",
    "thumbNail": "https://static.colruytgroup.com/images/200x200/std.lang.all/86/26/asset-2338626.jpg",
    "fullImage": "https://static.colruytgroup.com/images/500x500/std.lang.all/86/26/asset-2338626.jpg",
    "squareImage": "https://static.colruytgroup.com/images/500x500sq/std.lang.all/86/26/asset-2338626.jpg",
    "content": "159g",
    "walkRouteSequenceNumber": 17081,
    "price": {
      "basicPrice": 0.901,
      "recommendedQuantity": "1.0",
      "measurementUnitPrice": 5.67,
      "measurementUnit": "K",
      "isRedPrice": false,
      "pricePerUOM": 5.67,
      "activationDate": "21-03-2024",
      "recordSource": "Offline",
      "isPromoActive": "N",
      "priceChangeCode": "H"
    },
    "isAvailable": true,
    "isPriceAvailable": true,
    "inPromo": false,
    "gtin": [
      "15400141956426",
      "15400141358848",
      "05400141358841",
      "05400141213195",
      "05400141022391"
    ],
    "topCategoryName": "Brood/Ontbijt",
    "topCategoryId": "124",
    "businessDomain": "RETAIL_BE",
    "IsPrivateLabel": true,
    "IsBiffe": false,
    "WeightconversionFactor": "0",
    "IsWeightArticle": false,
    "nutriscoreLabel": "C",
    "IsBio": true,
    "CountryOfOrigin": "NEDERLAND",
    "IsExclusivelySoldInLuxembourg": false,
    "OrderUnit": "P",
    "ShortName": "BS BIO MAISWAFELS 159G",
    "IsNew": false,
    "EcoscoreLabel": "B",
    "RecentQuanityOfStockUnits": "1,15",
    "LongName": "BONI BIO maïswafel 159g",
    "AlcoholVolume": "0",
    "FicCode": "I",
    "EcoscoreValue": "63"
  },
  {
    "productId": "147017",
    "technicalArticleNumber": "3331342",
    "commercialArticleNumber": "24841",
    "name": "melkbroodjes 10st",
    "description": "Boni melkbroodjes 10 stuks",
    "brand": "BONI",
    "seoBrand": "Boni Selection",
    "thumbNail": "https://static.colruytgroup.com/images/200x200/std.lang.all/62/44/asset-2376244.jpg",
    "fullImage": "https://static.colruytgroup.com/images/500x500/std.lang.all/62/44/asset-2376244.jpg",
    "squareImage": "https://static.colruytgroup.com/images/500x500sq/std.lang.all/62/44/asset-2376244.jpg",
    "content": "350g",
    "walkRouteSequenceNumber": 6575,
    "price": {
      "basicPrice": 1.75,
      "recommendedQuantity": "1.0",
      "measurementUnitPrice": 5,
      "measurementUnit": "K",
      "isRedPrice": false,
      "pricePerUOM": 5,
      "activationDate": "13-03-2024",
      "recordSource": "Offline",
      "isPromoActive": "N",
      "priceChangeCode": "H"
    },
    "isAvailable": true,
    "isPriceAvailable": true,
    "inPromo": false,
    "gtin": [
      "05400141262551",
      "15400141905677",
      "15400141422778",
      "05400141422771"
    ],
    "topCategoryName": "Brood/Ontbijt",
    "topCategoryId": "124",
    "businessDomain": "RETAIL_BE",
    "IsPrivateLabel": true,
    "IsBiffe": false,
    "WeightconversionFactor": "0",
    "IsWeightArticle": false,
    "nutriscoreLabel": "D",
    "IsBio": false,
    "CountryOfOrigin": "FRANKRIJK",
    "IsExclusivelySoldInLuxembourg": false,
    "OrderUnit": "P",
    "ShortName": "BONI MELKBROODJES 10ST",
    "IsNew": false,
    "EcoscoreLabel": "C",
    "RecentQuanityOfStockUnits": "1,10",
    "LongName": "BONI melkbroodjes 10st 350g",
    "AlcoholVolume": "0",
    "FicCode": "I",
    "EcoscoreValue": "57"
  },
  {
    "productId": "121554",
    "technicalArticleNumber": "3029807",
    "commercialArticleNumber": "7118",
    "name": "wit brood zweeds dagvers",
    "description": "*Traditioneel\ngebakken, rond wit\nbrood, met een licht\nbebloemde korst.",
    "thumbNail": "https://static.colruytgroup.com/images/200x200/std.lang.all/79/97/asset-1837997.jpg",
    "fullImage": "https://static.colruytgroup.com/images/500x500/std.lang.all/79/97/asset-1837997.jpg",
    "squareImage": "https://static.colruytgroup.com/images/500x500sq/std.lang.all/79/97/asset-1837997.jpg",
    "content": "800g",
    "walkRouteSequenceNumber": 8050,
    "price": {
      "basicPrice": 2.25,
      "recommendedQuantity": "1.0",
      "quantityPrice": 2,
      "quantityPriceQuantity": "2.0",
      "measurementUnitPrice": 2.82,
      "measurementUnitQuantityPrice": 2.5,
      "measurementUnit": "K",
      "isRedPrice": false,
      "pricePerUOM": 2.82,
      "activationDate": "13-03-2024",
      "recordSource": "Offline",
      "isPromoActive": "Y",
      "priceChangeCode": "E",
      "quantityPricePerUOM": 2.5,
      "quantityActivationDate": "13-03-2024",
      "quantityPriceChangeCode": "H"
    },
    "isAvailable": true,
    "isPriceAvailable": true,
    "inPromo": false,
    "gtin": [
      "05400141380354"
    ],
    "topCategoryName": "Brood/Ontbijt",
    "topCategoryId": "124",
    "businessDomain": "RETAIL_BE",
    "IsPrivateLabel": false,
    "IsBiffe": false,
    "WeightconversionFactor": "0",
    "IsWeightArticle": false,
    "nutriscoreLabel": "C",
    "IsBio": false,
    "CountryOfOrigin": "BELGIË",
    "IsExclusivelySoldInLuxembourg": false,
    "OrderUnit": "P",
    "ShortName": "ZWEEDS WIT BROOD 800G",
    "IsNew": false,
    "EcoscoreLabel": "B",
    "RecentQuanityOfStockUnits": "1,1,1",
    "LongName": "wit brood zweeds dagvers 800g",
    "AlcoholVolume": "0",
    "FicCode": "I",
    "EcoscoreValue": "77"
  },
  {
    "productId": "121568",
    "technicalArticleNumber": "3029852",
    "commercialArticleNumber": "7560",
    "name": "bruin brood vierkant dagver",
    "description": "*Klassiek vierkant\nbruin brood, met\nzacht broodkruim en\ngoudbruine korst.",
    "thumbNail": "https://static.colruytgroup.com/images/200x200/std.lang.all/97/56/asset-2909756.jpg",
    "fullImage": "https://static.colruytgroup.com/images/500x500/std.lang.all/97/56/asset-2909756.jpg",
    "squareImage": "https://static.colruytgroup.com/images/500x500sq/std.lang.all/97/56/asset-2909756.jpg",
    "content": "400g",
    "walkRouteSequenceNumber": 8048,
    "price": {
      "basicPrice": 0.99,
      "recommendedQuantity": "1.0",
      "measurementUnitPrice": 2.48,
      "measurementUnit": "K",
      "isRedPrice": false,
      "pricePerUOM": 2.48,
      "activationDate": "13-12-2023",
      "recordSource": "Offline",
      "isPromoActive": "N",
      "priceChangeCode": "E"
    },
    "isAvailable": true,
    "isPriceAvailable": true,
    "inPromo": false,
    "gtin": [
      "05400141164657"
    ],
    "topCategoryName": "Brood/Ontbijt",
    "topCategoryId": "124",
    "businessDomain": "RETAIL_BE",
    "IsPrivateLabel": false,
    "IsBiffe": false,
    "WeightconversionFactor": "0",
    "IsWeightArticle": false,
    "nutriscoreLabel": "C",
    "IsBio": false,
    "CountryOfOrigin": "BELGIË",
    "IsExclusivelySoldInLuxembourg": false,
    "OrderUnit": "P",
    "ShortName": "LANG BRUIN BROOD 400G",
    "IsNew": false,
    "EcoscoreLabel": "B",
    "RecentQuanityOfStockUnits": "1,1",
    "LongName": "bruin brood vierkant dagver 400g",
    "AlcoholVolume": "0",
    "FicCode": "I",
    "EcoscoreValue": "77"
  },
  {
    "productId": "12021",
    "technicalArticleNumber": "1392810",
    "commercialArticleNumber": "31391",
    "name": "stokbrood wit voorgebakken 4st",
    "description": "*10-12 minuten in de\noven",
    "brand": "BONI",
    "seoBrand": "Boni Selection",
    "thumbNail": "https://static.colruytgroup.com/images/200x200/std.lang.all/47/76/asset-2094776.jpg",
    "fullImage": "https://static.colruytgroup.com/images/500x500/std.lang.all/47/76/asset-2094776.jpg",
    "squareImage": "https://static.colruytgroup.com/images/500x500sq/std.lang.all/47/76/asset-2094776.jpg",
    "content": "300g",
    "walkRouteSequenceNumber": 9770,
    "price": {
      "basicPrice": 0.55,
      "recommendedQuantity": "1.0",
      "measurementUnitPrice": 1.84,
      "measurementUnit": "K",
      "isRedPrice": false,
      "pricePerUOM": 1.84,
      "activationDate": "17-02-2024",
      "recordSource": "Offline",
      "isPromoActive": "N",
      "priceChangeCode": "L"
    },
    "isAvailable": true,
    "isPriceAvailable": true,
    "inPromo": false,
    "gtin": [
      "05400141055962",
      "35400141332392",
      "15400141332398",
      "05400141353587",
      "05400141207712",
      "05400141332391",
      "55400141332396"
    ],
    "topCategoryName": "Brood/Ontbijt",
    "topCategoryId": "124",
    "businessDomain": "RETAIL_BE",
    "IsPrivateLabel": true,
    "IsBiffe": false,
    "WeightconversionFactor": "0",
    "IsWeightArticle": false,
    "nutriscoreLabel": "C",
    "IsBio": false,
    "CountryOfOrigin": "FRANKRIJK",
    "IsExclusivelySoldInLuxembourg": false,
    "OrderUnit": "P",
    "ShortName": "BONI 4 WITTE BROOD 300G",
    "IsNew": false,
    "EcoscoreLabel": "B",
    "RecentQuanityOfStockUnits": "1,16",
    "LongName": "BONI stokbrood wit voorgebakken 4st 300g",
    "AlcoholVolume": "0",
    "FicCode": "I",
    "EcoscoreValue": "77"
  },
  {
    "productId": "121565",
    "technicalArticleNumber": "3029844",
    "commercialArticleNumber": "7398",
    "name": "volkorenbrood lang dagvers",
    "description": "*Langwerpig brood\nmet volkorengranen,\nafgewerkt met\nhaverzemelen.",
    "thumbNail": "https://static.colruytgroup.com/images/200x200/std.lang.all/15/76/asset-1451576.jpg",
    "fullImage": "https://static.colruytgroup.com/images/500x500/std.lang.all/15/76/asset-1451576.jpg",
    "squareImage": "https://static.colruytgroup.com/images/500x500sq/std.lang.all/15/76/asset-1451576.jpg",
    "content": "800g",
    "walkRouteSequenceNumber": 8036,
    "price": {
      "basicPrice": 2.19,
      "recommendedQuantity": "1.0",
      "measurementUnitPrice": 2.74,
      "measurementUnit": "K",
      "isRedPrice": false,
      "pricePerUOM": 2.74,
      "activationDate": "07-02-2024",
      "recordSource": "Offline",
      "isPromoActive": "N",
      "priceChangeCode": "H"
    },
    "isAvailable": true,
    "isPriceAvailable": true,
    "inPromo": false,
    "topCategoryName": "Brood/Ontbijt",
    "topCategoryId": "124",
    "businessDomain": "RETAIL_BE",
    "IsPrivateLabel": false,
    "IsBiffe": false,
    "WeightconversionFactor": "0",
    "IsWeightArticle": false,
    "nutriscoreLabel": "B",
    "IsBio": false,
    "CountryOfOrigin": "BELGIË",
    "IsExclusivelySoldInLuxembourg": false,
    "OrderUnit": "P",
    "ShortName": "VOLKORE LANG BR. 800G",
    "IsNew": false,
    "EcoscoreLabel": "B",
    "RecentQuanityOfStockUnits": "1,1,1",
    "LongName": "volkorenbrood lang dagvers 800g",
    "AlcoholVolume": "0",
    "FicCode": "I",
    "EcoscoreValue": "77"
  },
  {
    "productId": "121566",
    "technicalArticleNumber": "3029846",
    "commercialArticleNumber": "7403",
    "name": "wit brood vierkant dagvers",
    "description": "*Klassiek vierkant\nwit brood, met zacht\nbroodkruim en een\ngoudbruine korst.",
    "thumbNail": "https://static.colruytgroup.com/images/200x200/std.lang.all/56/92/asset-1615692.jpg",
    "fullImage": "https://static.colruytgroup.com/images/500x500/std.lang.all/56/92/asset-1615692.jpg",
    "squareImage": "https://static.colruytgroup.com/images/500x500sq/std.lang.all/56/92/asset-1615692.jpg",
    "content": "400g",
    "walkRouteSequenceNumber": 8045,
    "price": {
      "basicPrice": 0.99,
      "recommendedQuantity": "1.0",
      "measurementUnitPrice": 2.48,
      "measurementUnit": "K",
      "isRedPrice": false,
      "pricePerUOM": 2.48,
      "activationDate": "29-11-2023",
      "recordSource": "Offline",
      "isPromoActive": "N",
      "priceChangeCode": "E"
    },
    "isAvailable": true,
    "isPriceAvailable": true,
    "inPromo": false,
    "gtin": [
      "05400141094459",
      "05400141092233",
      "05400141164664"
    ],
    "topCategoryName": "Brood/Ontbijt",
    "topCategoryId": "124",
    "businessDomain": "RETAIL_BE",
    "IsPrivateLabel": false,
    "IsBiffe": false,
    "WeightconversionFactor": "0",
    "IsWeightArticle": false,
    "nutriscoreLabel": "C",
    "IsBio": false,
    "CountryOfOrigin": "BELGIË",
    "IsExclusivelySoldInLuxembourg": false,
    "OrderUnit": "P",
    "ShortName": "LANG WIT BROOD 400G",
    "IsNew": false,
    "EcoscoreLabel": "A",
    "RecentQuanityOfStockUnits": "1,1,1,1",
    "LongName": "wit brood vierkant dagvers 400g",
    "AlcoholVolume": "0",
    "FicCode": "I",
    "EcoscoreValue": "98"
  },
  {
    "productId": "344960",
    "technicalArticleNumber": "3830392",
    "commercialArticleNumber": "14178",
    "name": "Chocoladebroodjes 8st",
    "description": "*Individueel verpakt",
    "brand": "EVERYDAY",
    "seoBrand": "Everyday",
    "thumbNail": "https://static.colruytgroup.com/images/200x200/std.lang.all/05/32/asset-3280532.jpg",
    "fullImage": "https://static.colruytgroup.com/images/500x500/std.lang.all/05/32/asset-3280532.jpg",
    "squareImage": "https://static.colruytgroup.com/images/500x500sq/std.lang.all/05/32/asset-3280532.jpg",
    "content": "360g",
    "walkRouteSequenceNumber": 6576,
    "price": {
      "basicPrice": 1.99,
      "recommendedQuantity": "1.0",
      "measurementUnitPrice": 5.53,
      "measurementUnit": "K",
      "isRedPrice": false,
      "pricePerUOM": 5.53,
      "activationDate": "01-03-2024",
      "recordSource": "Offline",
      "isPromoActive": "N",
      "priceChangeCode": "H"
    },
    "isAvailable": true,
    "isPriceAvailable": true,
    "inPromo": false,
    "gtin": [
      "05400141222500",
      "15400141222507",
      "15400141672425",
      "05400141672428"
    ],
    "topCategoryName": "Brood/Ontbijt",
    "topCategoryId": "124",
    "businessDomain": "RETAIL_BE",
    "IsPrivateLabel": true,
    "IsBiffe": false,
    "WeightconversionFactor": "0",
    "IsWeightArticle": false,
    "nutriscoreLabel": "E",
    "IsBio": false,
    "CountryOfOrigin": "FRANKRIJK",
    "IsExclusivelySoldInLuxembourg": false,
    "OrderUnit": "P",
    "ShortName": "EVD 8 IND CHOCBR.360G",
    "IsNew": false,
    "EcoscoreLabel": "C",
    "RecentQuanityOfStockUnits": "1,7",
    "LongName": "EVERYDAY Chocoladebroodjes 8st 360g",
    "AlcoholVolume": "0",
    "FicCode": "I",
    "EcoscoreValue": "54"
  },
  {
    "productId": "599280",
    "technicalArticleNumber": "4263881",
    "commercialArticleNumber": "13242",
    "name": "hamburger broodjes 6st",
    "brand": "BONI",
    "seoBrand": "Boni Selection",
    "thumbNail": "https://static.colruytgroup.com/images/200x200/std.lang.all/06/06/asset-3390606.jpg",
    "fullImage": "https://static.colruytgroup.com/images/500x500/std.lang.all/06/06/asset-3390606.jpg",
    "squareImage": "https://static.colruytgroup.com/images/500x500sq/std.lang.all/06/06/asset-3390606.jpg",
    "content": "300g",
    "walkRouteSequenceNumber": 9752,
    "price": {
      "basicPrice": 1.15,
      "recommendedQuantity": "1.0",
      "measurementUnitPrice": 3.84,
      "measurementUnit": "K",
      "isRedPrice": false,
      "pricePerUOM": 3.84,
      "activationDate": "07-11-2023",
      "recordSource": "Offline",
      "isPromoActive": "N",
      "priceChangeCode": "L"
    },
    "isAvailable": true,
    "isPriceAvailable": true,
    "inPromo": false,
    "gtin": [
      "15400141477754",
      "15400141582052",
      "05400141582055",
      "15400141419594",
      "05400141399745",
      "05400141545159",
      "05400141477757"
    ],
    "topCategoryName": "Brood/Ontbijt",
    "topCategoryId": "124",
    "businessDomain": "RETAIL_BE",
    "IsPrivateLabel": true,
    "IsBiffe": false,
    "WeightconversionFactor": "0",
    "IsWeightArticle": false,
    "nutriscoreLabel": "C",
    "IsBio": false,
    "CountryOfOrigin": "DUITSLAND",
    "IsExclusivelySoldInLuxembourg": false,
    "OrderUnit": "P",
    "ShortName": "BONI HAMBURGER 300G",
    "IsNew": false,
    "EcoscoreLabel": "B",
    "RecentQuanityOfStockUnits": "1,10",
    "LongName": "BONI hamburger broodjes 6st 300g",
    "FicCode": "I",
    "EcoscoreValue": "68"
  },
  {
    "productId": "8695",
    "technicalArticleNumber": "1136189",
    "commercialArticleNumber": "15067",
    "name": "havermout",
    "description": "*Biologische\nhavermout",
    "brand": "BONI BIO",
    "seoBrand": "Boni Selection Bio",
    "thumbNail": "https://static.colruytgroup.com/images/200x200/std.lang.all/16/76/asset-3361676.jpg",
    "fullImage": "https://static.colruytgroup.com/images/500x500/std.lang.all/16/76/asset-3361676.jpg",
    "squareImage": "https://static.colruytgroup.com/images/500x500sq/std.lang.all/16/76/asset-3361676.jpg",
    "content": "500g",
    "walkRouteSequenceNumber": 17573,
    "price": {
      "basicPrice": 1.49,
      "recommendedQuantity": "1.0",
      "quantityPrice": 1.19,
      "quantityPriceQuantity": "2.0",
      "measurementUnitPrice": 2.98,
      "measurementUnitQuantityPrice": 2.38,
      "measurementUnit": "K",
      "isRedPrice": false,
      "pricePerUOM": 2.98,
      "activationDate": "20-03-2024",
      "recordSource": "Offline",
      "isPromoActive": "N",
      "priceChangeCode": "E",
      "quantityPricePerUOM": 2.38,
      "quantityActivationDate": "20-03-2024",
      "quantityPriceChangeCode": "E"
    },
    "isAvailable": true,
    "isPriceAvailable": true,
    "inPromo": false,
    "gtin": [
      "15400141367864",
      "15400141235101",
      "05400141367867",
      "05400141350678",
      "05400141235104",
      "05400141213232",
      "05400141126419",
      "05400141150674",
      "05400141274769"
    ],
    "topCategoryName": "Brood/Ontbijt",
    "topCategoryId": "124",
    "businessDomain": "RETAIL_BE",
    "IsPrivateLabel": true,
    "IsBiffe": false,
    "WeightconversionFactor": "0",
    "IsWeightArticle": false,
    "nutriscoreLabel": "A",
    "IsBio": true,
    "CountryOfOrigin": "BELGIË",
    "IsExclusivelySoldInLuxembourg": false,
    "OrderUnit": "P",
    "ShortName": "BS BIO HAVERMOUT 500G",
    "InSeason": true,
    "IsNew": false,
    "EcoscoreLabel": "A",
    "RecentQuanityOfStockUnits": "20,1",
    "LongName": "BONI BIO havermout 500g",
    "AlcoholVolume": "0",
    "StartSeasonDate": "11/04/2012",
    "FicCode": "I",
    "EcoscoreValue": "91"
  },
  {
    "productId": "704852",
    "technicalArticleNumber": "4440055",
    "commercialArticleNumber": "26232",
    "name": "eclairs",
    "brand": "BONI",
    "seoBrand": "Boni Selection",
    "thumbNail": "https://static.colruytgroup.com/images/200x200/std.lang.all/34/62/asset-3263462.jpg",
    "fullImage": "https://static.colruytgroup.com/images/500x500/std.lang.all/34/62/asset-3263462.jpg",
    "squareImage": "https://static.colruytgroup.com/images/500x500sq/std.lang.all/34/62/asset-3263462.jpg",
    "content": "2st",
    "walkRouteSequenceNumber": 6087,
    "price": {
      "basicPrice": 2.29,
      "recommendedQuantity": "1.0",
      "measurementUnitPrice": 13.48,
      "measurementUnit": "K",
      "isRedPrice": false,
      "pricePerUOM": 13.48,
      "activationDate": "21-03-2024",
      "recordSource": "Offline",
      "isPromoActive": "N",
      "priceChangeCode": "E"
    },
    "isAvailable": true,
    "isPriceAvailable": true,
    "inPromo": false,
    "gtin": [
      "15400141512585",
      "05400141932416",
      "05400141512588"
    ],
    "topCategoryName": "Brood/Ontbijt",
    "topCategoryId": "124",
    "businessDomain": "RETAIL_BE",
    "IsPrivateLabel": true,
    "IsBiffe": false,
    "WeightconversionFactor": "0",
    "IsWeightArticle": false,
    "nutriscoreLabel": "D",
    "IsBio": false,
    "CountryOfOrigin": "BELGIË",
    "IsExclusivelySoldInLuxembourg": false,
    "OrderUnit": "P",
    "ShortName": "BONI ECLAIRS 2ST 170G",
    "IsNew": false,
    "EcoscoreLabel": "B",
    "RecentQuanityOfStockUnits": "1",
    "LongName": "BONI eclairs 2st",
    "FicCode": "I",
    "EcoscoreValue": "64"
  },
  {
    "productId": "278209",
    "technicalArticleNumber": "3653321",
    "commercialArticleNumber": "31165",
    "name": "spekkelbrood wit dagvers",
    "description": "Vierkant wit brood\nverrijkt met soja,\nzonnebloempitten\nen lijnzaad.",
    "thumbNail": "https://static.colruytgroup.com/images/200x200/std.lang.all/99/09/asset-1579909.jpg",
    "fullImage": "https://static.colruytgroup.com/images/500x500/std.lang.all/99/09/asset-1579909.jpg",
    "squareImage": "https://static.colruytgroup.com/images/500x500sq/std.lang.all/99/09/asset-1579909.jpg",
    "content": "800g",
    "walkRouteSequenceNumber": 8040,
    "price": {
      "basicPrice": 2.19,
      "recommendedQuantity": "1.0",
      "measurementUnitPrice": 2.74,
      "measurementUnit": "K",
      "isRedPrice": false,
      "pricePerUOM": 2.74,
      "activationDate": "14-03-2023",
      "recordSource": "Offline",
      "isPromoActive": "N",
      "priceChangeCode": "L"
    },
    "isAvailable": true,
    "isPriceAvailable": true,
    "inPromo": false,
    "topCategoryName": "Brood/Ontbijt",
    "topCategoryId": "124",
    "businessDomain": "RETAIL_BE",
    "IsPrivateLabel": false,
    "IsBiffe": false,
    "WeightconversionFactor": "0",
    "IsWeightArticle": false,
    "nutriscoreLabel": "C",
    "IsBio": false,
    "CountryOfOrigin": "BELGIË",
    "IsExclusivelySoldInLuxembourg": false,
    "OrderUnit": "P",
    "ShortName": "SPEKKELBROOD 800G",
    "IsNew": false,
    "EcoscoreLabel": "A",
    "RecentQuanityOfStockUnits": "1,1,1",
    "LongName": "spekkelbrood wit dagvers 800g",
    "AlcoholVolume": "0",
    "FicCode": "I",
    "EcoscoreValue": "98"
  },
  {
    "productId": "1523",
    "technicalArticleNumber": "21506",
    "commercialArticleNumber": "21506",
    "name": "speculoos",
    "brand": "EVERYDAY",
    "seoBrand": "Everyday",
    "thumbNail": "https://static.colruytgroup.com/images/200x200/std.lang.all/19/82/asset-2111982.jpg",
    "fullImage": "https://static.colruytgroup.com/images/500x500/std.lang.all/19/82/asset-2111982.jpg",
    "squareImage": "https://static.colruytgroup.com/images/500x500sq/std.lang.all/19/82/asset-2111982.jpg",
    "content": "4x250g",
    "walkRouteSequenceNumber": 2139,
    "price": {
      "basicPrice": 2.65,
      "recommendedQuantity": "1.0",
      "measurementUnitPrice": 2.65,
      "measurementUnit": "K",
      "isRedPrice": false,
      "pricePerUOM": 2.65,
      "activationDate": "14-02-2024",
      "recordSource": "Offline",
      "isPromoActive": "N",
      "priceChangeCode": "L"
    },
    "isAvailable": true,
    "isPriceAvailable": true,
    "inPromo": false,
    "gtin": [
      "15400141025078",
      "15400141115069",
      "15400141333234",
      "05400141051773",
      "05400141333237"
    ],
    "topCategoryName": "Brood/Ontbijt",
    "topCategoryId": "124",
    "businessDomain": "RETAIL_BE",
    "IsPrivateLabel": true,
    "IsBiffe": false,
    "WeightconversionFactor": "0",
    "IsWeightArticle": false,
    "nutriscoreLabel": "E",
    "IsBio": false,
    "CountryOfOrigin": "BELGIË",
    "IsExclusivelySoldInLuxembourg": false,
    "OrderUnit": "P",
    "ShortName": "EVD SPECULOOS 1KG",
    "InSeason": true,
    "IsNew": false,
    "EcoscoreLabel": "C",
    "RecentQuanityOfStockUnits": "1,9",
    "LongName": "EVERYDAY speculoos 4x250g",
    "AlcoholVolume": "0",
    "StartSeasonDate": "05/09/2013",
    "FicCode": "I",
    "EcoscoreValue": "46"
  },
  {
    "productId": "200538",
    "technicalArticleNumber": "3429105",
    "commercialArticleNumber": "15573",
    "name": "brood keizer",
    "description": "*6 minuten in de\noven",
    "brand": "BONI",
    "seoBrand": "Boni Selection",
    "thumbNail": "https://static.colruytgroup.com/images/200x200/std.lang.all/11/74/asset-2311174.jpg",
    "fullImage": "https://static.colruytgroup.com/images/500x500/std.lang.all/11/74/asset-2311174.jpg",
    "squareImage": "https://static.colruytgroup.com/images/500x500sq/std.lang.all/11/74/asset-2311174.jpg",
    "content": "6x50g",
    "walkRouteSequenceNumber": 18292,
    "price": {
      "basicPrice": 0.89,
      "recommendedQuantity": "1.0",
      "measurementUnitPrice": 2.97,
      "measurementUnit": "K",
      "isRedPrice": false,
      "pricePerUOM": 2.97,
      "activationDate": "19-03-2024",
      "recordSource": "Offline",
      "isPromoActive": "N",
      "priceChangeCode": "H"
    },
    "isAvailable": true,
    "isPriceAvailable": true,
    "inPromo": false,
    "gtin": [
      "05400141605679",
      "15400141605676",
      "05400141387124",
      "15400141387121",
      "05400141126525",
      "15400141126522",
      "05400141377712"
    ],
    "topCategoryName": "Brood/Ontbijt",
    "topCategoryId": "124",
    "businessDomain": "RETAIL_BE",
    "IsPrivateLabel": true,
    "IsBiffe": false,
    "WeightconversionFactor": "0",
    "IsWeightArticle": false,
    "nutriscoreLabel": "C",
    "IsBio": false,
    "CountryOfOrigin": "NEDERLAND",
    "IsExclusivelySoldInLuxembourg": false,
    "OrderUnit": "P",
    "ShortName": "BONI KEIZERBROODJE6X50G",
    "IsNew": false,
    "EcoscoreLabel": "B",
    "RecentQuanityOfStockUnits": "16,1",
    "LongName": "BONI brood keizer 6x50g",
    "AlcoholVolume": "0",
    "FicCode": "I",
    "EcoscoreValue": "77"
  },
  {
    "productId": "34035",
    "technicalArticleNumber": "1653135",
    "commercialArticleNumber": "32028",
    "name": "pitabroodjes voorgebakken 6st",
    "description": "*3-5 minuten in de\noven",
    "brand": "BONI",
    "seoBrand": "Boni Selection",
    "thumbNail": "https://static.colruytgroup.com/images/200x200/std.lang.all/87/07/asset-3428707.jpg",
    "fullImage": "https://static.colruytgroup.com/images/500x500/std.lang.all/87/07/asset-3428707.jpg",
    "squareImage": "https://static.colruytgroup.com/images/500x500sq/std.lang.all/87/07/asset-3428707.jpg",
    "content": "480g",
    "walkRouteSequenceNumber": 9753,
    "price": {
      "basicPrice": 0.948,
      "recommendedQuantity": "1.0",
      "measurementUnitPrice": 1.98,
      "measurementUnit": "K",
      "isRedPrice": false,
      "pricePerUOM": 1.98,
      "activationDate": "22-11-2023",
      "recordSource": "Offline",
      "isPromoActive": "N",
      "priceChangeCode": "H"
    },
    "isAvailable": true,
    "isPriceAvailable": true,
    "inPromo": false,
    "gtin": [
      "15400141944904",
      "05400141944907",
      "15400141332411",
      "05400141164534",
      "15400141420286",
      "15400141921721",
      "05400141332414",
      "15400141434726"
    ],
    "topCategoryName": "Brood/Ontbijt",
    "topCategoryId": "124",
    "businessDomain": "RETAIL_BE",
    "IsPrivateLabel": true,
    "IsBiffe": false,
    "WeightconversionFactor": "0",
    "IsWeightArticle": false,
    "nutriscoreLabel": "C",
    "IsBio": false,
    "CountryOfOrigin": "NEDERLAND",
    "IsExclusivelySoldInLuxembourg": false,
    "OrderUnit": "P",
    "ShortName": "BONI 6 PITAS 480 GR",
    "IsNew": false,
    "EcoscoreLabel": "B",
    "RecentQuanityOfStockUnits": "1,10",
    "LongName": "BONI pitabroodjes voorgebakken 6st 480g",
    "AlcoholVolume": "0",
    "FicCode": "I",
    "EcoscoreValue": "75"
  },
  {
    "productId": "180598",
    "technicalArticleNumber": "3340200",
    "commercialArticleNumber": "7426",
    "name": "speculoos XL",
    "description": "*Individueel verpakt",
    "brand": "LOTUS",
    "seoBrand": "Lotus Biscoff",
    "thumbNail": "https://ecgproductmw.colruytgroup.com/ecgproductmw/noPicForArticle_2.jpg",
    "fullImage": "https://ecgproductmw.colruytgroup.com/ecgproductmw/noPicForArticle_5.jpg",
    "squareImage": "https://ecgproductmw.colruytgroup.com/ecgproductmw/noPicForArticle_5.jpg",
    "content": "12x25g",
    "walkRouteSequenceNumber": 2136,
    "price": {
      "basicPrice": 1.69,
      "recommendedQuantity": "1.0",
      "measurementUnitPrice": 5.64,
      "measurementUnit": "K",
      "isRedPrice": false,
      "pricePerUOM": 5.64,
      "activationDate": "21-03-2024",
      "recordSource": "Folder",
      "isPromoActive": "N",
      "priceChangeCode": "H"
    },
    "isAvailable": true,
    "isPriceAvailable": true,
    "inPromo": true,
    "promotion": [
      {
        "techPromoId": "001928COLR",
        "promotionId": "001928",
        "promotionType": "4",
        "isPersonalized": "N",
        "publicationStartDate": "13-03-2024",
        "publicationEndDate": "26-03-2024"
      }
    ],
    "gtin": [
      "05400141288315",
      "05410126026146",
      "15410126026143"
    ],
    "topCategoryName": "Brood/Ontbijt",
    "topCategoryId": "124",
    "businessDomain": "RETAIL_BE",
    "IsPrivateLabel": false,
    "IsBiffe": false,
    "WeightconversionFactor": "0",
    "IsWeightArticle": false,
    "nutriscoreLabel": "E",
    "IsBio": false,
    "CountryOfOrigin": "BELGIË",
    "IsExclusivelySoldInLuxembourg": false,
    "OrderUnit": "P",
    "ShortName": "LOTUS SPECULOOS XL 12P",
    "IsNew": false,
    "RecentQuanityOfStockUnits": "1,12",
    "LongName": "LOTUS speculoos XL 12x25g",
    "AlcoholVolume": "0",
    "FicCode": "E"
  },
  {
    "productId": "884519",
    "technicalArticleNumber": "4743501",
    "commercialArticleNumber": "32482",
    "name": "Hamburgerbrood MAXI",
    "brand": "BONI",
    "seoBrand": "Boni Selection",
    "thumbNail": "https://static.colruytgroup.com/images/200x200/std.lang.all/29/91/asset-3432991.jpg",
    "fullImage": "https://static.colruytgroup.com/images/500x500/std.lang.all/29/91/asset-3432991.jpg",
    "squareImage": "https://static.colruytgroup.com/images/500x500sq/std.lang.all/29/91/asset-3432991.jpg",
    "content": "330g",
    "walkRouteSequenceNumber": 18293,
    "price": {
      "basicPrice": 1.29,
      "recommendedQuantity": "1.0",
      "measurementUnitPrice": 3.91,
      "measurementUnit": "K",
      "isRedPrice": false,
      "pricePerUOM": 3.91,
      "activationDate": "18-10-2023",
      "recordSource": "Offline",
      "isPromoActive": "N",
      "priceChangeCode": "H"
    },
    "isAvailable": true,
    "isPriceAvailable": true,
    "inPromo": false,
    "gtin": [
      "05400141477740"
    ],
    "topCategoryName": "Brood/Ontbijt",
    "topCategoryId": "124",
    "businessDomain": "RETAIL_BE",
    "IsPrivateLabel": true,
    "IsBiffe": false,
    "WeightconversionFactor": "0",
    "IsWeightArticle": false,
    "nutriscoreLabel": "B",
    "IsBio": false,
    "CountryOfOrigin": "FRANKRIJK",
    "IsExclusivelySoldInLuxembourg": false,
    "OrderUnit": "P",
    "ShortName": "BONI HAMBURGER MAXI330G",
    "IsNew": false,
    "RecentQuanityOfStockUnits": "1,10",
    "LongName": "BONI Hamburgerbrood MAXI 330g",
    "FicCode": "I"
  },
  {
    "productId": "219383",
    "technicalArticleNumber": "3505847",
    "commercialArticleNumber": "50569",
    "name": "confituur aardbei 61%",
    "description": "*61% vruchten",
    "brand": "BONI",
    "seoBrand": "Boni Selection",
    "thumbNail": "https://static.colruytgroup.com/images/200x200/std.lang.all/04/44/asset-3140444.jpg",
    "fullImage": "https://static.colruytgroup.com/images/500x500/std.lang.all/04/44/asset-3140444.jpg",
    "squareImage": "https://static.colruytgroup.com/images/500x500sq/std.lang.all/04/44/asset-3140444.jpg",
    "content": "450g",
    "walkRouteSequenceNumber": 17897,
    "price": {
      "basicPrice": 1.45,
      "recommendedQuantity": "1.0",
      "measurementUnitPrice": 3.23,
      "measurementUnit": "K",
      "isRedPrice": false,
      "pricePerUOM": 3.23,
      "activationDate": "21-11-2023",
      "recordSource": "Offline",
      "isPromoActive": "N",
      "priceChangeCode": "H"
    },
    "isAvailable": true,
    "isPriceAvailable": true,
    "inPromo": false,
    "gtin": [
      "15400141322481",
      "05400141404203",
      "05400141322484",
      "15400141838562",
      "15400141792048",
      "05400141792041"
    ],
    "topCategoryName": "Brood/Ontbijt",
    "topCategoryId": "124",
    "businessDomain": "RETAIL_BE",
    "IsPrivateLabel": true,
    "IsBiffe": false,
    "WeightconversionFactor": "0",
    "IsWeightArticle": false,
    "nutriscoreLabel": "D",
    "IsBio": false,
    "CountryOfOrigin": "FRANKRIJK",
    "IsExclusivelySoldInLuxembourg": false,
    "OrderUnit": "P",
    "ShortName": "BONI AARDB.CONF.61%450G",
    "IsNew": false,
    "EcoscoreLabel": "B",
    "RecentQuanityOfStockUnits": "1,6",
    "LongName": "BONI confituur aardbei 61% 450g",
    "AlcoholVolume": "0",
    "FicCode": "I",
    "EcoscoreValue": "73"
  },
  {
    "productId": "150465",
    "technicalArticleNumber": "3318690",
    "commercialArticleNumber": "19234",
    "name": "brioche gesneden",
    "brand": "BONI",
    "seoBrand": "Boni Selection",
    "thumbNail": "https://static.colruytgroup.com/images/200x200/std.lang.all/62/42/asset-2376242.jpg",
    "fullImage": "https://static.colruytgroup.com/images/500x500/std.lang.all/62/42/asset-2376242.jpg",
    "squareImage": "https://static.colruytgroup.com/images/500x500sq/std.lang.all/62/42/asset-2376242.jpg",
    "content": "500g",
    "walkRouteSequenceNumber": 6573,
    "price": {
      "basicPrice": 2.65,
      "recommendedQuantity": "1.0",
      "measurementUnitPrice": 5.3,
      "measurementUnit": "K",
      "isRedPrice": false,
      "pricePerUOM": 5.3,
      "activationDate": "20-02-2024",
      "recordSource": "Offline",
      "isPromoActive": "N",
      "priceChangeCode": "L"
    },
    "isAvailable": true,
    "isPriceAvailable": true,
    "inPromo": false,
    "gtin": [
      "05400141422764",
      "15400141422761",
      "05400141262414",
      "15400141905615"
    ],
    "topCategoryName": "Brood/Ontbijt",
    "topCategoryId": "124",
    "businessDomain": "RETAIL_BE",
    "IsPrivateLabel": true,
    "IsBiffe": false,
    "WeightconversionFactor": "0",
    "IsWeightArticle": false,
    "nutriscoreLabel": "D",
    "IsBio": false,
    "CountryOfOrigin": "FRANKRIJK",
    "IsExclusivelySoldInLuxembourg": false,
    "OrderUnit": "P",
    "ShortName": "BONI GESN BRIOCHE 500GR",
    "IsNew": false,
    "EcoscoreLabel": "C",
    "RecentQuanityOfStockUnits": "7,1",
    "LongName": "BONI brioche gesneden 500g",
    "AlcoholVolume": "0",
    "FicCode": "I",
    "EcoscoreValue": "49"
  },
  {
    "productId": "9811",
    "technicalArticleNumber": "1383236",
    "commercialArticleNumber": "12251",
    "name": "wraps Mexicaans 6st",
    "description": "*6 Mexicaanse wraps",
    "brand": "POCO LOCO",
    "seoBrand": "Poco Loco",
    "thumbNail": "https://static.colruytgroup.com/images/200x200/std.lang.all/50/99/asset-2755099.jpg",
    "fullImage": "https://static.colruytgroup.com/images/500x500/std.lang.all/50/99/asset-2755099.jpg",
    "squareImage": "https://static.colruytgroup.com/images/500x500sq/std.lang.all/50/99/asset-2755099.jpg",
    "content": "370g",
    "walkRouteSequenceNumber": 8587,
    "price": {
      "basicPrice": 2.67,
      "recommendedQuantity": "1.0",
      "measurementUnitPrice": 7.22,
      "measurementUnit": "K",
      "isRedPrice": false,
      "pricePerUOM": 7.22,
      "activationDate": "16-01-2024",
      "isPromoActive": "N",
      "priceChangeCode": "H"
    },
    "isAvailable": true,
    "isPriceAvailable": true,
    "inPromo": false,
    "gtin": [
      "05412514350000",
      "15412514350007"
    ],
    "topCategoryName": "Brood/Ontbijt",
    "topCategoryId": "124",
    "businessDomain": "RETAIL_BE",
    "IsPrivateLabel": false,
    "IsBiffe": false,
    "WeightconversionFactor": "0",
    "IsWeightArticle": false,
    "nutriscoreLabel": "D",
    "IsBio": false,
    "CountryOfOrigin": "BELGIË",
    "IsExclusivelySoldInLuxembourg": false,
    "OrderUnit": "P",
    "ShortName": "POCO LOCO 6 WRAPS 370G",
    "IsNew": false,
    "EcoscoreLabel": "B",
    "RecentQuanityOfStockUnits": "1,14",
    "LongName": "POCO LOCO wraps Mexicaans 6st 370g",
    "AlcoholVolume": "0",
    "FicCode": "E",
    "EcoscoreValue": "73"
  },
  {
    "productId": "34034",
    "technicalArticleNumber": "1653131",
    "commercialArticleNumber": "32027",
    "name": "pitabroodjes voorgebakken 10st",
    "description": "*3-5 minuten in de\noven",
    "brand": "BONI",
    "seoBrand": "Boni Selection",
    "thumbNail": "https://static.colruytgroup.com/images/200x200/std.lang.all/30/12/asset-3273012.jpg",
    "fullImage": "https://static.colruytgroup.com/images/500x500/std.lang.all/30/12/asset-3273012.jpg",
    "squareImage": "https://static.colruytgroup.com/images/500x500sq/std.lang.all/30/12/asset-3273012.jpg",
    "content": "500g",
    "walkRouteSequenceNumber": 9751,
    "price": {
      "basicPrice": 0.89,
      "recommendedQuantity": "1.0",
      "measurementUnitPrice": 1.78,
      "measurementUnit": "K",
      "isRedPrice": false,
      "pricePerUOM": 1.78,
      "activationDate": "14-11-2023",
      "recordSource": "Offline",
      "isPromoActive": "N",
      "priceChangeCode": "E"
    },
    "isAvailable": true,
    "isPriceAvailable": true,
    "inPromo": false,
    "gtin": [
      "05400141164527",
      "15400141921714",
      "05400141422870",
      "15400141323440",
      "05400141944945",
      "15400141944942"
    ],
    "topCategoryName": "Brood/Ontbijt",
    "topCategoryId": "124",
    "businessDomain": "RETAIL_BE",
    "IsPrivateLabel": true,
    "IsBiffe": false,
    "WeightconversionFactor": "0",
    "IsWeightArticle": false,
    "nutriscoreLabel": "C",
    "IsBio": false,
    "CountryOfOrigin": "NEDERLAND",
    "IsExclusivelySoldInLuxembourg": false,
    "OrderUnit": "P",
    "ShortName": "BONI 10 PITAS 500 G",
    "InSeason": true,
    "IsNew": false,
    "EcoscoreLabel": "B",
    "RecentQuanityOfStockUnits": "1,9",
    "LongName": "BONI pitabroodjes voorgebakken 10st 500g",
    "AlcoholVolume": "0",
    "StartSeasonDate": "12/12/2019",
    "FicCode": "I",
    "EcoscoreValue": "75"
  },
  {
    "productId": "866206",
    "technicalArticleNumber": "4718487",
    "commercialArticleNumber": "6069",
    "name": "Cereal Flakes pure chocolade",
    "description": "*Volkoren tarwe-,\nen rijstvlokken met\npure\nchocoladeschilfers",
    "brand": "BONI",
    "seoBrand": "Boni Selection",
    "thumbNail": "https://static.colruytgroup.com/images/200x200/std.lang.all/87/12/asset-3338712.jpg",
    "fullImage": "https://static.colruytgroup.com/images/500x500/std.lang.all/87/12/asset-3338712.jpg",
    "squareImage": "https://static.colruytgroup.com/images/500x500sq/std.lang.all/87/12/asset-3338712.jpg",
    "content": "475g",
    "walkRouteSequenceNumber": 17450,
    "price": {
      "basicPrice": 1.95,
      "recommendedQuantity": "1.0",
      "measurementUnitPrice": 4.11,
      "measurementUnit": "K",
      "isRedPrice": false,
      "pricePerUOM": 4.11,
      "activationDate": "23-01-2024",
      "recordSource": "Offline",
      "isPromoActive": "N",
      "priceChangeCode": "L"
    },
    "isAvailable": true,
    "isPriceAvailable": true,
    "inPromo": false,
    "gtin": [
      "15400141711827",
      "05400141711820"
    ],
    "topCategoryName": "Brood/Ontbijt",
    "topCategoryId": "124",
    "businessDomain": "RETAIL_BE",
    "IsPrivateLabel": true,
    "IsBiffe": false,
    "WeightconversionFactor": "0",
    "IsWeightArticle": false,
    "nutriscoreLabel": "D",
    "IsBio": false,
    "CountryOfOrigin": "FRANKRIJK",
    "IsExclusivelySoldInLuxembourg": false,
    "OrderUnit": "P",
    "ShortName": "BONI CE.FLAK.PUR.CHO475",
    "IsNew": false,
    "EcoscoreLabel": "D",
    "RecentQuanityOfStockUnits": "1,12",
    "LongName": "BONI Cereal Flakes pure chocolade 475g",
    "AlcoholVolume": "0",
    "FicCode": "I",
    "EcoscoreValue": "36"
  },
  {
    "productId": "13858",
    "technicalArticleNumber": "1334324",
    "commercialArticleNumber": "31236",
    "name": "ciabatta voorgebakken",
    "description": "*10 minuten in de\noven",
    "brand": "BONI",
    "seoBrand": "Boni Selection",
    "thumbNail": "https://static.colruytgroup.com/images/200x200/std.lang.all/32/99/asset-2263299.jpg",
    "fullImage": "https://static.colruytgroup.com/images/500x500/std.lang.all/32/99/asset-2263299.jpg",
    "squareImage": "https://static.colruytgroup.com/images/500x500sq/std.lang.all/32/99/asset-2263299.jpg",
    "content": "300g",
    "walkRouteSequenceNumber": 9757,
    "price": {
      "basicPrice": 0.828,
      "recommendedQuantity": "1.0",
      "measurementUnitPrice": 2.76,
      "measurementUnit": "K",
      "isRedPrice": false,
      "pricePerUOM": 2.76,
      "activationDate": "18-01-2024",
      "recordSource": "Offline",
      "isPromoActive": "N",
      "priceChangeCode": "H"
    },
    "isAvailable": true,
    "isPriceAvailable": true,
    "inPromo": false,
    "gtin": [
      "05400141258455",
      "05400141312362",
      "15400141387084",
      "15400141906636",
      "05400141387087"
    ],
    "topCategoryName": "Brood/Ontbijt",
    "topCategoryId": "124",
    "businessDomain": "RETAIL_BE",
    "IsPrivateLabel": true,
    "IsBiffe": false,
    "WeightconversionFactor": "0",
    "IsWeightArticle": false,
    "nutriscoreLabel": "C",
    "IsBio": false,
    "CountryOfOrigin": "FRANKRIJK",
    "IsExclusivelySoldInLuxembourg": false,
    "OrderUnit": "P",
    "ShortName": "BONI CIABATTA 300G",
    "IsNew": false,
    "EcoscoreLabel": "B",
    "RecentQuanityOfStockUnits": "16,1",
    "LongName": "BONI ciabatta voorgebakken 300g",
    "AlcoholVolume": "0",
    "FicCode": "I",
    "EcoscoreValue": "79"
  },
  {
    "productId": "1081",
    "technicalArticleNumber": "16012",
    "commercialArticleNumber": "16012",
    "name": "hazelnootpasta",
    "description": "*7.5 % magere\ncacaopoeder\n*9% hazelnoten",
    "brand": "EVERYDAY",
    "seoBrand": "Everyday",
    "thumbNail": "https://static.colruytgroup.com/images/200x200/std.lang.all/13/82/asset-3421382.jpg",
    "fullImage": "https://static.colruytgroup.com/images/500x500/std.lang.all/13/82/asset-3421382.jpg",
    "squareImage": "https://static.colruytgroup.com/images/500x500sq/std.lang.all/13/82/asset-3421382.jpg",
    "content": "750g",
    "walkRouteSequenceNumber": 17658,
    "price": {
      "basicPrice": 1.98,
      "recommendedQuantity": "1.0",
      "measurementUnitPrice": 2.64,
      "measurementUnit": "K",
      "isRedPrice": false,
      "pricePerUOM": 2.64,
      "activationDate": "13-03-2024",
      "recordSource": "Offline",
      "isPromoActive": "N",
      "priceChangeCode": "L"
    },
    "isAvailable": true,
    "isPriceAvailable": true,
    "inPromo": false,
    "gtin": [
      "05400141036848",
      "05400141104493",
      "15400141036845",
      "05400141550603",
      "15400141550600",
      "05400141977912"
    ],
    "topCategoryName": "Brood/Ontbijt",
    "topCategoryId": "124",
    "businessDomain": "RETAIL_BE",
    "IsPrivateLabel": true,
    "IsBiffe": false,
    "WeightconversionFactor": "0",
    "IsWeightArticle": false,
    "nutriscoreLabel": "E",
    "IsBio": false,
    "CountryOfOrigin": "NEDERLAND",
    "IsExclusivelySoldInLuxembourg": false,
    "OrderUnit": "P",
    "ShortName": "EVD HAZ.NOOT PASTA 750G",
    "IsNew": false,
    "EcoscoreLabel": "B",
    "RecentQuanityOfStockUnits": "1,1,6",
    "LongName": "EVERYDAY hazelnootpasta 750g",
    "AlcoholVolume": "0",
    "FicCode": "I",
    "EcoscoreValue": "62"
  },
  {
    "productId": "99248",
    "technicalArticleNumber": "2806931",
    "commercialArticleNumber": "32771",
    "name": "panini voorgebakken",
    "description": "*5 minuten in de\noven",
    "brand": "BONI",
    "seoBrand": "Boni Selection",
    "thumbNail": "https://static.colruytgroup.com/images/200x200/std.lang.all/85/61/asset-3228561.jpg",
    "fullImage": "https://static.colruytgroup.com/images/500x500/std.lang.all/85/61/asset-3228561.jpg",
    "squareImage": "https://static.colruytgroup.com/images/500x500sq/std.lang.all/85/61/asset-3228561.jpg",
    "content": "240g",
    "walkRouteSequenceNumber": 9767,
    "price": {
      "basicPrice": 1.59,
      "recommendedQuantity": "1.0",
      "measurementUnitPrice": 6.63,
      "measurementUnit": "K",
      "isRedPrice": false,
      "pricePerUOM": 6.63,
      "activationDate": "31-05-2023",
      "recordSource": "Offline",
      "isPromoActive": "N",
      "priceChangeCode": "H"
    },
    "isAvailable": true,
    "isPriceAvailable": true,
    "inPromo": false,
    "gtin": [
      "01540014100185",
      "05400141001808",
      "15400141920601",
      "05400141977851"
    ],
    "topCategoryName": "Brood/Ontbijt",
    "topCategoryId": "124",
    "businessDomain": "RETAIL_BE",
    "IsPrivateLabel": true,
    "IsBiffe": false,
    "WeightconversionFactor": "0",
    "IsWeightArticle": false,
    "nutriscoreLabel": "C",
    "IsBio": false,
    "CountryOfOrigin": "FRANKRIJK",
    "IsExclusivelySoldInLuxembourg": false,
    "OrderUnit": "P",
    "ShortName": "BONI PANINI 4X60G",
    "IsNew": false,
    "EcoscoreLabel": "B",
    "RecentQuanityOfStockUnits": "8,1,1,8",
    "LongName": "BONI panini voorgebakken 240g",
    "AlcoholVolume": "0",
    "FicCode": "I",
    "EcoscoreValue": "73"
  },
  {
    "productId": "168",
    "technicalArticleNumber": "15414",
    "commercialArticleNumber": "15414",
    "name": "rijstwafel volle rijst",
    "description": "*Rijstwafel, rond,\nvolle rijst,\nmet zeezout",
    "brand": "EVERYDAY",
    "seoBrand": "Everyday",
    "thumbNail": "https://static.colruytgroup.com/images/200x200/std.lang.all/57/74/asset-835774.jpg",
    "fullImage": "https://static.colruytgroup.com/images/500x500/std.lang.all/57/74/asset-835774.jpg",
    "squareImage": "https://static.colruytgroup.com/images/500x500sq/std.lang.all/57/74/asset-835774.jpg",
    "content": "100g",
    "walkRouteSequenceNumber": 17114,
    "price": {
      "basicPrice": 0.376,
      "recommendedQuantity": "3.0",
      "measurementUnitPrice": 3.77,
      "measurementUnit": "K",
      "isRedPrice": false,
      "pricePerUOM": 3.77,
      "activationDate": "14-11-2023",
      "recordSource": "Offline",
      "isPromoActive": "N",
      "priceChangeCode": "E"
    },
    "isAvailable": true,
    "isPriceAvailable": true,
    "inPromo": false,
    "gtin": [
      "05400141022377",
      "05400141154146",
      "05400141168457",
      "05400141254143",
      "05400141359183",
      "05400141359190",
      "05400141754148",
      "15400141828600"
    ],
    "topCategoryName": "Brood/Ontbijt",
    "topCategoryId": "124",
    "businessDomain": "RETAIL_BE",
    "IsPrivateLabel": true,
    "IsBiffe": false,
    "WeightconversionFactor": "0",
    "IsWeightArticle": false,
    "nutriscoreLabel": "B",
    "IsBio": false,
    "CountryOfOrigin": "NEDERLAND",
    "IsExclusivelySoldInLuxembourg": false,
    "OrderUnit": "P",
    "ShortName": "EVD RIJSTWAFELS 100GR",
    "InSeason": true,
    "IsNew": false,
    "EcoscoreLabel": "C",
    "RecentQuanityOfStockUnits": "24,3,1",
    "LongName": "EVERYDAY rijstwafel volle rijst 100g",
    "AlcoholVolume": "0",
    "StartSeasonDate": "24/02/2011",
    "FicCode": "I",
    "EcoscoreValue": "48"
  },
  {
    "productId": "859470",
    "technicalArticleNumber": "4709796",
    "commercialArticleNumber": "1099",
    "name": "paaskoek",
    "brand": "BONI",
    "seoBrand": "Boni Selection",
    "thumbNail": "https://static.colruytgroup.com/images/200x200/std.lang.all/10/41/asset-3441041.jpg",
    "fullImage": "https://static.colruytgroup.com/images/500x500/std.lang.all/10/41/asset-3441041.jpg",
    "squareImage": "https://static.colruytgroup.com/images/500x500sq/std.lang.all/10/41/asset-3441041.jpg",
    "content": "2x150g",
    "walkRouteSequenceNumber": 14284,
    "price": {
      "basicPrice": 2.79,
      "recommendedQuantity": "1.0",
      "measurementUnitPrice": 9.3,
      "measurementUnit": "K",
      "isRedPrice": false,
      "pricePerUOM": 9.3,
      "activationDate": "17-02-2023",
      "isPromoActive": "N",
      "priceChangeCode": "E"
    },
    "isAvailable": true,
    "isPriceAvailable": true,
    "inPromo": false,
    "gtin": [
      "05400141456462"
    ],
    "topCategoryName": "Brood/Ontbijt",
    "topCategoryId": "124",
    "businessDomain": "RETAIL_BE",
    "IsPrivateLabel": true,
    "IsBiffe": false,
    "WeightconversionFactor": "0",
    "IsWeightArticle": false,
    "IsBio": false,
    "CountryOfOrigin": "BELGIË",
    "IsExclusivelySoldInLuxembourg": false,
    "OrderUnit": "P",
    "ShortName": "BONI PAASK. CHOC 2X150G",
    "IsNew": false,
    "RecentQuanityOfStockUnits": "1",
    "LongName": "BONI paaskoek 2x150g",
    "AlcoholVolume": "0",
    "FicCode": "I"
  },
  {
    "productId": "113720",
    "technicalArticleNumber": "3084549",
    "commercialArticleNumber": "40244",
    "name": "speculoos",
    "brand": "LOTUS",
    "seoBrand": "Lotus Biscoff",
    "thumbNail": "https://static.colruytgroup.com/images/200x200/std.lang.all/53/88/asset-3365388.jpg",
    "fullImage": "https://static.colruytgroup.com/images/500x500/std.lang.all/53/88/asset-3365388.jpg",
    "squareImage": "https://static.colruytgroup.com/images/500x500sq/std.lang.all/53/88/asset-3365388.jpg",
    "content": "2x125g",
    "walkRouteSequenceNumber": 2138,
    "price": {
      "basicPrice": 1.39,
      "recommendedQuantity": "1.0",
      "measurementUnitPrice": 5.56,
      "measurementUnit": "K",
      "isRedPrice": false,
      "pricePerUOM": 5.56,
      "activationDate": "15-03-2024",
      "recordSource": "Offline",
      "isPromoActive": "N",
      "priceChangeCode": "E"
    },
    "isAvailable": true,
    "isPriceAvailable": true,
    "inPromo": true,
    "promotion": [
      {
        "techPromoId": "001928COLR",
        "promotionId": "001928",
        "promotionType": "4",
        "isPersonalized": "N",
        "publicationStartDate": "13-03-2024",
        "publicationEndDate": "26-03-2024"
      }
    ],
    "gtin": [
      "05410126006025",
      "05410126806069",
      "15410126026068"
    ],
    "topCategoryName": "Brood/Ontbijt",
    "topCategoryId": "124",
    "businessDomain": "RETAIL_BE",
    "IsPrivateLabel": false,
    "IsBiffe": false,
    "WeightconversionFactor": "0",
    "IsWeightArticle": false,
    "nutriscoreLabel": "E",
    "IsBio": false,
    "CountryOfOrigin": "BELGIË",
    "IsExclusivelySoldInLuxembourg": false,
    "OrderUnit": "P",
    "ShortName": "LOTUS SPECULOOS 2X125G",
    "IsNew": false,
    "RecentQuanityOfStockUnits": "1,24",
    "LongName": "LOTUS speculoos 2x125g",
    "AlcoholVolume": "0",
    "FicCode": "E"
  },
  {
    "productId": "11922",
    "technicalArticleNumber": "1391420",
    "commercialArticleNumber": "16027",
    "name": "chocopasta met hazelnoten",
    "description": "*7,4 % magere\ncacaopoeder\n*13 % hazelnoten",
    "brand": "NUTELLA",
    "seoBrand": "Nutella",
    "thumbNail": "https://static.colruytgroup.com/images/200x200/std.lang.all/98/41/asset-849841.jpg",
    "fullImage": "https://static.colruytgroup.com/images/500x500/std.lang.all/98/41/asset-849841.jpg",
    "squareImage": "https://static.colruytgroup.com/images/500x500sq/std.lang.all/98/41/asset-849841.jpg",
    "content": "200g",
    "walkRouteSequenceNumber": 17664,
    "price": {
      "basicPrice": 2.19,
      "recommendedQuantity": "1.0",
      "measurementUnitPrice": 10.95,
      "measurementUnit": "K",
      "isRedPrice": false,
      "pricePerUOM": 10.95,
      "activationDate": "28-02-2024",
      "recordSource": "Offline",
      "isPromoActive": "N",
      "priceChangeCode": "E"
    },
    "isAvailable": true,
    "isPriceAvailable": true,
    "inPromo": false,
    "gtin": [
      "00000080135463",
      "08000500015476"
    ],
    "topCategoryName": "Brood/Ontbijt",
    "topCategoryId": "124",
    "businessDomain": "RETAIL_BE",
    "IsPrivateLabel": false,
    "IsBiffe": false,
    "WeightconversionFactor": "0",
    "IsWeightArticle": false,
    "nutriscoreLabel": "E",
    "IsBio": false,
    "CountryOfOrigin": "FRANKRIJK",
    "IsExclusivelySoldInLuxembourg": false,
    "OrderUnit": "P",
    "ShortName": "NUTE CHOCOP.HAZELN.200G",
    "InSeason": true,
    "IsNew": false,
    "RecentQuanityOfStockUnits": "1,15",
    "LongName": "NUTELLA chocopasta met hazelnoten 200g",
    "AlcoholVolume": "0",
    "StartSeasonDate": "13/03/2013",
    "FicCode": "E"
  },
  {
    "productId": "474882",
    "technicalArticleNumber": "4061840",
    "commercialArticleNumber": "6898",
    "name": "carré multi spelt",
    "description": "*Klein lang speltbrood\n*Ingesneden +\ndecoratie",
    "thumbNail": "https://static.colruytgroup.com/images/200x200/std.lang.all/72/86/asset-3377286.jpg",
    "fullImage": "https://static.colruytgroup.com/images/500x500/std.lang.all/72/86/asset-3377286.jpg",
    "squareImage": "https://static.colruytgroup.com/images/500x500sq/std.lang.all/72/86/asset-3377286.jpg",
    "content": "400g",
    "walkRouteSequenceNumber": 8046,
    "price": {
      "basicPrice": 2.19,
      "recommendedQuantity": "1.0",
      "measurementUnitPrice": 5.48,
      "measurementUnit": "K",
      "isRedPrice": false,
      "pricePerUOM": 5.48,
      "activationDate": "29-10-2022",
      "isPromoActive": "N",
      "priceChangeCode": "E"
    },
    "isAvailable": true,
    "isPriceAvailable": true,
    "inPromo": false,
    "topCategoryName": "Brood/Ontbijt",
    "topCategoryId": "124",
    "businessDomain": "RETAIL_BE",
    "IsPrivateLabel": false,
    "IsBiffe": false,
    "WeightconversionFactor": "0",
    "IsWeightArticle": false,
    "nutriscoreLabel": "C",
    "IsBio": false,
    "CountryOfOrigin": "BELGIË",
    "IsExclusivelySoldInLuxembourg": false,
    "OrderUnit": "P",
    "ShortName": "S. MULTI SPELT400G",
    "IsNew": false,
    "EcoscoreLabel": "B",
    "RecentQuanityOfStockUnits": "1,1,1,1",
    "LongName": "carré multi spelt 400g",
    "FicCode": "I",
    "EcoscoreValue": "71"
  },
  {
    "productId": "57052",
    "technicalArticleNumber": "2319804",
    "commercialArticleNumber": "16959",
    "name": "Choco Clams",
    "description": "*Tarwevlokken met\nchocoladepoeder",
    "brand": "BONI",
    "seoBrand": "Boni Selection",
    "thumbNail": "https://static.colruytgroup.com/images/200x200/std.lang.all/30/92/asset-2793092.jpg",
    "fullImage": "https://static.colruytgroup.com/images/500x500/std.lang.all/30/92/asset-2793092.jpg",
    "squareImage": "https://static.colruytgroup.com/images/500x500sq/std.lang.all/30/92/asset-2793092.jpg",
    "content": "750g",
    "walkRouteSequenceNumber": 17190,
    "price": {
      "basicPrice": 2.08,
      "recommendedQuantity": "1.0",
      "measurementUnitPrice": 2.78,
      "measurementUnit": "K",
      "isRedPrice": false,
      "pricePerUOM": 2.78,
      "activationDate": "13-03-2024",
      "recordSource": "Offline",
      "isPromoActive": "N",
      "priceChangeCode": "H"
    },
    "isAvailable": true,
    "isPriceAvailable": true,
    "inPromo": false,
    "gtin": [
      "05400141937756",
      "15400141988892",
      "15400141279914",
      "05400141424539",
      "05400141279917",
      "05400141117400",
      "05400141038156",
      "05400141022674",
      "15400141937753"
    ],
    "topCategoryName": "Brood/Ontbijt",
    "topCategoryId": "124",
    "businessDomain": "RETAIL_BE",
    "IsPrivateLabel": true,
    "IsBiffe": false,
    "WeightconversionFactor": "0",
    "IsWeightArticle": false,
    "nutriscoreLabel": "D",
    "IsBio": false,
    "CountryOfOrigin": "BELGIË",
    "IsExclusivelySoldInLuxembourg": false,
    "OrderUnit": "P",
    "ShortName": "BONI CHOCOCL 750G",
    "IsNew": false,
    "EcoscoreLabel": "C",
    "RecentQuanityOfStockUnits": "8,1",
    "LongName": "BONI Choco Clams 750g",
    "AlcoholVolume": "0",
    "FicCode": "I",
    "EcoscoreValue": "44"
  },
  {
    "productId": "72211",
    "technicalArticleNumber": "2568062",
    "commercialArticleNumber": "1741",
    "name": "chocopasta hazelnoot duo",
    "description": "*2,5% magere cacaopoeder\n*6.5% hazelnoten",
    "brand": "BONI",
    "seoBrand": "Boni Selection",
    "thumbNail": "https://static.colruytgroup.com/images/200x200/std.lang.all/95/31/asset-3359531.jpg",
    "fullImage": "https://static.colruytgroup.com/images/500x500/std.lang.all/95/31/asset-3359531.jpg",
    "squareImage": "https://static.colruytgroup.com/images/500x500sq/std.lang.all/95/31/asset-3359531.jpg",
    "content": "400g",
    "walkRouteSequenceNumber": 17635,
    "price": {
      "basicPrice": 1.32,
      "recommendedQuantity": "1.0",
      "measurementUnitPrice": 3.3,
      "measurementUnit": "K",
      "isRedPrice": false,
      "pricePerUOM": 3.3,
      "activationDate": "16-01-2024",
      "recordSource": "Offline",
      "isPromoActive": "N",
      "priceChangeCode": "E"
    },
    "isAvailable": true,
    "isPriceAvailable": true,
    "inPromo": false,
    "gtin": [
      "15400141322009",
      "05400141991468",
      "15400141975649",
      "05400141102000",
      "05400141322002",
      "05400141405316",
      "15400141000235",
      "15400141991465",
      "05400141605037",
      "15400141605034",
      "15400141486169",
      "05400141486162"
    ],
    "topCategoryName": "Brood/Ontbijt",
    "topCategoryId": "124",
    "businessDomain": "RETAIL_BE",
    "IsPrivateLabel": true,
    "IsBiffe": false,
    "WeightconversionFactor": "0",
    "IsWeightArticle": false,
    "nutriscoreLabel": "E",
    "IsBio": false,
    "CountryOfOrigin": "NEDERLAND",
    "IsExclusivelySoldInLuxembourg": false,
    "OrderUnit": "P",
    "ShortName": "BONI CHOCODUO 8 HAZ.400",
    "IsNew": false,
    "EcoscoreLabel": "B",
    "RecentQuanityOfStockUnits": "1,1,12,1",
    "LongName": "BONI chocopasta hazelnoot duo 400g",
    "AlcoholVolume": "0",
    "FicCode": "I",
    "EcoscoreValue": "64"
  },
  {
    "productId": "135903",
    "technicalArticleNumber": "3165307",
    "commercialArticleNumber": "36494",
    "name": "hoevebrood bruin",
    "brand": "BONI",
    "seoBrand": "Boni Selection",
    "thumbNail": "https://static.colruytgroup.com/images/200x200/std.lang.all/61/63/asset-656163.jpg",
    "fullImage": "https://static.colruytgroup.com/images/500x500/std.lang.all/61/63/asset-656163.jpg",
    "squareImage": "https://static.colruytgroup.com/images/500x500sq/std.lang.all/61/63/asset-656163.jpg",
    "content": "800g",
    "walkRouteSequenceNumber": 8037,
    "price": {
      "basicPrice": 1.69,
      "recommendedQuantity": "1.0",
      "measurementUnitPrice": 2.12,
      "measurementUnit": "K",
      "isRedPrice": false,
      "pricePerUOM": 2.12,
      "activationDate": "29-11-2023",
      "recordSource": "Offline",
      "isPromoActive": "N",
      "priceChangeCode": "H"
    },
    "isAvailable": true,
    "isPriceAvailable": true,
    "inPromo": false,
    "topCategoryName": "Brood/Ontbijt",
    "topCategoryId": "124",
    "businessDomain": "RETAIL_BE",
    "IsPrivateLabel": true,
    "IsBiffe": false,
    "WeightconversionFactor": "0",
    "IsWeightArticle": false,
    "nutriscoreLabel": "C",
    "IsBio": false,
    "CountryOfOrigin": "BELGIË",
    "IsExclusivelySoldInLuxembourg": false,
    "OrderUnit": "P",
    "ShortName": "VV HOEVEBR LICHTGRIJ800",
    "IsNew": false,
    "EcoscoreLabel": "A",
    "RecentQuanityOfStockUnits": "1",
    "LongName": "BONI hoevebrood bruin 800g",
    "AlcoholVolume": "0",
    "FicCode": "I",
    "EcoscoreValue": "90"
  },
  {
    "productId": "313080",
    "technicalArticleNumber": "3735252",
    "commercialArticleNumber": "41643",
    "name": "witte stokbroodjes",
    "description": "*10-12 minuten in de\noven",
    "brand": "BONI",
    "seoBrand": "Boni Selection",
    "thumbNail": "https://static.colruytgroup.com/images/200x200/std.lang.all/96/09/asset-2139609.jpg",
    "fullImage": "https://static.colruytgroup.com/images/500x500/std.lang.all/96/09/asset-2139609.jpg",
    "squareImage": "https://static.colruytgroup.com/images/500x500sq/std.lang.all/96/09/asset-2139609.jpg",
    "content": "250g",
    "walkRouteSequenceNumber": 9769,
    "price": {
      "basicPrice": 1.99,
      "recommendedQuantity": "1.0",
      "measurementUnitPrice": 7.96,
      "measurementUnit": "K",
      "isRedPrice": false,
      "pricePerUOM": 7.96,
      "activationDate": "17-02-2024",
      "isPromoActive": "N",
      "priceChangeCode": "E"
    },
    "isAvailable": true,
    "isPriceAvailable": true,
    "inPromo": false,
    "gtin": [
      "15400141332428",
      "05400141185867",
      "15400141440215",
      "05400141332421",
      "15400141185864",
      "05400141440218"
    ],
    "topCategoryName": "Brood/Ontbijt",
    "topCategoryId": "124",
    "businessDomain": "RETAIL_BE",
    "IsPrivateLabel": true,
    "IsBiffe": false,
    "WeightconversionFactor": "0",
    "IsWeightArticle": false,
    "nutriscoreLabel": "C",
    "IsBio": false,
    "CountryOfOrigin": "FRANKRIJK",
    "IsExclusivelySoldInLuxembourg": false,
    "OrderUnit": "P",
    "ShortName": "BONI 2 WI.ST.BR.ST.250G",
    "IsNew": false,
    "EcoscoreLabel": "B",
    "RecentQuanityOfStockUnits": "1,12",
    "LongName": "BONI witte stokbroodjes 250g",
    "AlcoholVolume": "0",
    "FicCode": "I",
    "EcoscoreValue": "77"
  },
  {
    "productId": "1525",
    "technicalArticleNumber": "21520",
    "commercialArticleNumber": "21520",
    "name": "speculoos",
    "brand": "LOTUS",
    "seoBrand": "Lotus Biscoff",
    "thumbNail": "https://static.colruytgroup.com/images/200x200/std.lang.all/53/85/asset-3365385.jpg",
    "fullImage": "https://static.colruytgroup.com/images/500x500/std.lang.all/53/85/asset-3365385.jpg",
    "squareImage": "https://static.colruytgroup.com/images/500x500sq/std.lang.all/53/85/asset-3365385.jpg",
    "content": "4x250g",
    "walkRouteSequenceNumber": 2137,
    "price": {
      "basicPrice": 6.12,
      "recommendedQuantity": "1.0",
      "measurementUnitPrice": 6.12,
      "measurementUnit": "K",
      "isRedPrice": false,
      "pricePerUOM": 6.12,
      "activationDate": "21-03-2024",
      "isPromoActive": "Y",
      "priceChangeCode": "H"
    },
    "isAvailable": true,
    "isPriceAvailable": true,
    "inPromo": true,
    "promotion": [
      {
        "techPromoId": "001928COLR",
        "promotionId": "001928",
        "promotionType": "4",
        "isPersonalized": "N",
        "publicationStartDate": "13-03-2024",
        "publicationEndDate": "26-03-2024"
      }
    ],
    "gtin": [
      "05410126006100",
      "15410126006107"
    ],
    "topCategoryName": "Brood/Ontbijt",
    "topCategoryId": "124",
    "businessDomain": "RETAIL_BE",
    "IsPrivateLabel": false,
    "IsBiffe": false,
    "WeightconversionFactor": "0",
    "IsWeightArticle": false,
    "nutriscoreLabel": "E",
    "IsBio": false,
    "CountryOfOrigin": "BELGIË",
    "IsExclusivelySoldInLuxembourg": false,
    "OrderUnit": "P",
    "ShortName": "LOTUS SPECUL.ORIGIN.1KG",
    "IsNew": false,
    "RecentQuanityOfStockUnits": "6,1",
    "LongName": "LOTUS speculoos 4x250g",
    "AlcoholVolume": "0",
    "FicCode": "E"
  },
  {
    "productId": "313090",
    "technicalArticleNumber": "3735263",
    "commercialArticleNumber": "41724",
    "name": "meergranen stokbrood",
    "brand": "BONI",
    "seoBrand": "Boni Selection",
    "thumbNail": "https://static.colruytgroup.com/images/200x200/std.lang.all/91/90/asset-2099190.jpg",
    "fullImage": "https://static.colruytgroup.com/images/500x500/std.lang.all/91/90/asset-2099190.jpg",
    "squareImage": "https://static.colruytgroup.com/images/500x500sq/std.lang.all/91/90/asset-2099190.jpg",
    "content": "250g",
    "walkRouteSequenceNumber": 9768,
    "price": {
      "basicPrice": 1.49,
      "recommendedQuantity": "1.0",
      "measurementUnitPrice": 5.96,
      "measurementUnit": "K",
      "isRedPrice": false,
      "pricePerUOM": 5.96,
      "activationDate": "25-08-2023",
      "isPromoActive": "N",
      "priceChangeCode": "E"
    },
    "isAvailable": true,
    "isPriceAvailable": true,
    "inPromo": false,
    "gtin": [
      "15400141332435",
      "15400141185888",
      "05400141185881",
      "05400141332438"
    ],
    "topCategoryName": "Brood/Ontbijt",
    "topCategoryId": "124",
    "businessDomain": "RETAIL_BE",
    "IsPrivateLabel": true,
    "IsBiffe": false,
    "WeightconversionFactor": "0",
    "IsWeightArticle": false,
    "nutriscoreLabel": "C",
    "IsBio": false,
    "CountryOfOrigin": "FRANKRIJK",
    "IsExclusivelySoldInLuxembourg": false,
    "OrderUnit": "P",
    "ShortName": "BONI 2 M.GR.STOKBR.250G",
    "IsNew": false,
    "EcoscoreLabel": "B",
    "RecentQuanityOfStockUnits": "1,12",
    "LongName": "BONI meergranen stokbrood 250g",
    "AlcoholVolume": "0",
    "FicCode": "I",
    "EcoscoreValue": "77"
  },
  {
    "productId": "118869",
    "technicalArticleNumber": "3062842",
    "commercialArticleNumber": "16902",
    "name": "bloemenhoning vloeibaar",
    "description": "*Vloeibaar",
    "brand": "BONI",
    "seoBrand": "Boni Selection",
    "thumbNail": "https://static.colruytgroup.com/images/200x200/std.lang.all/57/67/asset-3245767.jpg",
    "fullImage": "https://static.colruytgroup.com/images/500x500/std.lang.all/57/67/asset-3245767.jpg",
    "squareImage": "https://static.colruytgroup.com/images/500x500sq/std.lang.all/57/67/asset-3245767.jpg",
    "content": "350g",
    "walkRouteSequenceNumber": 17996,
    "price": {
      "basicPrice": 2.15,
      "recommendedQuantity": "1.0",
      "measurementUnitPrice": 6.15,
      "measurementUnit": "K",
      "isRedPrice": false,
      "pricePerUOM": 6.15,
      "activationDate": "29-02-2024",
      "recordSource": "Offline",
      "isPromoActive": "N",
      "priceChangeCode": "L"
    },
    "isAvailable": true,
    "isPriceAvailable": true,
    "inPromo": false,
    "gtin": [
      "15400141437482",
      "05400141359756",
      "05400141437485",
      "15400141359753",
      "15400141938149",
      "05400141251319"
    ],
    "topCategoryName": "Brood/Ontbijt",
    "topCategoryId": "124",
    "businessDomain": "RETAIL_BE",
    "IsPrivateLabel": true,
    "IsBiffe": false,
    "WeightconversionFactor": "0",
    "IsWeightArticle": false,
    "nutriscoreLabel": "E",
    "IsBio": false,
    "CountryOfOrigin": "BELGIË",
    "IsExclusivelySoldInLuxembourg": false,
    "OrderUnit": "P",
    "ShortName": "BONI BLOEMENHONING 350G",
    "InSeason": true,
    "IsNew": false,
    "EcoscoreLabel": "B",
    "RecentQuanityOfStockUnits": "1,1,12",
    "LongName": "BONI bloemenhoning vloeibaar 350g",
    "AlcoholVolume": "0",
    "StartSeasonDate": "24/04/2020",
    "FicCode": "I",
    "EcoscoreValue": "79"
  },
  {
    "productId": "156",
    "technicalArticleNumber": "15048",
    "commercialArticleNumber": "15048",
    "name": "crunchy muesli met chocolade",
    "description": "*Krokante muesli\nmet chocolade",
    "brand": "BONI",
    "seoBrand": "Boni Selection",
    "thumbNail": "https://static.colruytgroup.com/images/200x200/std.lang.all/45/22/asset-3334522.jpg",
    "fullImage": "https://static.colruytgroup.com/images/500x500/std.lang.all/45/22/asset-3334522.jpg",
    "squareImage": "https://static.colruytgroup.com/images/500x500sq/std.lang.all/45/22/asset-3334522.jpg",
    "content": "750g",
    "walkRouteSequenceNumber": 17312,
    "price": {
      "basicPrice": 2.55,
      "recommendedQuantity": "1.0",
      "measurementUnitPrice": 3.4,
      "measurementUnit": "K",
      "isRedPrice": false,
      "pricePerUOM": 3.4,
      "activationDate": "21-03-2024",
      "recordSource": "Offline",
      "isPromoActive": "N",
      "priceChangeCode": "E"
    },
    "isAvailable": true,
    "isPriceAvailable": true,
    "inPromo": false,
    "gtin": [
      "15400141680468",
      "05400141700046",
      "05400141091878",
      "05400141150483",
      "05400141152487",
      "05400141215144",
      "05400141279566",
      "05400141350487",
      "05400141424546",
      "15400141215141",
      "15400141279563",
      "15400141956303",
      "05400141891713",
      "15400141891710",
      "15400141700043",
      "05400141680461"
    ],
    "topCategoryName": "Brood/Ontbijt",
    "topCategoryId": "124",
    "businessDomain": "RETAIL_BE",
    "IsPrivateLabel": true,
    "IsBiffe": false,
    "WeightconversionFactor": "0",
    "IsWeightArticle": false,
    "nutriscoreLabel": "D",
    "IsBio": false,
    "CountryOfOrigin": "BELGIË",
    "IsExclusivelySoldInLuxembourg": false,
    "OrderUnit": "P",
    "ShortName": "BONI CRUN.MUESL.CHOC750",
    "InSeason": true,
    "IsNew": false,
    "EcoscoreLabel": "A",
    "RecentQuanityOfStockUnits": "1,1,14",
    "LongName": "BONI crunchy muesli met chocolade 750g",
    "AlcoholVolume": "0",
    "StartSeasonDate": "28/07/2010",
    "FicCode": "I",
    "EcoscoreValue": "83"
  },
  {
    "productId": "742406",
    "technicalArticleNumber": "4508423",
    "commercialArticleNumber": "28130",
    "name": "sandwich meergranen",
    "brand": "LA LORRAINE",
    "seoBrand": "La Lorraine",
    "thumbNail": "https://static.colruytgroup.com/images/200x200/std.lang.all/06/42/asset-2660642.jpg",
    "fullImage": "https://static.colruytgroup.com/images/500x500/std.lang.all/06/42/asset-2660642.jpg",
    "squareImage": "https://static.colruytgroup.com/images/500x500sq/std.lang.all/06/42/asset-2660642.jpg",
    "content": "6x50g",
    "walkRouteSequenceNumber": 6588,
    "price": {
      "basicPrice": 3.05,
      "recommendedQuantity": "1.0",
      "measurementUnitPrice": 10.17,
      "measurementUnit": "K",
      "isRedPrice": false,
      "pricePerUOM": 10.17,
      "activationDate": "11-01-2024",
      "recordSource": "Offline",
      "isPromoActive": "N",
      "priceChangeCode": "L"
    },
    "isAvailable": true,
    "isPriceAvailable": true,
    "inPromo": false,
    "gtin": [
      "05410683618129"
    ],
    "topCategoryName": "Brood/Ontbijt",
    "topCategoryId": "124",
    "businessDomain": "RETAIL_BE",
    "IsPrivateLabel": false,
    "IsBiffe": false,
    "WeightconversionFactor": "0",
    "IsWeightArticle": false,
    "nutriscoreLabel": "C",
    "IsBio": false,
    "CountryOfOrigin": "BELGIË",
    "IsExclusivelySoldInLuxembourg": false,
    "OrderUnit": "P",
    "ShortName": "LALO SANDWICH MEERGR6ST",
    "IsNew": false,
    "EcoscoreLabel": "B",
    "RecentQuanityOfStockUnits": "1",
    "LongName": "LA LORRAINE sandwich meergranen 6x50g",
    "FicCode": "E",
    "EcoscoreValue": "71"
  },
  {
    "productId": "150473",
    "technicalArticleNumber": "3318702",
    "commercialArticleNumber": "12943",
    "name": "panichocs chocolade 10st",
    "brand": "BONI",
    "seoBrand": "Boni Selection",
    "thumbNail": "https://static.colruytgroup.com/images/200x200/std.lang.all/26/20/asset-2322620.jpg",
    "fullImage": "https://static.colruytgroup.com/images/500x500/std.lang.all/26/20/asset-2322620.jpg",
    "squareImage": "https://static.colruytgroup.com/images/500x500sq/std.lang.all/26/20/asset-2322620.jpg",
    "content": "350g",
    "walkRouteSequenceNumber": 6574,
    "price": {
      "basicPrice": 2.79,
      "recommendedQuantity": "1.0",
      "measurementUnitPrice": 7.98,
      "measurementUnit": "K",
      "isRedPrice": false,
      "pricePerUOM": 7.98,
      "activationDate": "20-09-2023",
      "isPromoActive": "N",
      "priceChangeCode": "E"
    },
    "isAvailable": true,
    "isPriceAvailable": true,
    "inPromo": false,
    "gtin": [
      "15400141905639",
      "05400141262438",
      "15400141908876",
      "05400141908879"
    ],
    "topCategoryName": "Brood/Ontbijt",
    "topCategoryId": "124",
    "businessDomain": "RETAIL_BE",
    "IsPrivateLabel": true,
    "IsBiffe": false,
    "WeightconversionFactor": "0",
    "IsWeightArticle": false,
    "nutriscoreLabel": "D",
    "IsBio": false,
    "CountryOfOrigin": "FRANKRIJK",
    "IsExclusivelySoldInLuxembourg": false,
    "OrderUnit": "P",
    "ShortName": "BONI 10 MELKBR CHOC 350",
    "IsNew": false,
    "EcoscoreLabel": "C",
    "RecentQuanityOfStockUnits": "1,10",
    "LongName": "BONI panichocs chocolade 10st 350g",
    "AlcoholVolume": "0",
    "FicCode": "I",
    "EcoscoreValue": "54"
  },
  {
    "productId": "170",
    "technicalArticleNumber": "15426",
    "commercialArticleNumber": "15426",
    "name": "cracker mini olijfolie&oregano",
    "description": "*Mini crackers, met\noregano en olijfolie\nvierkant\n*Individueel verpakt\n8x5 stuks",
    "brand": "LU",
    "seoBrand": "LU",
    "thumbNail": "https://static.colruytgroup.com/images/200x200/std.lang.all/85/23/asset-358523.jpg",
    "fullImage": "https://static.colruytgroup.com/images/500x500/std.lang.all/85/23/asset-358523.jpg",
    "squareImage": "https://static.colruytgroup.com/images/500x500sq/std.lang.all/85/23/asset-358523.jpg",
    "content": "250g",
    "walkRouteSequenceNumber": 4497,
    "price": {
      "basicPrice": 1.79,
      "recommendedQuantity": "1.0",
      "measurementUnitPrice": 7.16,
      "measurementUnit": "K",
      "isRedPrice": false,
      "pricePerUOM": 7.16,
      "activationDate": "14-02-2024",
      "recordSource": "Offline",
      "isPromoActive": "N",
      "priceChangeCode": "E"
    },
    "isAvailable": true,
    "isPriceAvailable": true,
    "inPromo": false,
    "gtin": [
      "07622210475183",
      "07622210475213"
    ],
    "topCategoryName": "Brood/Ontbijt",
    "topCategoryId": "124",
    "businessDomain": "RETAIL_BE",
    "IsPrivateLabel": false,
    "IsBiffe": false,
    "WeightconversionFactor": "0",
    "IsWeightArticle": false,
    "nutriscoreLabel": "E",
    "IsBio": false,
    "CountryOfOrigin": "ITALIË",
    "IsExclusivelySoldInLuxembourg": false,
    "OrderUnit": "P",
    "ShortName": "LU MINI CRACK OLIJ 250G",
    "IsNew": false,
    "RecentQuanityOfStockUnits": "1,12",
    "LongName": "LU cracker mini olijfolie&oregano 250g",
    "AlcoholVolume": "0",
    "FicCode": "E"
  },
  {
    "productId": "135902",
    "technicalArticleNumber": "3165306",
    "commercialArticleNumber": "36551",
    "name": "hoevebrood wit",
    "brand": "BONI",
    "seoBrand": "Boni Selection",
    "thumbNail": "https://static.colruytgroup.com/images/200x200/std.lang.all/61/71/asset-656171.jpg",
    "fullImage": "https://static.colruytgroup.com/images/500x500/std.lang.all/61/71/asset-656171.jpg",
    "squareImage": "https://static.colruytgroup.com/images/500x500sq/std.lang.all/61/71/asset-656171.jpg",
    "content": "800g",
    "walkRouteSequenceNumber": 8038,
    "price": {
      "basicPrice": 1.69,
      "recommendedQuantity": "1.0",
      "measurementUnitPrice": 2.12,
      "measurementUnit": "K",
      "isRedPrice": false,
      "pricePerUOM": 2.12,
      "activationDate": "29-11-2023",
      "recordSource": "Offline",
      "isPromoActive": "N",
      "priceChangeCode": "H"
    },
    "isAvailable": true,
    "isPriceAvailable": true,
    "inPromo": false,
    "topCategoryName": "Brood/Ontbijt",
    "topCategoryId": "124",
    "businessDomain": "RETAIL_BE",
    "IsPrivateLabel": true,
    "IsBiffe": false,
    "WeightconversionFactor": "0",
    "IsWeightArticle": false,
    "nutriscoreLabel": "C",
    "IsBio": false,
    "CountryOfOrigin": "BELGIË",
    "IsExclusivelySoldInLuxembourg": false,
    "OrderUnit": "P",
    "ShortName": "VV WIT BOERENBR ROND800",
    "IsNew": false,
    "EcoscoreLabel": "A",
    "RecentQuanityOfStockUnits": "1",
    "LongName": "BONI hoevebrood wit 800g",
    "AlcoholVolume": "0",
    "FicCode": "I",
    "EcoscoreValue": "90"
  },
  {
    "productId": "878604",
    "technicalArticleNumber": "4734849",
    "commercialArticleNumber": "18557",
    "name": "Chocos",
    "brand": "KELLOGG'S COCO POPS",
    "seoBrand": "Kellogg's Coco Pops",
    "thumbNail": "https://static.colruytgroup.com/images/200x200/std.lang.all/00/64/asset-3370064.jpg",
    "fullImage": "https://static.colruytgroup.com/images/500x500/std.lang.all/00/64/asset-3370064.jpg",
    "squareImage": "https://static.colruytgroup.com/images/500x500sq/std.lang.all/00/64/asset-3370064.jpg",
    "content": "580g",
    "walkRouteSequenceNumber": 17228,
    "price": {
      "basicPrice": 4.9,
      "recommendedQuantity": "1.0",
      "measurementUnitPrice": 8.45,
      "measurementUnit": "K",
      "isRedPrice": false,
      "pricePerUOM": 8.45,
      "activationDate": "29-02-2024",
      "recordSource": "Offline",
      "isPromoActive": "N",
      "priceChangeCode": "H"
    },
    "isAvailable": true,
    "isPriceAvailable": true,
    "inPromo": false,
    "gtin": [
      "05059319024837",
      "05059319024844"
    ],
    "topCategoryName": "Brood/Ontbijt",
    "topCategoryId": "124",
    "businessDomain": "RETAIL_BE",
    "IsPrivateLabel": false,
    "IsBiffe": false,
    "WeightconversionFactor": "0",
    "IsWeightArticle": false,
    "nutriscoreLabel": "B",
    "IsBio": false,
    "CountryOfOrigin": "EUROPA",
    "IsExclusivelySoldInLuxembourg": false,
    "OrderUnit": "P",
    "ShortName": "KELL COCO P.CHOCOS 580G",
    "IsNew": false,
    "RecentQuanityOfStockUnits": "1",
    "LongName": "KELLOGG'S COCO POPS Chocos 580g",
    "AlcoholVolume": "0",
    "FicCode": "E"
  },
  {
    "productId": "270542",
    "technicalArticleNumber": "3634882",
    "commercialArticleNumber": "19936",
    "name": "wraps volkoren",
    "brand": "POCO LOCO",
    "seoBrand": "Poco Loco",
    "thumbNail": "https://static.colruytgroup.com/images/200x200/std.lang.all/47/41/asset-2694741.jpg",
    "fullImage": "https://static.colruytgroup.com/images/500x500/std.lang.all/47/41/asset-2694741.jpg",
    "squareImage": "https://static.colruytgroup.com/images/500x500sq/std.lang.all/47/41/asset-2694741.jpg",
    "content": "370g",
    "walkRouteSequenceNumber": 8574,
    "price": {
      "basicPrice": 2.79,
      "recommendedQuantity": "1.0",
      "measurementUnitPrice": 7.55,
      "measurementUnit": "K",
      "isRedPrice": false,
      "pricePerUOM": 7.55,
      "activationDate": "14-11-2023",
      "isPromoActive": "N",
      "priceChangeCode": "E"
    },
    "isAvailable": true,
    "isPriceAvailable": true,
    "inPromo": false,
    "gtin": [
      "15412514935556",
      "05412514935559"
    ],
    "topCategoryName": "Brood/Ontbijt",
    "topCategoryId": "124",
    "businessDomain": "RETAIL_BE",
    "IsPrivateLabel": false,
    "IsBiffe": false,
    "WeightconversionFactor": "0",
    "IsWeightArticle": false,
    "nutriscoreLabel": "C",
    "IsBio": false,
    "CountryOfOrigin": "BELGIË",
    "IsExclusivelySoldInLuxembourg": false,
    "OrderUnit": "P",
    "ShortName": "POCO VOLK.WRAPS 6S 370G",
    "IsNew": false,
    "EcoscoreLabel": "B",
    "RecentQuanityOfStockUnits": "1,14",
    "LongName": "POCO LOCO wraps volkoren 370g",
    "AlcoholVolume": "0",
    "FicCode": "E",
    "EcoscoreValue": "73"
  },
  {
    "productId": "506333",
    "technicalArticleNumber": "4088957",
    "commercialArticleNumber": "8011",
    "name": "mini sandwiches",
    "brand": "BONI",
    "seoBrand": "Boni Selection",
    "thumbNail": "https://static.colruytgroup.com/images/200x200/std.lang.all/12/09/asset-2201209.jpg",
    "fullImage": "https://static.colruytgroup.com/images/500x500/std.lang.all/12/09/asset-2201209.jpg",
    "squareImage": "https://static.colruytgroup.com/images/500x500sq/std.lang.all/12/09/asset-2201209.jpg",
    "content": "12x27g",
    "walkRouteSequenceNumber": 6589,
    "price": {
      "basicPrice": 1.19,
      "recommendedQuantity": "1.0",
      "measurementUnitPrice": 3.68,
      "measurementUnit": "K",
      "isRedPrice": false,
      "pricePerUOM": 3.68,
      "activationDate": "23-09-2023",
      "recordSource": "Offline",
      "isPromoActive": "N",
      "priceChangeCode": "L"
    },
    "isAvailable": true,
    "isPriceAvailable": true,
    "inPromo": false,
    "gtin": [
      "35400141283410",
      "05400141283419",
      "15400141461678"
    ],
    "topCategoryName": "Brood/Ontbijt",
    "topCategoryId": "124",
    "businessDomain": "RETAIL_BE",
    "IsPrivateLabel": true,
    "IsBiffe": false,
    "WeightconversionFactor": "0",
    "IsWeightArticle": false,
    "nutriscoreLabel": "D",
    "IsBio": false,
    "CountryOfOrigin": "BELGIË",
    "IsExclusivelySoldInLuxembourg": false,
    "OrderUnit": "P",
    "ShortName": "BONI 12MINI SANDW.324G",
    "IsNew": false,
    "EcoscoreLabel": "B",
    "RecentQuanityOfStockUnits": "1",
    "LongName": "BONI mini sandwiches 12x27g",
    "FicCode": "I",
    "EcoscoreValue": "79"
  },
  {
    "productId": "59599",
    "technicalArticleNumber": "2313342",
    "commercialArticleNumber": "17764",
    "name": "pindakaas 90%",
    "brand": "BONI",
    "seoBrand": "Boni Selection",
    "thumbNail": "https://static.colruytgroup.com/images/200x200/std.lang.all/53/87/asset-3365387.jpg",
    "fullImage": "https://static.colruytgroup.com/images/500x500/std.lang.all/53/87/asset-3365387.jpg",
    "squareImage": "https://static.colruytgroup.com/images/500x500sq/std.lang.all/53/87/asset-3365387.jpg",
    "content": "350g",
    "walkRouteSequenceNumber": 17867,
    "price": {
      "basicPrice": 1.45,
      "recommendedQuantity": "1.0",
      "measurementUnitPrice": 4.15,
      "measurementUnit": "K",
      "isRedPrice": false,
      "pricePerUOM": 4.15,
      "activationDate": "29-11-2023",
      "recordSource": "Offline",
      "isPromoActive": "N",
      "priceChangeCode": "E"
    },
    "isAvailable": true,
    "isPriceAvailable": true,
    "inPromo": false,
    "gtin": [
      "15400141331780",
      "15400141782414",
      "05400141977646",
      "05400141427134",
      "05400141331783",
      "05400141260533",
      "05400141156744",
      "05400141043563",
      "05400141469622",
      "15400141469629"
    ],
    "topCategoryName": "Brood/Ontbijt",
    "topCategoryId": "124",
    "businessDomain": "RETAIL_BE",
    "IsPrivateLabel": true,
    "IsBiffe": false,
    "WeightconversionFactor": "0",
    "IsWeightArticle": false,
    "nutriscoreLabel": "C",
    "IsBio": false,
    "CountryOfOrigin": "NEDERLAND",
    "IsExclusivelySoldInLuxembourg": false,
    "OrderUnit": "P",
    "ShortName": "BONI PINDAK 350G90PC",
    "IsNew": false,
    "EcoscoreLabel": "C",
    "RecentQuanityOfStockUnits": "12,1,1",
    "LongName": "BONI pindakaas 90% 350g",
    "AlcoholVolume": "0",
    "FicCode": "I",
    "EcoscoreValue": "49"
  },
  {
    "productId": "144062",
    "technicalArticleNumber": "3287579",
    "commercialArticleNumber": "2755",
    "name": "tarwe toasts volkoren",
    "description": "*Volkoren tarwe-\ncrackers,\nrechthoekig",
    "brand": "BONI",
    "seoBrand": "Boni Selection",
    "thumbNail": "https://static.colruytgroup.com/images/200x200/std.lang.all/14/51/asset-2361451.jpg",
    "fullImage": "https://static.colruytgroup.com/images/500x500/std.lang.all/14/51/asset-2361451.jpg",
    "squareImage": "https://static.colruytgroup.com/images/500x500sq/std.lang.all/14/51/asset-2361451.jpg",
    "content": "250g",
    "walkRouteSequenceNumber": 17058,
    "price": {
      "basicPrice": 0.99,
      "recommendedQuantity": "1.0",
      "measurementUnitPrice": 3.96,
      "measurementUnit": "K",
      "isRedPrice": false,
      "pricePerUOM": 3.96,
      "activationDate": "06-12-2023",
      "recordSource": "Offline",
      "isPromoActive": "N",
      "priceChangeCode": "E"
    },
    "isAvailable": true,
    "isPriceAvailable": true,
    "inPromo": false,
    "gtin": [
      "15400141046479",
      "05400141212587",
      "05400141046472",
      "05400141354560",
      "05400141388275",
      "15400141388272",
      "15400141445494",
      "05400141445497"
    ],
    "topCategoryName": "Brood/Ontbijt",
    "topCategoryId": "124",
    "businessDomain": "RETAIL_BE",
    "IsPrivateLabel": true,
    "IsBiffe": false,
    "WeightconversionFactor": "0",
    "IsWeightArticle": false,
    "nutriscoreLabel": "A",
    "IsBio": false,
    "CountryOfOrigin": "DUITSLAND",
    "IsExclusivelySoldInLuxembourg": false,
    "OrderUnit": "P",
    "ShortName": "BONI TAR.TOAST VOLK.250",
    "IsNew": false,
    "EcoscoreLabel": "A",
    "RecentQuanityOfStockUnits": "1,12",
    "LongName": "BONI tarwe toasts volkoren 250g",
    "AlcoholVolume": "0",
    "FicCode": "I",
    "EcoscoreValue": "87"
  },
  {
    "productId": "786467",
    "technicalArticleNumber": "4588050",
    "commercialArticleNumber": "19505",
    "name": "Pitch chocolade stukjes",
    "description": "*Brioche met\nstukjes chocolade",
    "brand": "PASQUIER",
    "seoBrand": "Pasquier Pitch",
    "thumbNail": "https://static.colruytgroup.com/images/200x200/std.lang.all/48/15/asset-2794815.jpg",
    "fullImage": "https://static.colruytgroup.com/images/500x500/std.lang.all/48/15/asset-2794815.jpg",
    "squareImage": "https://static.colruytgroup.com/images/500x500sq/std.lang.all/48/15/asset-2794815.jpg",
    "content": "6st",
    "walkRouteSequenceNumber": 6571,
    "price": {
      "basicPrice": 1.86,
      "recommendedQuantity": "1.0",
      "measurementUnitPrice": 8.27,
      "measurementUnit": "K",
      "isRedPrice": false,
      "pricePerUOM": 8.27,
      "activationDate": "19-03-2024",
      "recordSource": "Folder",
      "isPromoActive": "N",
      "priceChangeCode": "L"
    },
    "isAvailable": true,
    "isPriceAvailable": true,
    "inPromo": false,
    "gtin": [
      "03256549999542",
      "13256549991987"
    ],
    "topCategoryName": "Brood/Ontbijt",
    "topCategoryId": "124",
    "businessDomain": "RETAIL_BE",
    "IsPrivateLabel": false,
    "IsBiffe": false,
    "WeightconversionFactor": "0",
    "IsWeightArticle": false,
    "nutriscoreLabel": "C",
    "IsBio": false,
    "CountryOfOrigin": "FRANKRIJK",
    "IsExclusivelySoldInLuxembourg": false,
    "OrderUnit": "P",
    "ShortName": "PASQ PITCH CHOCOST.S6ST",
    "IsNew": false,
    "EcoscoreLabel": "C",
    "RecentQuanityOfStockUnits": "1,8",
    "LongName": "PASQUIER Pitch chocolade stukjes 6st",
    "FicCode": "E",
    "EcoscoreValue": "44"
  },
  {
    "productId": "387320",
    "technicalArticleNumber": "3838361",
    "commercialArticleNumber": "51271",
    "name": "havermout",
    "description": "*Ideaal bij ontbijt\n*Ontbijtgranen\n*Havermout",
    "brand": "QUAKER",
    "seoBrand": "Quaker",
    "thumbNail": "https://static.colruytgroup.com/images/200x200/std.lang.all/82/23/asset-3178223.jpg",
    "fullImage": "https://static.colruytgroup.com/images/500x500/std.lang.all/82/23/asset-3178223.jpg",
    "squareImage": "https://static.colruytgroup.com/images/500x500sq/std.lang.all/82/23/asset-3178223.jpg",
    "content": "800g",
    "walkRouteSequenceNumber": 17557,
    "price": {
      "basicPrice": 2.65,
      "recommendedQuantity": "1.0",
      "measurementUnitPrice": 3.32,
      "measurementUnit": "K",
      "isRedPrice": false,
      "pricePerUOM": 3.32,
      "activationDate": "14-02-2024",
      "recordSource": "Offline",
      "isPromoActive": "N",
      "priceChangeCode": "E"
    },
    "isAvailable": true,
    "isPriceAvailable": true,
    "inPromo": false,
    "gtin": [
      "05035204245877",
      "08710100426571",
      "08710100426588",
      "08710398515155",
      "08710398515162"
    ],
    "topCategoryName": "Brood/Ontbijt",
    "topCategoryId": "124",
    "businessDomain": "RETAIL_BE",
    "IsPrivateLabel": false,
    "IsBiffe": false,
    "WeightconversionFactor": "0",
    "IsWeightArticle": false,
    "nutriscoreLabel": "A",
    "IsBio": false,
    "CountryOfOrigin": "EUROPA",
    "IsExclusivelySoldInLuxembourg": false,
    "OrderUnit": "P",
    "ShortName": "QUAK HAVERMOUT 800G",
    "IsNew": false,
    "RecentQuanityOfStockUnits": "1,14,14",
    "LongName": "QUAKER havermout 800g",
    "AlcoholVolume": "0",
    "FicCode": "E"
  },
  {
    "productId": "35952",
    "technicalArticleNumber": "1863260",
    "commercialArticleNumber": "15204",
    "name": "beschuit natuur rond 13st",
    "description": "*Beschuiten, rond",
    "brand": "EVERYDAY",
    "seoBrand": "Everyday",
    "thumbNail": "https://static.colruytgroup.com/images/200x200/std.lang.all/80/35/asset-1408035.jpg",
    "fullImage": "https://static.colruytgroup.com/images/500x500/std.lang.all/80/35/asset-1408035.jpg",
    "squareImage": "https://static.colruytgroup.com/images/500x500sq/std.lang.all/80/35/asset-1408035.jpg",
    "content": "125g",
    "walkRouteSequenceNumber": 17112,
    "price": {
      "basicPrice": 0.45,
      "recommendedQuantity": "3.0",
      "measurementUnitPrice": 3.6,
      "measurementUnit": "K",
      "isRedPrice": false,
      "pricePerUOM": 3.6,
      "activationDate": "14-11-2023",
      "recordSource": "Offline",
      "isPromoActive": "N",
      "priceChangeCode": "E"
    },
    "isAvailable": true,
    "isPriceAvailable": true,
    "inPromo": false,
    "gtin": [
      "25400141272127",
      "15400141272120",
      "05400141053173",
      "05400141159844",
      "05400141210446",
      "05400141272123",
      "05400141352047",
      "25400141159848",
      "05400141210439"
    ],
    "topCategoryName": "Brood/Ontbijt",
    "topCategoryId": "124",
    "businessDomain": "RETAIL_BE",
    "IsPrivateLabel": true,
    "IsBiffe": false,
    "WeightconversionFactor": "0",
    "IsWeightArticle": false,
    "nutriscoreLabel": "D",
    "IsBio": false,
    "CountryOfOrigin": "NEDERLAND",
    "IsExclusivelySoldInLuxembourg": false,
    "OrderUnit": "P",
    "ShortName": "EVD ROND.BESCHUIT 125GR",
    "IsNew": false,
    "EcoscoreLabel": "B",
    "RecentQuanityOfStockUnits": "24,1",
    "LongName": "EVERYDAY beschuit natuur rond 13st 125g",
    "AlcoholVolume": "0",
    "FicCode": "I",
    "EcoscoreValue": "75"
  },
  {
    "productId": "145776",
    "technicalArticleNumber": "3330905",
    "commercialArticleNumber": "6962",
    "name": "Picos met olijfolie",
    "description": "*Mini soepstengels",
    "brand": "BONI",
    "seoBrand": "Boni Selection",
    "thumbNail": "https://static.colruytgroup.com/images/200x200/std.lang.all/11/50/asset-2201150.jpg",
    "fullImage": "https://static.colruytgroup.com/images/500x500/std.lang.all/11/50/asset-2201150.jpg",
    "squareImage": "https://static.colruytgroup.com/images/500x500sq/std.lang.all/11/50/asset-2201150.jpg",
    "content": "150g",
    "walkRouteSequenceNumber": 4486,
    "price": {
      "basicPrice": 1.79,
      "recommendedQuantity": "1.0",
      "measurementUnitPrice": 11.94,
      "measurementUnit": "K",
      "isRedPrice": false,
      "pricePerUOM": 11.94,
      "activationDate": "22-02-2024",
      "isPromoActive": "N",
      "priceChangeCode": "E"
    },
    "isAvailable": true,
    "isPriceAvailable": true,
    "inPromo": false,
    "gtin": [
      "05400141213416",
      "05400141190700",
      "15400141388289",
      "05400141388282",
      "05400141215526",
      "05400141377293"
    ],
    "topCategoryName": "Brood/Ontbijt",
    "topCategoryId": "124",
    "businessDomain": "RETAIL_BE",
    "IsPrivateLabel": true,
    "IsBiffe": false,
    "WeightconversionFactor": "0",
    "IsWeightArticle": false,
    "nutriscoreLabel": "D",
    "IsBio": false,
    "CountryOfOrigin": "SPANJE",
    "IsExclusivelySoldInLuxembourg": false,
    "OrderUnit": "P",
    "ShortName": "BONI PICOS ARTISAN 150G",
    "IsNew": false,
    "EcoscoreLabel": "B",
    "RecentQuanityOfStockUnits": "1,24",
    "LongName": "BONI Picos met olijfolie 150g",
    "AlcoholVolume": "0",
    "FicCode": "I",
    "EcoscoreValue": "79"
  },
  {
    "productId": "668208",
    "technicalArticleNumber": "4378547",
    "commercialArticleNumber": "24301",
    "name": "granola noten honing",
    "brand": "BONI",
    "seoBrand": "Boni Selection",
    "thumbNail": "https://static.colruytgroup.com/images/200x200/std.lang.all/81/60/asset-3028160.jpg",
    "fullImage": "https://static.colruytgroup.com/images/500x500/std.lang.all/81/60/asset-3028160.jpg",
    "squareImage": "https://static.colruytgroup.com/images/500x500sq/std.lang.all/81/60/asset-3028160.jpg",
    "content": "750g",
    "walkRouteSequenceNumber": 17426,
    "price": {
      "basicPrice": 3.58,
      "recommendedQuantity": "1.0",
      "measurementUnitPrice": 4.78,
      "measurementUnit": "K",
      "isRedPrice": false,
      "pricePerUOM": 4.78,
      "activationDate": "23-02-2024",
      "recordSource": "Offline",
      "isPromoActive": "N",
      "priceChangeCode": "E"
    },
    "isAvailable": true,
    "isPriceAvailable": true,
    "inPromo": false,
    "gtin": [
      "05400141996067",
      "15400141996064"
    ],
    "topCategoryName": "Brood/Ontbijt",
    "topCategoryId": "124",
    "businessDomain": "RETAIL_BE",
    "IsPrivateLabel": true,
    "IsBiffe": false,
    "WeightconversionFactor": "0",
    "IsWeightArticle": false,
    "nutriscoreLabel": "A",
    "IsBio": false,
    "CountryOfOrigin": "BELGIË",
    "IsExclusivelySoldInLuxembourg": false,
    "OrderUnit": "P",
    "ShortName": "BONI GRANOLA NOTEN 750G",
    "IsNew": false,
    "EcoscoreLabel": "B",
    "RecentQuanityOfStockUnits": "1,14",
    "LongName": "BONI granola noten honing 750g",
    "FicCode": "I",
    "EcoscoreValue": "74"
  },
  {
    "productId": "45010",
    "technicalArticleNumber": "2439751",
    "commercialArticleNumber": "5298",
    "name": "hagelslag melkchocolade",
    "description": "*Minstens 20 %\ncacaobestanddelen",
    "brand": "BONI",
    "seoBrand": "Boni Selection",
    "thumbNail": "https://static.colruytgroup.com/images/200x200/std.lang.all/85/85/asset-3028585.jpg",
    "fullImage": "https://static.colruytgroup.com/images/500x500/std.lang.all/85/85/asset-3028585.jpg",
    "squareImage": "https://static.colruytgroup.com/images/500x500sq/std.lang.all/85/85/asset-3028585.jpg",
    "content": "600g",
    "walkRouteSequenceNumber": 17888,
    "price": {
      "basicPrice": 1.99,
      "recommendedQuantity": "1.0",
      "measurementUnitPrice": 3.32,
      "measurementUnit": "K",
      "isRedPrice": false,
      "pricePerUOM": 3.32,
      "activationDate": "14-11-2023",
      "recordSource": "Offline",
      "isPromoActive": "N",
      "priceChangeCode": "E"
    },
    "isAvailable": true,
    "isPriceAvailable": true,
    "inPromo": false,
    "gtin": [
      "05400141052985",
      "05400141056969",
      "05400141321821",
      "15400141056966",
      "15400141321828",
      "15400141509691",
      "05400141509694"
    ],
    "topCategoryName": "Brood/Ontbijt",
    "topCategoryId": "124",
    "businessDomain": "RETAIL_BE",
    "IsPrivateLabel": true,
    "IsBiffe": false,
    "WeightconversionFactor": "0",
    "IsWeightArticle": false,
    "nutriscoreLabel": "E",
    "IsBio": false,
    "CountryOfOrigin": "NEDERLAND",
    "IsExclusivelySoldInLuxembourg": false,
    "OrderUnit": "P",
    "ShortName": "BONI HAGELSLAG MELK600G",
    "IsNew": false,
    "EcoscoreLabel": "B",
    "RecentQuanityOfStockUnits": "1,12",
    "LongName": "BONI hagelslag melkchocolade 600g",
    "AlcoholVolume": "0",
    "FicCode": "I",
    "EcoscoreValue": "60"
  },
  {
    "productId": "193133",
    "technicalArticleNumber": "3471622",
    "commercialArticleNumber": "50422",
    "name": "speculoospasta creamy",
    "brand": "BONI",
    "seoBrand": "Boni Selection",
    "thumbNail": "https://static.colruytgroup.com/images/200x200/std.lang.all/83/93/asset-3028393.jpg",
    "fullImage": "https://static.colruytgroup.com/images/500x500/std.lang.all/83/93/asset-3028393.jpg",
    "squareImage": "https://static.colruytgroup.com/images/500x500sq/std.lang.all/83/93/asset-3028393.jpg",
    "content": "400g",
    "walkRouteSequenceNumber": 17872,
    "price": {
      "basicPrice": 1.49,
      "recommendedQuantity": "1.0",
      "measurementUnitPrice": 3.73,
      "measurementUnit": "K",
      "isRedPrice": false,
      "pricePerUOM": 3.73,
      "activationDate": "17-02-2024",
      "recordSource": "Offline",
      "isPromoActive": "N",
      "priceChangeCode": "E"
    },
    "isAvailable": true,
    "isPriceAvailable": true,
    "inPromo": false,
    "gtin": [
      "15400141322177",
      "05400141382907",
      "05400141322170",
      "05400141229899"
    ],
    "topCategoryName": "Brood/Ontbijt",
    "topCategoryId": "124",
    "businessDomain": "RETAIL_BE",
    "IsPrivateLabel": true,
    "IsBiffe": false,
    "WeightconversionFactor": "0",
    "IsWeightArticle": false,
    "nutriscoreLabel": "E",
    "IsBio": false,
    "CountryOfOrigin": "BELGIË",
    "IsExclusivelySoldInLuxembourg": false,
    "OrderUnit": "P",
    "ShortName": "BONI SPECUL.CREAMY 400G",
    "IsNew": false,
    "EcoscoreLabel": "B",
    "RecentQuanityOfStockUnits": "1,12",
    "LongName": "BONI speculoospasta creamy 400g",
    "AlcoholVolume": "0",
    "FicCode": "I",
    "EcoscoreValue": "67"
  },
  {
    "productId": "868854",
    "technicalArticleNumber": "4721838",
    "commercialArticleNumber": "16322",
    "name": "Berlijnse bol",
    "brand": "BONI",
    "seoBrand": "Boni Selection",
    "thumbNail": "https://static.colruytgroup.com/images/200x200/std.lang.all/01/60/asset-3280160.jpg",
    "fullImage": "https://static.colruytgroup.com/images/500x500/std.lang.all/01/60/asset-3280160.jpg",
    "squareImage": "https://static.colruytgroup.com/images/500x500sq/std.lang.all/01/60/asset-3280160.jpg",
    "content": "230g",
    "walkRouteSequenceNumber": 6096,
    "price": {
      "basicPrice": 2.29,
      "recommendedQuantity": "1.0",
      "quantityPrice": 1.83,
      "quantityPriceQuantity": "3.0",
      "measurementUnitPrice": 9.96,
      "measurementUnitQuantityPrice": 7.96,
      "measurementUnit": "K",
      "isRedPrice": false,
      "pricePerUOM": 9.96,
      "activationDate": "19-03-2024",
      "recordSource": "Offline",
      "isPromoActive": "N",
      "priceChangeCode": "E",
      "quantityPricePerUOM": 7.96,
      "quantityActivationDate": "19-03-2024",
      "quantityPriceChangeCode": "E"
    },
    "isAvailable": true,
    "isPriceAvailable": true,
    "inPromo": false,
    "gtin": [
      "05400141504521",
      "15400141504528"
    ],
    "topCategoryName": "Brood/Ontbijt",
    "topCategoryId": "124",
    "businessDomain": "RETAIL_BE",
    "IsPrivateLabel": true,
    "IsBiffe": false,
    "WeightconversionFactor": "0",
    "IsWeightArticle": false,
    "nutriscoreLabel": "C",
    "IsBio": false,
    "CountryOfOrigin": "BELGIË",
    "IsExclusivelySoldInLuxembourg": false,
    "OrderUnit": "P",
    "ShortName": "BONI BERLIJNSE BOL 230G",
    "IsNew": false,
    "EcoscoreLabel": "B",
    "RecentQuanityOfStockUnits": "1",
    "LongName": "BONI Berlijnse bol 230g",
    "FicCode": "I",
    "EcoscoreValue": "67"
  },
  {
    "productId": "169",
    "technicalArticleNumber": "15417",
    "commercialArticleNumber": "15417",
    "name": "rijstwafel",
    "description": "*Rijstwafel, rond,\nmet zeezout en sesam",
    "brand": "BONI BIO",
    "seoBrand": "Boni Selection Bio",
    "thumbNail": "https://static.colruytgroup.com/images/200x200/std.lang.all/05/00/asset-2310500.jpg",
    "fullImage": "https://static.colruytgroup.com/images/500x500/std.lang.all/05/00/asset-2310500.jpg",
    "squareImage": "https://static.colruytgroup.com/images/500x500sq/std.lang.all/05/00/asset-2310500.jpg",
    "content": "100g",
    "walkRouteSequenceNumber": 17122,
    "price": {
      "basicPrice": 0.607,
      "recommendedQuantity": "1.0",
      "measurementUnitPrice": 6.07,
      "measurementUnit": "K",
      "isRedPrice": false,
      "pricePerUOM": 6.07,
      "activationDate": "16-03-2024",
      "recordSource": "Offline",
      "isPromoActive": "N",
      "priceChangeCode": "H"
    },
    "isAvailable": true,
    "isPriceAvailable": true,
    "inPromo": false,
    "gtin": [
      "15400141443568",
      "35400141443562",
      "05400141443561",
      "05400141022414",
      "05400141022421",
      "05400141154177",
      "05400141154184",
      "05400141213188",
      "05400141294170",
      "05400141358896",
      "05400141359206",
      "05400141359213",
      "15400141358893",
      "15400141828617",
      "25400141358890"
    ],
    "topCategoryName": "Brood/Ontbijt",
    "topCategoryId": "124",
    "businessDomain": "RETAIL_BE",
    "IsPrivateLabel": true,
    "IsBiffe": false,
    "WeightconversionFactor": "0",
    "IsWeightArticle": false,
    "nutriscoreLabel": "B",
    "IsBio": true,
    "CountryOfOrigin": "BELGIË",
    "IsExclusivelySoldInLuxembourg": false,
    "OrderUnit": "P",
    "ShortName": "BONI BIO RIJSTWAFEL 100",
    "IsNew": false,
    "EcoscoreLabel": "B",
    "RecentQuanityOfStockUnits": "1,3,24,1,3",
    "LongName": "BONI BIO rijstwafel 100g",
    "AlcoholVolume": "0",
    "FicCode": "I",
    "EcoscoreValue": "63"
  },
  {
    "productId": "614222",
    "technicalArticleNumber": "4289152",
    "commercialArticleNumber": "23299",
    "name": "Waldkorn",
    "description": "*Traditioneel\ngebakken\ntarwe-roggebrood\nmet zonnebloempitten\nen lijnzaad.",
    "brand": "BROOD VAN SOMA",
    "seoBrand": "Brood Van Soma",
    "thumbNail": "https://static.colruytgroup.com/images/200x200/std.lang.all/90/46/asset-2149046.jpg",
    "fullImage": "https://static.colruytgroup.com/images/500x500/std.lang.all/90/46/asset-2149046.jpg",
    "squareImage": "https://static.colruytgroup.com/images/500x500sq/std.lang.all/90/46/asset-2149046.jpg",
    "content": "375g",
    "walkRouteSequenceNumber": 6583,
    "price": {
      "basicPrice": 1.99,
      "recommendedQuantity": "1.0",
      "measurementUnitPrice": 5.31,
      "measurementUnit": "K",
      "isRedPrice": false,
      "pricePerUOM": 5.31,
      "activationDate": "23-03-2024",
      "recordSource": "Offline",
      "isPromoActive": "N",
      "priceChangeCode": "H"
    },
    "isAvailable": true,
    "isPriceAvailable": true,
    "inPromo": false,
    "gtin": [
      "08710899100096",
      "08710899013785"
    ],
    "topCategoryName": "Brood/Ontbijt",
    "topCategoryId": "124",
    "businessDomain": "RETAIL_BE",
    "IsPrivateLabel": false,
    "IsBiffe": false,
    "WeightconversionFactor": "0",
    "IsWeightArticle": false,
    "IsBio": false,
    "CountryOfOrigin": "NEDERLAND",
    "IsExclusivelySoldInLuxembourg": false,
    "OrderUnit": "P",
    "ShortName": "BRSO WALDKORN 375G",
    "IsNew": false,
    "RecentQuanityOfStockUnits": "1,10",
    "LongName": "BROOD VAN SOMA Waldkorn 375g",
    "FicCode": "E"
  },
  {
    "productId": "591856",
    "technicalArticleNumber": "4250782",
    "commercialArticleNumber": "15370",
    "name": "hazelnootpasta z.palmolie UTZ",
    "description": "*Zonder palmolie\n*Suiker, zonnebloemolie,\nhazelnoot (13%),\ncacaopoeder (7.4%),\nmelkpoeder, cacaoboter,",
    "brand": "BONI",
    "seoBrand": "Boni Selection",
    "thumbNail": "https://static.colruytgroup.com/images/200x200/std.lang.all/84/01/asset-3028401.jpg",
    "fullImage": "https://static.colruytgroup.com/images/500x500/std.lang.all/84/01/asset-3028401.jpg",
    "squareImage": "https://static.colruytgroup.com/images/500x500sq/std.lang.all/84/01/asset-3028401.jpg",
    "content": "750g",
    "walkRouteSequenceNumber": 17662,
    "price": {
      "basicPrice": 3.89,
      "recommendedQuantity": "1.0",
      "measurementUnitPrice": 5.19,
      "measurementUnit": "K",
      "isRedPrice": false,
      "pricePerUOM": 5.19,
      "activationDate": "05-03-2024",
      "recordSource": "Offline",
      "isPromoActive": "N",
      "priceChangeCode": "H"
    },
    "isAvailable": true,
    "isPriceAvailable": true,
    "inPromo": false,
    "gtin": [
      "15400141757825",
      "05400141382044",
      "15400141382041",
      "05400141757828",
      "15400141757795",
      "05400141757798"
    ],
    "topCategoryName": "Brood/Ontbijt",
    "topCategoryId": "124",
    "businessDomain": "RETAIL_BE",
    "IsPrivateLabel": true,
    "IsBiffe": false,
    "WeightconversionFactor": "0",
    "IsWeightArticle": false,
    "nutriscoreLabel": "E",
    "IsBio": false,
    "CountryOfOrigin": "DUITSLAND",
    "IsExclusivelySoldInLuxembourg": false,
    "OrderUnit": "P",
    "ShortName": "BONI HAZ.P.Z.PAL.UTZ750",
    "IsNew": false,
    "EcoscoreLabel": "B",
    "RecentQuanityOfStockUnits": "1,6",
    "LongName": "BONI hazelnootpasta z.palmolie UTZ 750g",
    "AlcoholVolume": "0",
    "FicCode": "I",
    "EcoscoreValue": "61"
  },
  {
    "productId": "807765",
    "technicalArticleNumber": "4629500",
    "commercialArticleNumber": "8141",
    "description": "*Bereid met 400g\nvruchten per 100g\n*Siroop van peren,\nappelen en dadels\n*Met suiker",
    "brand": "ECHTE LUIKSE SIROOP",
    "seoBrand": "Echte Luikse Siroop",
    "thumbNail": "https://static.colruytgroup.com/images/200x200/nl_be/79/18/asset-2847918.jpg",
    "fullImage": "https://static.colruytgroup.com/images/500x500/nl_be/79/18/asset-2847918.jpg",
    "squareImage": "https://static.colruytgroup.com/images/500x500sq/nl_be/79/18/asset-2847918.jpg",
    "content": "450g",
    "walkRouteSequenceNumber": 17975,
    "price": {
      "basicPrice": 2.39,
      "recommendedQuantity": "1.0",
      "measurementUnitPrice": 5.32,
      "measurementUnit": "K",
      "isRedPrice": false,
      "pricePerUOM": 5.32,
      "activationDate": "19-01-2024",
      "recordSource": "Offline",
      "isPromoActive": "N",
      "priceChangeCode": "L"
    },
    "isAvailable": true,
    "isPriceAvailable": true,
    "inPromo": false,
    "gtin": [
      "04008169304560",
      "04008169304508"
    ],
    "topCategoryName": "Brood/Ontbijt",
    "topCategoryId": "124",
    "businessDomain": "RETAIL_BE",
    "IsPrivateLabel": false,
    "IsBiffe": false,
    "WeightconversionFactor": "0",
    "IsWeightArticle": false,
    "nutriscoreLabel": "D",
    "IsBio": false,
    "CountryOfOrigin": "BELGIË",
    "IsExclusivelySoldInLuxembourg": false,
    "OrderUnit": "P",
    "ShortName": "ECHTE LUIKSE SIROOP450G",
    "IsNew": false,
    "RecentQuanityOfStockUnits": "1,12",
    "LongName": "ECHTE LUIKSE SIROOP 450g",
    "FicCode": "E"
  },
  {
    "productId": "658893",
    "technicalArticleNumber": "4361977",
    "commercialArticleNumber": "24054",
    "name": "1/2 bruine stokbrood",
    "description": "*10-12 minuten in\nde oven",
    "brand": "EVERYDAY",
    "seoBrand": "Everyday",
    "thumbNail": "https://static.colruytgroup.com/images/200x200/std.lang.all/38/11/asset-2863811.jpg",
    "fullImage": "https://static.colruytgroup.com/images/500x500/std.lang.all/38/11/asset-2863811.jpg",
    "squareImage": "https://static.colruytgroup.com/images/500x500sq/std.lang.all/38/11/asset-2863811.jpg",
    "content": "4x150g",
    "walkRouteSequenceNumber": 9747,
    "price": {
      "basicPrice": 1.98,
      "recommendedQuantity": "1.0",
      "measurementUnitPrice": 3.3,
      "measurementUnit": "K",
      "isRedPrice": false,
      "pricePerUOM": 3.3,
      "activationDate": "07-03-2024",
      "recordSource": "Offline",
      "isPromoActive": "N",
      "priceChangeCode": "L"
    },
    "isAvailable": true,
    "isPriceAvailable": true,
    "inPromo": false,
    "gtin": [
      "15400141444398",
      "05400141444391",
      "05400141962871",
      "15400141962878"
    ],
    "topCategoryName": "Brood/Ontbijt",
    "topCategoryId": "124",
    "businessDomain": "RETAIL_BE",
    "IsPrivateLabel": true,
    "IsBiffe": false,
    "WeightconversionFactor": "0",
    "IsWeightArticle": false,
    "nutriscoreLabel": "C",
    "IsBio": false,
    "CountryOfOrigin": "FRANKRIJK",
    "IsExclusivelySoldInLuxembourg": false,
    "OrderUnit": "P",
    "ShortName": "EVD 1/2 BR.STOKBR4X150G",
    "IsNew": false,
    "EcoscoreLabel": "B",
    "RecentQuanityOfStockUnits": "1,11",
    "LongName": "EVERYDAY 1/2 bruine stokbrood 4x150g",
    "FicCode": "I",
    "EcoscoreValue": "77"
  },
  {
    "productId": "139315",
    "technicalArticleNumber": "3183496",
    "commercialArticleNumber": "43965",
    "name": "Choco Krisps",
    "description": "*Gepofte rijst met\nchocolade",
    "brand": "BONI",
    "seoBrand": "Boni Selection",
    "thumbNail": "https://static.colruytgroup.com/images/200x200/std.lang.all/62/80/asset-3446280.jpg",
    "fullImage": "https://static.colruytgroup.com/images/500x500/std.lang.all/62/80/asset-3446280.jpg",
    "squareImage": "https://static.colruytgroup.com/images/500x500sq/std.lang.all/62/80/asset-3446280.jpg",
    "content": "500g",
    "walkRouteSequenceNumber": 17157,
    "price": {
      "basicPrice": 1.79,
      "recommendedQuantity": "1.0",
      "measurementUnitPrice": 3.58,
      "measurementUnit": "K",
      "isRedPrice": false,
      "pricePerUOM": 3.58,
      "activationDate": "16-01-2024",
      "recordSource": "Offline",
      "isPromoActive": "N",
      "priceChangeCode": "E"
    },
    "isAvailable": true,
    "isPriceAvailable": true,
    "inPromo": false,
    "gtin": [
      "05400141731903",
      "15400141731900",
      "15400141279990",
      "05400141409789",
      "05400141279993",
      "05400141158731",
      "05400141168518",
      "05400141716009",
      "15400141716006"
    ],
    "topCategoryName": "Brood/Ontbijt",
    "topCategoryId": "124",
    "businessDomain": "RETAIL_BE",
    "IsPrivateLabel": true,
    "IsBiffe": false,
    "WeightconversionFactor": "0",
    "IsWeightArticle": false,
    "nutriscoreLabel": "A",
    "IsBio": false,
    "CountryOfOrigin": "FRANKRIJK",
    "IsExclusivelySoldInLuxembourg": false,
    "OrderUnit": "P",
    "ShortName": "BONI CHOCO KRISPS 500G",
    "IsNew": false,
    "EcoscoreLabel": "C",
    "RecentQuanityOfStockUnits": "1,1,10",
    "LongName": "BONI Choco Krisps 500g",
    "AlcoholVolume": "0",
    "FicCode": "I",
    "EcoscoreValue": "49"
  },
  {
    "productId": "20457",
    "technicalArticleNumber": "1902879",
    "commercialArticleNumber": "16050",
    "name": "pasta speculoos",
    "brand": "LOTUS",
    "seoBrand": "Lotus",
    "thumbNail": "https://static.colruytgroup.com/images/200x200/std.lang.all/69/43/asset-3366943.jpg",
    "fullImage": "https://static.colruytgroup.com/images/500x500/std.lang.all/69/43/asset-3366943.jpg",
    "squareImage": "https://static.colruytgroup.com/images/500x500sq/std.lang.all/69/43/asset-3366943.jpg",
    "content": "400g",
    "walkRouteSequenceNumber": 17864,
    "price": {
      "basicPrice": 2.69,
      "recommendedQuantity": "1.0",
      "measurementUnitPrice": 6.73,
      "measurementUnit": "K",
      "isRedPrice": false,
      "pricePerUOM": 6.73,
      "activationDate": "15-03-2024",
      "recordSource": "Offline",
      "isPromoActive": "N",
      "priceChangeCode": "E"
    },
    "isAvailable": true,
    "isPriceAvailable": true,
    "inPromo": true,
    "promotion": [
      {
        "techPromoId": "001928COLR",
        "promotionId": "001928",
        "promotionType": "4",
        "isPersonalized": "N",
        "publicationStartDate": "13-03-2024",
        "publicationEndDate": "26-03-2024"
      }
    ],
    "gtin": [
      "05410126006957",
      "15410126006954"
    ],
    "topCategoryName": "Brood/Ontbijt",
    "topCategoryId": "124",
    "businessDomain": "RETAIL_BE",
    "IsPrivateLabel": false,
    "IsBiffe": false,
    "WeightconversionFactor": "0",
    "IsWeightArticle": false,
    "nutriscoreLabel": "E",
    "IsBio": false,
    "CountryOfOrigin": "BELGIË",
    "IsExclusivelySoldInLuxembourg": false,
    "OrderUnit": "P",
    "ShortName": "LOTUS SPEC.PASTA 400G",
    "InSeason": true,
    "IsNew": false,
    "RecentQuanityOfStockUnits": "1,12",
    "LongName": "LOTUS pasta speculoos 400g",
    "AlcoholVolume": "0",
    "StartSeasonDate": "17/08/2012",
    "FicCode": "E"
  },
  {
    "productId": "63234",
    "technicalArticleNumber": "2794489",
    "commercialArticleNumber": "45720",
    "name": "mattentaarten",
    "brand": "BONI",
    "seoBrand": "Boni Selection",
    "thumbNail": "https://static.colruytgroup.com/images/200x200/std.lang.all/51/60/asset-3445160.jpg",
    "fullImage": "https://static.colruytgroup.com/images/500x500/std.lang.all/51/60/asset-3445160.jpg",
    "squareImage": "https://static.colruytgroup.com/images/500x500sq/std.lang.all/51/60/asset-3445160.jpg",
    "content": "2st",
    "walkRouteSequenceNumber": 6095,
    "price": {
      "basicPrice": 2.59,
      "recommendedQuantity": "1.0",
      "measurementUnitPrice": 11.27,
      "measurementUnit": "K",
      "isRedPrice": false,
      "pricePerUOM": 11.27,
      "activationDate": "14-03-2024",
      "recordSource": "Offline",
      "isPromoActive": "N",
      "priceChangeCode": "E"
    },
    "isAvailable": true,
    "isPriceAvailable": true,
    "inPromo": false,
    "gtin": [
      "05400141047646",
      "05400141126587",
      "45400141387993",
      "05400141247206",
      "05400141604078",
      "05413788024697"
    ],
    "topCategoryName": "Brood/Ontbijt",
    "topCategoryId": "124",
    "businessDomain": "RETAIL_BE",
    "IsPrivateLabel": true,
    "IsBiffe": false,
    "WeightconversionFactor": "0",
    "IsWeightArticle": false,
    "nutriscoreLabel": "E",
    "IsBio": false,
    "CountryOfOrigin": "BELGIË",
    "IsExclusivelySoldInLuxembourg": false,
    "OrderUnit": "P",
    "ShortName": "BONI MATTENTAART 230G",
    "IsNew": false,
    "EcoscoreLabel": "D",
    "RecentQuanityOfStockUnits": "1",
    "LongName": "BONI mattentaarten 2st",
    "AlcoholVolume": "0",
    "FicCode": "I",
    "EcoscoreValue": "31"
  },
  {
    "productId": "154058",
    "technicalArticleNumber": "3297618",
    "commercialArticleNumber": "44746",
    "name": "pasta speculoos crunchy",
    "brand": "LOTUS",
    "seoBrand": "Lotus",
    "thumbNail": "https://static.colruytgroup.com/images/200x200/std.lang.all/69/44/asset-3366944.jpg",
    "fullImage": "https://static.colruytgroup.com/images/500x500/std.lang.all/69/44/asset-3366944.jpg",
    "squareImage": "https://static.colruytgroup.com/images/500x500sq/std.lang.all/69/44/asset-3366944.jpg",
    "content": "400g",
    "walkRouteSequenceNumber": 17873,
    "price": {
      "basicPrice": 3.19,
      "recommendedQuantity": "1.0",
      "measurementUnitPrice": 7.98,
      "measurementUnit": "K",
      "isRedPrice": false,
      "pricePerUOM": 7.98,
      "activationDate": "23-03-2024",
      "recordSource": "Offline",
      "isPromoActive": "N",
      "priceChangeCode": "H"
    },
    "isAvailable": true,
    "isPriceAvailable": true,
    "inPromo": true,
    "promotion": [
      {
        "techPromoId": "001928COLR",
        "promotionId": "001928",
        "promotionType": "4",
        "isPersonalized": "N",
        "publicationStartDate": "13-03-2024",
        "publicationEndDate": "26-03-2024"
      }
    ],
    "gtin": [
      "15410126016946",
      "05410126016949"
    ],
    "topCategoryName": "Brood/Ontbijt",
    "topCategoryId": "124",
    "businessDomain": "RETAIL_BE",
    "IsPrivateLabel": false,
    "IsBiffe": false,
    "WeightconversionFactor": "0",
    "IsWeightArticle": false,
    "nutriscoreLabel": "E",
    "IsBio": false,
    "CountryOfOrigin": "BELGIË",
    "IsExclusivelySoldInLuxembourg": false,
    "OrderUnit": "P",
    "ShortName": "LOT.SPEC.P.CRUNCHY 400G",
    "IsNew": false,
    "RecentQuanityOfStockUnits": "1,12",
    "LongName": "LOTUS pasta speculoos crunchy 400g",
    "AlcoholVolume": "0",
    "FicCode": "E"
  },
  {
    "productId": "116952",
    "technicalArticleNumber": "3062738",
    "commercialArticleNumber": "25743",
    "name": "speculoospasta crunchy",
    "brand": "BONI",
    "seoBrand": "Boni Selection",
    "thumbNail": "https://static.colruytgroup.com/images/200x200/std.lang.all/11/39/asset-3361139.jpg",
    "fullImage": "https://static.colruytgroup.com/images/500x500/std.lang.all/11/39/asset-3361139.jpg",
    "squareImage": "https://static.colruytgroup.com/images/500x500sq/std.lang.all/11/39/asset-3361139.jpg",
    "content": "400g",
    "walkRouteSequenceNumber": 17865,
    "price": {
      "basicPrice": 1.49,
      "recommendedQuantity": "1.0",
      "measurementUnitPrice": 3.73,
      "measurementUnit": "K",
      "isRedPrice": false,
      "pricePerUOM": 3.73,
      "activationDate": "02-02-2024",
      "recordSource": "Offline",
      "isPromoActive": "N",
      "priceChangeCode": "E"
    },
    "isAvailable": true,
    "isPriceAvailable": true,
    "inPromo": false,
    "gtin": [
      "15400141322085",
      "05400141322088",
      "05400141229875"
    ],
    "topCategoryName": "Brood/Ontbijt",
    "topCategoryId": "124",
    "businessDomain": "RETAIL_BE",
    "IsPrivateLabel": true,
    "IsBiffe": false,
    "WeightconversionFactor": "0",
    "IsWeightArticle": false,
    "nutriscoreLabel": "E",
    "IsBio": false,
    "CountryOfOrigin": "BELGIË",
    "IsExclusivelySoldInLuxembourg": false,
    "OrderUnit": "P",
    "ShortName": "BONI SPEC. CRUNCHY 400G",
    "IsNew": false,
    "EcoscoreLabel": "B",
    "RecentQuanityOfStockUnits": "1,12",
    "LongName": "BONI speculoospasta crunchy 400g",
    "AlcoholVolume": "0",
    "FicCode": "I",
    "EcoscoreValue": "68"
  },
  {
    "productId": "335566",
    "technicalArticleNumber": "3799695",
    "commercialArticleNumber": "51187",
    "name": "mueslireep hazelnoot",
    "description": "*Rijk aan vezels\n*Geen zout toegevoegd",
    "brand": "BONI",
    "seoBrand": "Boni Selection",
    "thumbNail": "https://static.colruytgroup.com/images/200x200/std.lang.all/30/17/asset-2403017.jpg",
    "fullImage": "https://static.colruytgroup.com/images/500x500/std.lang.all/30/17/asset-2403017.jpg",
    "squareImage": "https://static.colruytgroup.com/images/500x500sq/std.lang.all/30/17/asset-2403017.jpg",
    "content": "150g",
    "walkRouteSequenceNumber": 2166,
    "price": {
      "basicPrice": 1.51,
      "recommendedQuantity": "1.0",
      "measurementUnitPrice": 10.07,
      "measurementUnit": "K",
      "isRedPrice": false,
      "pricePerUOM": 10.07,
      "activationDate": "03-02-2024",
      "recordSource": "Offline",
      "isPromoActive": "N",
      "priceChangeCode": "E"
    },
    "isAvailable": true,
    "isPriceAvailable": true,
    "inPromo": false,
    "gtin": [
      "15400141690160",
      "05400141190915",
      "05400141285147",
      "15400141285144",
      "05400141690163",
      "05400141506051",
      "15400141506058"
    ],
    "topCategoryName": "Brood/Ontbijt",
    "topCategoryId": "124",
    "businessDomain": "RETAIL_BE",
    "IsPrivateLabel": true,
    "IsBiffe": false,
    "WeightconversionFactor": "0",
    "IsWeightArticle": false,
    "nutriscoreLabel": "B",
    "IsBio": false,
    "CountryOfOrigin": "NEDERLAND",
    "IsExclusivelySoldInLuxembourg": false,
    "OrderUnit": "P",
    "ShortName": "BONI MUESLIR.HAZELN.150",
    "IsNew": false,
    "EcoscoreLabel": "C",
    "RecentQuanityOfStockUnits": "8,1,1",
    "LongName": "BONI mueslireep hazelnoot 150g",
    "AlcoholVolume": "0",
    "FicCode": "I",
    "EcoscoreValue": "46"
  },
  {
    "productId": "862756",
    "technicalArticleNumber": "4714134",
    "commercialArticleNumber": "31886",
    "name": "beschuiten",
    "description": "*Beschuiten,\nvierkant, natuur",
    "brand": "EVERYDAY",
    "seoBrand": "Everyday",
    "thumbNail": "https://static.colruytgroup.com/images/200x200/std.lang.all/23/85/asset-3412385.jpg",
    "fullImage": "https://static.colruytgroup.com/images/500x500/std.lang.all/23/85/asset-3412385.jpg",
    "squareImage": "https://static.colruytgroup.com/images/500x500sq/std.lang.all/23/85/asset-3412385.jpg",
    "content": "500g",
    "walkRouteSequenceNumber": 17072,
    "price": {
      "basicPrice": 1.8,
      "recommendedQuantity": "1.0",
      "quantityPrice": 1.35,
      "quantityPriceQuantity": "2.0",
      "measurementUnitPrice": 3.6,
      "measurementUnitQuantityPrice": 2.7,
      "measurementUnit": "K",
      "isRedPrice": false,
      "pricePerUOM": 3.6,
      "activationDate": "20-03-2024",
      "recordSource": "Offline",
      "isPromoActive": "N",
      "priceChangeCode": "E",
      "quantityPricePerUOM": 2.7,
      "quantityActivationDate": "20-03-2024",
      "quantityPriceChangeCode": "H"
    },
    "isAvailable": true,
    "isPriceAvailable": true,
    "inPromo": false,
    "gtin": [
      "15400141893226",
      "05400141893229"
    ],
    "topCategoryName": "Brood/Ontbijt",
    "topCategoryId": "124",
    "businessDomain": "RETAIL_BE",
    "IsPrivateLabel": true,
    "IsBiffe": false,
    "WeightconversionFactor": "0",
    "IsWeightArticle": false,
    "nutriscoreLabel": "C",
    "IsBio": false,
    "CountryOfOrigin": "GRIEKENLAND",
    "IsExclusivelySoldInLuxembourg": false,
    "OrderUnit": "P",
    "ShortName": "EVD BESCHUITEN 500G",
    "IsNew": false,
    "EcoscoreLabel": "B",
    "RecentQuanityOfStockUnits": "12,1",
    "LongName": "EVERYDAY beschuiten 500g",
    "AlcoholVolume": "0",
    "FicCode": "I",
    "EcoscoreValue": "75"
  },
  {
    "productId": "1085",
    "technicalArticleNumber": "16151",
    "commercialArticleNumber": "16151",
    "name": "honing vast",
    "description": "*Vast",
    "brand": "EVERYDAY",
    "seoBrand": "Everyday",
    "thumbNail": "https://static.colruytgroup.com/images/200x200/std.lang.all/69/44/asset-596944.jpg",
    "fullImage": "https://static.colruytgroup.com/images/500x500/std.lang.all/69/44/asset-596944.jpg",
    "squareImage": "https://static.colruytgroup.com/images/500x500sq/std.lang.all/69/44/asset-596944.jpg",
    "content": "500g",
    "walkRouteSequenceNumber": 17999,
    "price": {
      "basicPrice": 1.84,
      "recommendedQuantity": "1.0",
      "measurementUnitPrice": 3.68,
      "measurementUnit": "K",
      "isRedPrice": false,
      "pricePerUOM": 3.68,
      "activationDate": "19-01-2024",
      "recordSource": "Offline",
      "isPromoActive": "N",
      "priceChangeCode": "L"
    },
    "isAvailable": true,
    "isPriceAvailable": true,
    "inPromo": false,
    "gtin": [
      "05400141159783",
      "15400141159780"
    ],
    "topCategoryName": "Brood/Ontbijt",
    "topCategoryId": "124",
    "businessDomain": "RETAIL_BE",
    "IsPrivateLabel": true,
    "IsBiffe": false,
    "WeightconversionFactor": "0",
    "IsWeightArticle": false,
    "nutriscoreLabel": "D",
    "IsBio": false,
    "CountryOfOrigin": "BELGIË",
    "IsExclusivelySoldInLuxembourg": false,
    "OrderUnit": "P",
    "ShortName": "EVD HONING 500G.",
    "InSeason": true,
    "IsNew": false,
    "EcoscoreLabel": "A",
    "RecentQuanityOfStockUnits": "1,12",
    "LongName": "EVERYDAY honing vast 500g",
    "AlcoholVolume": "0",
    "StartSeasonDate": "12/12/2002",
    "FicCode": "I",
    "EcoscoreValue": "89"
  },
  {
    "productId": "158",
    "technicalArticleNumber": "15062",
    "commercialArticleNumber": "15062",
    "name": "bladerdeeg pasteitjes 6st",
    "description": "*Bladerdeeghapje,\nom op te vullen\n*Vershoudzakjes\n2x3 stuks",
    "brand": "BONI",
    "seoBrand": "Boni Selection",
    "thumbNail": "https://static.colruytgroup.com/images/200x200/std.lang.all/16/72/asset-3361672.jpg",
    "fullImage": "https://static.colruytgroup.com/images/500x500/std.lang.all/16/72/asset-3361672.jpg",
    "squareImage": "https://static.colruytgroup.com/images/500x500sq/std.lang.all/16/72/asset-3361672.jpg",
    "content": "150g",
    "walkRouteSequenceNumber": 16995,
    "price": {
      "basicPrice": 1.48,
      "recommendedQuantity": "2.0",
      "measurementUnitPrice": 9.87,
      "measurementUnit": "K",
      "isRedPrice": false,
      "pricePerUOM": 9.87,
      "activationDate": "26-12-2023",
      "recordSource": "Offline",
      "isPromoActive": "N",
      "priceChangeCode": "H"
    },
    "isAvailable": true,
    "isPriceAvailable": true,
    "inPromo": false,
    "gtin": [
      "05400141528404",
      "15400141528401",
      "00000025150629",
      "05400141004953",
      "05400141057454",
      "05400141116090",
      "05400141273458",
      "15400141273455"
    ],
    "topCategoryName": "Brood/Ontbijt",
    "topCategoryId": "124",
    "businessDomain": "RETAIL_BE",
    "IsPrivateLabel": true,
    "IsBiffe": false,
    "WeightconversionFactor": "0",
    "IsWeightArticle": false,
    "nutriscoreLabel": "E",
    "IsBio": false,
    "CountryOfOrigin": "BELGIË",
    "IsExclusivelySoldInLuxembourg": false,
    "OrderUnit": "P",
    "ShortName": "BONI 6 BOUCHEE 150 G",
    "IsNew": false,
    "EcoscoreLabel": "B",
    "RecentQuanityOfStockUnits": "1,2,12",
    "LongName": "BONI bladerdeeg pasteitjes 6st 150g",
    "AlcoholVolume": "0",
    "FicCode": "I",
    "EcoscoreValue": "73"
  },
  {
    "productId": "57822",
    "technicalArticleNumber": "2261190",
    "commercialArticleNumber": "7807",
    "name": "toast melba rond 44st",
    "description": "*Toast, rond\n*vershoudzakje\n44 stuks",
    "brand": "BONI",
    "seoBrand": "Boni Selection",
    "thumbNail": "https://static.colruytgroup.com/images/200x200/std.lang.all/60/53/asset-3326053.jpg",
    "fullImage": "https://static.colruytgroup.com/images/500x500/std.lang.all/60/53/asset-3326053.jpg",
    "squareImage": "https://static.colruytgroup.com/images/500x500sq/std.lang.all/60/53/asset-3326053.jpg",
    "content": "110g",
    "walkRouteSequenceNumber": 4495,
    "price": {
      "basicPrice": 0.95,
      "recommendedQuantity": "1.0",
      "measurementUnitPrice": 8.64,
      "measurementUnit": "K",
      "isRedPrice": false,
      "pricePerUOM": 8.64,
      "activationDate": "22-02-2024",
      "recordSource": "Offline",
      "isPromoActive": "N",
      "priceChangeCode": "H"
    },
    "isAvailable": true,
    "isPriceAvailable": true,
    "inPromo": false,
    "gtin": [
      "15400141470137",
      "05400141470130",
      "15400141953425",
      "05400141168914",
      "05400141364286",
      "15400141364283"
    ],
    "topCategoryName": "Brood/Ontbijt",
    "topCategoryId": "124",
    "businessDomain": "RETAIL_BE",
    "IsPrivateLabel": true,
    "IsBiffe": false,
    "WeightconversionFactor": "0",
    "IsWeightArticle": false,
    "nutriscoreLabel": "C",
    "IsBio": false,
    "CountryOfOrigin": "NEDERLAND",
    "IsExclusivelySoldInLuxembourg": false,
    "OrderUnit": "P",
    "ShortName": "BONI MEL.TO.ROND110G",
    "IsNew": false,
    "EcoscoreLabel": "B",
    "RecentQuanityOfStockUnits": "1,12",
    "LongName": "BONI toast melba rond 44st 110g",
    "AlcoholVolume": "0",
    "FicCode": "I",
    "EcoscoreValue": "75"
  },
  {
    "productId": "26832",
    "technicalArticleNumber": "1979517",
    "commercialArticleNumber": "15324",
    "name": "beschuit Naturel",
    "description": "*Beschuiten,\nvierkant, natuur\n*Met 97 % granen",
    "brand": "LU HEUDEBERT",
    "seoBrand": "LU Heudebert",
    "thumbNail": "https://static.colruytgroup.com/images/200x200/std.lang.all/70/31/asset-1467031.jpg",
    "fullImage": "https://static.colruytgroup.com/images/500x500/std.lang.all/70/31/asset-1467031.jpg",
    "squareImage": "https://static.colruytgroup.com/images/500x500sq/std.lang.all/70/31/asset-1467031.jpg",
    "content": "300g",
    "walkRouteSequenceNumber": 17080,
    "price": {
      "basicPrice": 1.79,
      "recommendedQuantity": "1.0",
      "measurementUnitPrice": 5.97,
      "measurementUnit": "K",
      "isRedPrice": false,
      "pricePerUOM": 5.97,
      "activationDate": "02-02-2024",
      "recordSource": "Offline",
      "isPromoActive": "N",
      "priceChangeCode": "E"
    },
    "isAvailable": true,
    "isPriceAvailable": true,
    "inPromo": false,
    "gtin": [
      "05410041145502",
      "25410041145506"
    ],
    "topCategoryName": "Brood/Ontbijt",
    "topCategoryId": "124",
    "businessDomain": "RETAIL_BE",
    "IsPrivateLabel": false,
    "IsBiffe": false,
    "WeightconversionFactor": "0",
    "IsWeightArticle": false,
    "nutriscoreLabel": "D",
    "IsBio": false,
    "CountryOfOrigin": "FRANKRIJK",
    "IsExclusivelySoldInLuxembourg": false,
    "OrderUnit": "P",
    "ShortName": "LU HEUDEB BESCH NAT300G",
    "IsNew": false,
    "RecentQuanityOfStockUnits": "1,15",
    "LongName": "LU HEUDEBERT beschuit Naturel 300g",
    "AlcoholVolume": "0",
    "FicCode": "E"
  },
  {
    "productId": "951442",
    "technicalArticleNumber": "4769565",
    "commercialArticleNumber": "16413",
    "name": "Turks brood",
    "brand": "IKRA BAKERIES",
    "seoBrand": "Ikra Bakeries",
    "thumbNail": "https://static.colruytgroup.com/images/200x200/std.lang.all/35/82/asset-3363582.jpg",
    "fullImage": "https://static.colruytgroup.com/images/500x500/std.lang.all/35/82/asset-3363582.jpg",
    "squareImage": "https://static.colruytgroup.com/images/500x500sq/std.lang.all/35/82/asset-3363582.jpg",
    "content": "500g",
    "walkRouteSequenceNumber": 18294,
    "price": {
      "basicPrice": 1.39,
      "recommendedQuantity": "1.0",
      "measurementUnitPrice": 2.78,
      "measurementUnit": "K",
      "isRedPrice": false,
      "pricePerUOM": 2.78,
      "activationDate": "22-03-2024",
      "recordSource": "Offline",
      "isPromoActive": "N",
      "priceChangeCode": "L"
    },
    "isAvailable": true,
    "isPriceAvailable": true,
    "inPromo": false,
    "gtin": [
      "08720726197557",
      "08720726197526"
    ],
    "topCategoryName": "Brood/Ontbijt",
    "topCategoryId": "124",
    "businessDomain": "RETAIL_BE",
    "IsPrivateLabel": false,
    "IsBiffe": false,
    "WeightconversionFactor": "0",
    "IsWeightArticle": false,
    "IsBio": false,
    "CountryOfOrigin": "EUROPA",
    "IsExclusivelySoldInLuxembourg": false,
    "OrderUnit": "P",
    "ShortName": "IKRA TURKS BROOD 500G",
    "IsNew": false,
    "EcoscoreLabel": "B",
    "RecentQuanityOfStockUnits": "1,6",
    "LongName": "IKRA BAKERIES Turks brood 500g",
    "FicCode": "E",
    "EcoscoreValue": "77"
  },
  {
    "productId": "613670",
    "technicalArticleNumber": "4288226",
    "commercialArticleNumber": "23255",
    "name": "confituur aardbei",
    "brand": "EFFI",
    "seoBrand": "Effi",
    "thumbNail": "https://static.colruytgroup.com/images/200x200/std.lang.all/58/75/asset-2205875.jpg",
    "fullImage": "https://static.colruytgroup.com/images/500x500/std.lang.all/58/75/asset-2205875.jpg",
    "squareImage": "https://static.colruytgroup.com/images/500x500sq/std.lang.all/58/75/asset-2205875.jpg",
    "content": "350g",
    "walkRouteSequenceNumber": 17956,
    "price": {
      "basicPrice": 2.59,
      "recommendedQuantity": "2.0",
      "measurementUnitPrice": 7.4,
      "measurementUnit": "K",
      "isRedPrice": false,
      "pricePerUOM": 7.4,
      "activationDate": "01-02-2024",
      "recordSource": "Offline",
      "isPromoActive": "N",
      "priceChangeCode": "E"
    },
    "isAvailable": true,
    "isPriceAvailable": true,
    "inPromo": false,
    "gtin": [
      "08719200174092",
      "25400141418693",
      "08719200174108"
    ],
    "topCategoryName": "Brood/Ontbijt",
    "topCategoryId": "124",
    "businessDomain": "RETAIL_BE",
    "IsPrivateLabel": false,
    "IsBiffe": false,
    "WeightconversionFactor": "0",
    "IsWeightArticle": false,
    "nutriscoreLabel": "C",
    "IsBio": false,
    "CountryOfOrigin": "NEDERLAND",
    "IsExclusivelySoldInLuxembourg": false,
    "OrderUnit": "P",
    "ShortName": "EFFI VR.BER.AARDBEI350G",
    "IsNew": false,
    "EcoscoreLabel": "B",
    "RecentQuanityOfStockUnits": "1,2,12",
    "LongName": "EFFI confituur aardbei 350g",
    "FicCode": "E",
    "EcoscoreValue": "60"
  },
  {
    "productId": "859179",
    "technicalArticleNumber": "4709576",
    "commercialArticleNumber": "31797",
    "name": "donut mix",
    "brand": "BONI",
    "seoBrand": "Boni Selection",
    "thumbNail": "https://static.colruytgroup.com/images/200x200/std.lang.all/93/37/asset-3209337.jpg",
    "fullImage": "https://static.colruytgroup.com/images/500x500/std.lang.all/93/37/asset-3209337.jpg",
    "squareImage": "https://static.colruytgroup.com/images/500x500sq/std.lang.all/93/37/asset-3209337.jpg",
    "content": "210g",
    "walkRouteSequenceNumber": 6098,
    "price": {
      "basicPrice": 1.78,
      "recommendedQuantity": "1.0",
      "measurementUnitPrice": 8.48,
      "measurementUnit": "K",
      "isRedPrice": false,
      "pricePerUOM": 8.48,
      "activationDate": "13-03-2024",
      "recordSource": "Folder",
      "isPromoActive": "N",
      "priceChangeCode": "L"
    },
    "isAvailable": true,
    "isPriceAvailable": true,
    "inPromo": false,
    "gtin": [
      "15400141502333",
      "05400141502336"
    ],
    "topCategoryName": "Brood/Ontbijt",
    "topCategoryId": "124",
    "businessDomain": "RETAIL_BE",
    "IsPrivateLabel": true,
    "IsBiffe": false,
    "WeightconversionFactor": "0",
    "IsWeightArticle": false,
    "nutriscoreLabel": "E",
    "IsBio": false,
    "CountryOfOrigin": "BELGIË",
    "IsExclusivelySoldInLuxembourg": false,
    "OrderUnit": "P",
    "ShortName": "BONI DONUT MIX 4ST 210G",
    "IsNew": false,
    "EcoscoreLabel": "B",
    "RecentQuanityOfStockUnits": "1,2",
    "LongName": "BONI donut mix 210g",
    "AlcoholVolume": "0",
    "FicCode": "I",
    "EcoscoreValue": "77"
  },
  {
    "productId": "203601",
    "technicalArticleNumber": "3406544",
    "commercialArticleNumber": "50042",
    "name": "Choco Cookies",
    "description": "*Granen gevuld met\nchocolade",
    "brand": "BONI",
    "seoBrand": "Boni Selection",
    "thumbNail": "https://static.colruytgroup.com/images/200x200/std.lang.all/13/88/asset-3421388.jpg",
    "fullImage": "https://static.colruytgroup.com/images/500x500/std.lang.all/13/88/asset-3421388.jpg",
    "squareImage": "https://static.colruytgroup.com/images/500x500sq/std.lang.all/13/88/asset-3421388.jpg",
    "content": "750g",
    "walkRouteSequenceNumber": 17172,
    "price": {
      "basicPrice": 3.59,
      "recommendedQuantity": "1.0",
      "measurementUnitPrice": 4.79,
      "measurementUnit": "K",
      "isRedPrice": false,
      "pricePerUOM": 4.79,
      "activationDate": "16-01-2024",
      "recordSource": "Offline",
      "isPromoActive": "N",
      "priceChangeCode": "H"
    },
    "isAvailable": true,
    "isPriceAvailable": true,
    "inPromo": false,
    "gtin": [
      "05400141995534",
      "15400141995531",
      "15400141053682",
      "05400141280029",
      "05400141424553",
      "05400141053685",
      "05400141354553",
      "15400141280026"
    ],
    "topCategoryName": "Brood/Ontbijt",
    "topCategoryId": "124",
    "businessDomain": "RETAIL_BE",
    "IsPrivateLabel": true,
    "IsBiffe": false,
    "WeightconversionFactor": "0",
    "IsWeightArticle": false,
    "nutriscoreLabel": "D",
    "IsBio": false,
    "CountryOfOrigin": "BELGIË",
    "IsExclusivelySoldInLuxembourg": false,
    "OrderUnit": "P",
    "ShortName": "BONI CHOCO COOKIES 750G",
    "IsNew": false,
    "EcoscoreLabel": "C",
    "RecentQuanityOfStockUnits": "1,10",
    "LongName": "BONI Choco Cookies 750g",
    "AlcoholVolume": "0",
    "FicCode": "I",
    "EcoscoreValue": "47"
  },
  {
    "productId": "878631",
    "technicalArticleNumber": "4734876",
    "commercialArticleNumber": "18638",
    "name": "Frosties",
    "brand": "KELLOGG'S FROSTIES",
    "seoBrand": "Kellogg's Frosties",
    "thumbNail": "https://static.colruytgroup.com/images/200x200/std.lang.all/64/02/asset-3366402.jpg",
    "fullImage": "https://static.colruytgroup.com/images/500x500/std.lang.all/64/02/asset-3366402.jpg",
    "squareImage": "https://static.colruytgroup.com/images/500x500sq/std.lang.all/64/02/asset-3366402.jpg",
    "content": "620g",
    "walkRouteSequenceNumber": 17266,
    "price": {
      "basicPrice": 4.67,
      "recommendedQuantity": "1.0",
      "measurementUnitPrice": 7.54,
      "measurementUnit": "K",
      "isRedPrice": false,
      "pricePerUOM": 7.54,
      "activationDate": "14-02-2024",
      "recordSource": "Offline",
      "isPromoActive": "N",
      "priceChangeCode": "H"
    },
    "isAvailable": true,
    "isPriceAvailable": true,
    "inPromo": false,
    "gtin": [
      "05053827111027",
      "05053827185592"
    ],
    "topCategoryName": "Brood/Ontbijt",
    "topCategoryId": "124",
    "businessDomain": "RETAIL_BE",
    "IsPrivateLabel": false,
    "IsBiffe": false,
    "WeightconversionFactor": "0",
    "IsWeightArticle": false,
    "nutriscoreLabel": "D",
    "IsBio": false,
    "CountryOfOrigin": "EUROPA",
    "IsExclusivelySoldInLuxembourg": false,
    "OrderUnit": "P",
    "ShortName": "KELL FROSTIES 620G",
    "IsNew": false,
    "RecentQuanityOfStockUnits": "1",
    "LongName": "KELLOGG'S FROSTIES Frosties 620g",
    "AlcoholVolume": "0",
    "FicCode": "E"
  },
  {
    "productId": "57599",
    "technicalArticleNumber": "2296229",
    "commercialArticleNumber": "16141",
    "name": "muesli reep met chocolade",
    "description": "*Mueslireep met\nstukjes pure\nchocolade\n*Rainforest gecertificeerd",
    "brand": "BONI",
    "seoBrand": "Boni Selection",
    "thumbNail": "https://static.colruytgroup.com/images/200x200/std.lang.all/22/69/asset-2402269.jpg",
    "fullImage": "https://static.colruytgroup.com/images/500x500/std.lang.all/22/69/asset-2402269.jpg",
    "squareImage": "https://static.colruytgroup.com/images/500x500sq/std.lang.all/22/69/asset-2402269.jpg",
    "content": "8x23g",
    "walkRouteSequenceNumber": 2164,
    "price": {
      "basicPrice": 1.83,
      "recommendedQuantity": "1.0",
      "measurementUnitPrice": 9.95,
      "measurementUnit": "K",
      "isRedPrice": false,
      "pricePerUOM": 9.95,
      "activationDate": "11-03-2024",
      "recordSource": "Offline",
      "isPromoActive": "N",
      "priceChangeCode": "E"
    },
    "isAvailable": true,
    "isPriceAvailable": true,
    "inPromo": false,
    "gtin": [
      "05400141506044",
      "15400141506041",
      "05400141161410",
      "05400141189728",
      "05400141279665",
      "05400141407471",
      "05400141961416",
      "15400141189725",
      "15400141279662",
      "05400141461411",
      "15400141690252",
      "05400141690255"
    ],
    "topCategoryName": "Brood/Ontbijt",
    "topCategoryId": "124",
    "businessDomain": "RETAIL_BE",
    "IsPrivateLabel": true,
    "IsBiffe": false,
    "WeightconversionFactor": "0",
    "IsWeightArticle": false,
    "nutriscoreLabel": "D",
    "IsBio": false,
    "CountryOfOrigin": "NEDERLAND",
    "IsExclusivelySoldInLuxembourg": false,
    "OrderUnit": "P",
    "ShortName": "BONI MUESLIREEP CHO8X23",
    "IsNew": false,
    "EcoscoreLabel": "C",
    "RecentQuanityOfStockUnits": "3,1,12",
    "LongName": "BONI muesli reep met chocolade 8x23g",
    "AlcoholVolume": "0",
    "FicCode": "I",
    "EcoscoreValue": "45"
  },
  {
    "productId": "88693",
    "technicalArticleNumber": "2989415",
    "commercialArticleNumber": "38650",
    "name": "ontbijtkoekjes melk",
    "description": "*Individueel verpakt",
    "brand": "BONI",
    "seoBrand": "Boni Selection",
    "thumbNail": "https://static.colruytgroup.com/images/200x200/nl_be/87/10/asset-2318710.jpg",
    "fullImage": "https://static.colruytgroup.com/images/500x500/nl_be/87/10/asset-2318710.jpg",
    "squareImage": "https://static.colruytgroup.com/images/500x500sq/nl_be/87/10/asset-2318710.jpg",
    "content": "8x50g",
    "walkRouteSequenceNumber": 2325,
    "price": {
      "basicPrice": 1.99,
      "recommendedQuantity": "1.0",
      "measurementUnitPrice": 4.98,
      "measurementUnit": "K",
      "isRedPrice": false,
      "pricePerUOM": 4.98,
      "activationDate": "19-01-2024",
      "recordSource": "Offline",
      "isPromoActive": "N",
      "priceChangeCode": "L"
    },
    "isAvailable": true,
    "isPriceAvailable": true,
    "inPromo": false,
    "gtin": [
      "15400141330769",
      "15400141056935",
      "05400141330762",
      "05400141056938",
      "05400141053135",
      "05400141678734"
    ],
    "topCategoryName": "Brood/Ontbijt",
    "topCategoryId": "124",
    "businessDomain": "RETAIL_BE",
    "IsPrivateLabel": true,
    "IsBiffe": false,
    "WeightconversionFactor": "0",
    "IsWeightArticle": false,
    "nutriscoreLabel": "D",
    "IsBio": false,
    "CountryOfOrigin": "FRANKRIJK",
    "IsExclusivelySoldInLuxembourg": false,
    "OrderUnit": "P",
    "ShortName": "BONI ONTB.KOEK MELK400G",
    "IsNew": false,
    "EcoscoreLabel": "C",
    "RecentQuanityOfStockUnits": "1,1",
    "LongName": "BONI ontbijtkoekjes melk 8x50g",
    "AlcoholVolume": "0",
    "FicCode": "I",
    "EcoscoreValue": "46"
  },
  {
    "productId": "105976",
    "technicalArticleNumber": "3131586",
    "commercialArticleNumber": "8920",
    "name": "Honey Bubbles",
    "description": "*Maïsknikkers met\nhoning",
    "brand": "BONI",
    "seoBrand": "Boni Selection",
    "thumbNail": "https://static.colruytgroup.com/images/200x200/std.lang.all/15/27/asset-3351527.jpg",
    "fullImage": "https://static.colruytgroup.com/images/500x500/std.lang.all/15/27/asset-3351527.jpg",
    "squareImage": "https://static.colruytgroup.com/images/500x500sq/std.lang.all/15/27/asset-3351527.jpg",
    "content": "500g",
    "walkRouteSequenceNumber": 17271,
    "price": {
      "basicPrice": 1.26,
      "recommendedQuantity": "1.0",
      "measurementUnitPrice": 2.52,
      "measurementUnit": "K",
      "isRedPrice": false,
      "pricePerUOM": 2.52,
      "activationDate": "19-01-2024",
      "recordSource": "Offline",
      "isPromoActive": "N",
      "priceChangeCode": "L"
    },
    "isAvailable": true,
    "isPriceAvailable": true,
    "inPromo": false,
    "gtin": [
      "05400141279955",
      "05400141091946",
      "05400141053746",
      "15400141279952",
      "05400141800869",
      "15400141053743",
      "15400141800866"
    ],
    "topCategoryName": "Brood/Ontbijt",
    "topCategoryId": "124",
    "businessDomain": "RETAIL_BE",
    "IsPrivateLabel": true,
    "IsBiffe": false,
    "WeightconversionFactor": "0",
    "IsWeightArticle": false,
    "nutriscoreLabel": "C",
    "IsBio": false,
    "CountryOfOrigin": "BELGIË",
    "IsExclusivelySoldInLuxembourg": false,
    "OrderUnit": "P",
    "ShortName": "BONI HONEY BUBBLES 500G",
    "IsNew": false,
    "EcoscoreLabel": "C",
    "RecentQuanityOfStockUnits": "1,1,10",
    "LongName": "BONI Honey Bubbles 500g",
    "AlcoholVolume": "0",
    "FicCode": "I",
    "EcoscoreValue": "49"
  },
  {
    "productId": "27688",
    "technicalArticleNumber": "2240736",
    "commercialArticleNumber": "4220",
    "name": "tarwe toasts",
    "description": "*Cracotten,\nrechthoekig\n*Vershoudzakjes\n2x18 stuks\n*Met 98 % granen",
    "brand": "BONI",
    "seoBrand": "Boni Selection",
    "thumbNail": "https://static.colruytgroup.com/images/200x200/std.lang.all/36/05/asset-3013605.jpg",
    "fullImage": "https://static.colruytgroup.com/images/500x500/std.lang.all/36/05/asset-3013605.jpg",
    "squareImage": "https://static.colruytgroup.com/images/500x500sq/std.lang.all/36/05/asset-3013605.jpg",
    "content": "250g",
    "walkRouteSequenceNumber": 17057,
    "price": {
      "basicPrice": 0.99,
      "recommendedQuantity": "1.0",
      "measurementUnitPrice": 3.96,
      "measurementUnit": "K",
      "isRedPrice": false,
      "pricePerUOM": 3.96,
      "activationDate": "14-11-2023",
      "recordSource": "Offline",
      "isPromoActive": "N",
      "priceChangeCode": "E"
    },
    "isAvailable": true,
    "isPriceAvailable": true,
    "inPromo": false,
    "gtin": [
      "05400141052695",
      "05400141042221",
      "05400141168983",
      "05400141263152",
      "05400141399844",
      "15400141263159",
      "15400141399841",
      "15400141477587",
      "05400141477580"
    ],
    "topCategoryName": "Brood/Ontbijt",
    "topCategoryId": "124",
    "businessDomain": "RETAIL_BE",
    "IsPrivateLabel": true,
    "IsBiffe": false,
    "WeightconversionFactor": "0",
    "IsWeightArticle": false,
    "nutriscoreLabel": "B",
    "IsBio": false,
    "CountryOfOrigin": "DUITSLAND",
    "IsExclusivelySoldInLuxembourg": false,
    "OrderUnit": "P",
    "ShortName": "BONI TARWE TOASTS 250G",
    "IsNew": false,
    "EcoscoreLabel": "A",
    "RecentQuanityOfStockUnits": "1,12",
    "LongName": "BONI tarwe toasts 250g",
    "AlcoholVolume": "0",
    "FicCode": "I",
    "EcoscoreValue": "87"
  },
  {
    "productId": "111400",
    "technicalArticleNumber": "3064928",
    "commercialArticleNumber": "4576",
    "name": "hagelslag puur",
    "description": "*Minstens 32 %\ncacaobestanddelen",
    "brand": "BONI",
    "seoBrand": "Boni Selection",
    "thumbNail": "https://static.colruytgroup.com/images/200x200/std.lang.all/85/86/asset-3028586.jpg",
    "fullImage": "https://static.colruytgroup.com/images/500x500/std.lang.all/85/86/asset-3028586.jpg",
    "squareImage": "https://static.colruytgroup.com/images/500x500sq/std.lang.all/85/86/asset-3028586.jpg",
    "content": "600g",
    "walkRouteSequenceNumber": 17887,
    "price": {
      "basicPrice": 1.99,
      "recommendedQuantity": "1.0",
      "measurementUnitPrice": 3.32,
      "measurementUnit": "K",
      "isRedPrice": false,
      "pricePerUOM": 3.32,
      "activationDate": "10-08-2023",
      "recordSource": "Offline",
      "isPromoActive": "N",
      "priceChangeCode": "E"
    },
    "isAvailable": true,
    "isPriceAvailable": true,
    "inPromo": false,
    "gtin": [
      "15400141764526",
      "05400141764529",
      "05400141056952",
      "05400141333343",
      "15400141056959",
      "15400141333340"
    ],
    "topCategoryName": "Brood/Ontbijt",
    "topCategoryId": "124",
    "businessDomain": "RETAIL_BE",
    "IsPrivateLabel": true,
    "IsBiffe": false,
    "WeightconversionFactor": "0",
    "IsWeightArticle": false,
    "nutriscoreLabel": "E",
    "IsBio": false,
    "CountryOfOrigin": "NEDERLAND",
    "IsExclusivelySoldInLuxembourg": false,
    "OrderUnit": "P",
    "ShortName": "BONI HAGELSLAG PUUR 600",
    "IsNew": false,
    "EcoscoreLabel": "B",
    "RecentQuanityOfStockUnits": "12,1",
    "LongName": "BONI hagelslag puur 600g",
    "AlcoholVolume": "0",
    "FicCode": "I",
    "EcoscoreValue": "61"
  },
  {
    "productId": "592471",
    "technicalArticleNumber": "4251556",
    "commercialArticleNumber": "20348",
    "name": "confituur aardbei 50%",
    "brand": "EVERYDAY",
    "seoBrand": "Everyday",
    "thumbNail": "https://static.colruytgroup.com/images/200x200/std.lang.all/16/78/asset-3361678.jpg",
    "fullImage": "https://static.colruytgroup.com/images/500x500/std.lang.all/16/78/asset-3361678.jpg",
    "squareImage": "https://static.colruytgroup.com/images/500x500sq/std.lang.all/16/78/asset-3361678.jpg",
    "content": "700g",
    "walkRouteSequenceNumber": 17954,
    "price": {
      "basicPrice": 1.38,
      "recommendedQuantity": "1.0",
      "measurementUnitPrice": 1.98,
      "measurementUnit": "K",
      "isRedPrice": false,
      "pricePerUOM": 1.98,
      "activationDate": "06-05-2023",
      "recordSource": "Offline",
      "isPromoActive": "N",
      "priceChangeCode": "L"
    },
    "isAvailable": true,
    "isPriceAvailable": true,
    "inPromo": false,
    "gtin": [
      "05400141385083",
      "15400141385080",
      "05400141866698"
    ],
    "topCategoryName": "Brood/Ontbijt",
    "topCategoryId": "124",
    "businessDomain": "RETAIL_BE",
    "IsPrivateLabel": true,
    "IsBiffe": false,
    "WeightconversionFactor": "0",
    "IsWeightArticle": false,
    "nutriscoreLabel": "D",
    "IsBio": false,
    "CountryOfOrigin": "FRANKRIJK",
    "IsExclusivelySoldInLuxembourg": false,
    "OrderUnit": "P",
    "ShortName": "EVD CONFITUUR AARDB.700",
    "IsNew": false,
    "EcoscoreLabel": "B",
    "RecentQuanityOfStockUnits": "1,6",
    "LongName": "EVERYDAY confituur aardbei 50% 700g",
    "FicCode": "I",
    "EcoscoreValue": "60"
  },
  {
    "productId": "278218",
    "technicalArticleNumber": "3653331",
    "commercialArticleNumber": "31167",
    "name": "zonnebloempit brood dagvers",
    "description": "*Rond bruin brood\nverrijkt met\nzonnebloempitten\nen lijnzaad.",
    "thumbNail": "https://static.colruytgroup.com/images/200x200/std.lang.all/02/58/asset-2930258.jpg",
    "fullImage": "https://static.colruytgroup.com/images/500x500/std.lang.all/02/58/asset-2930258.jpg",
    "squareImage": "https://static.colruytgroup.com/images/500x500sq/std.lang.all/02/58/asset-2930258.jpg",
    "content": "600g",
    "walkRouteSequenceNumber": 13386,
    "price": {
      "basicPrice": 2.59,
      "recommendedQuantity": "1.0",
      "measurementUnitPrice": 4.32,
      "measurementUnit": "K",
      "isRedPrice": false,
      "pricePerUOM": 4.32,
      "activationDate": "12-07-2023",
      "isPromoActive": "N",
      "priceChangeCode": "H"
    },
    "isAvailable": true,
    "isPriceAvailable": true,
    "inPromo": false,
    "gtin": [
      "05400141081480"
    ],
    "topCategoryName": "Brood/Ontbijt",
    "topCategoryId": "124",
    "businessDomain": "RETAIL_BE",
    "IsPrivateLabel": false,
    "IsBiffe": false,
    "WeightconversionFactor": "0",
    "IsWeightArticle": false,
    "nutriscoreLabel": "C",
    "IsBio": false,
    "CountryOfOrigin": "BELGIË",
    "IsExclusivelySoldInLuxembourg": false,
    "OrderUnit": "P",
    "ShortName": "ZON.BL.PITBROOD 600G",
    "IsNew": false,
    "EcoscoreLabel": "A",
    "RecentQuanityOfStockUnits": "1,1,1",
    "LongName": "zonnebloempit brood dagvers 600g",
    "AlcoholVolume": "0",
    "FicCode": "I",
    "EcoscoreValue": "100"
  },
  {
    "productId": "18404",
    "technicalArticleNumber": "1653478",
    "commercialArticleNumber": "19863",
    "name": "ontbijtkoekjes chocoladestuk.",
    "description": "*Individueel verpakt",
    "brand": "BONI",
    "seoBrand": "Boni Selection",
    "thumbNail": "https://static.colruytgroup.com/images/200x200/nl_be/45/36/asset-2274536.jpg",
    "fullImage": "https://static.colruytgroup.com/images/500x500/nl_be/45/36/asset-2274536.jpg",
    "squareImage": "https://static.colruytgroup.com/images/500x500sq/nl_be/45/36/asset-2274536.jpg",
    "content": "8x50g",
    "walkRouteSequenceNumber": 2326,
    "price": {
      "basicPrice": 2.09,
      "recommendedQuantity": "1.0",
      "quantityPrice": 1.98,
      "quantityPriceQuantity": "4.0",
      "measurementUnitPrice": 5.23,
      "measurementUnitQuantityPrice": 4.95,
      "measurementUnit": "K",
      "isRedPrice": false,
      "pricePerUOM": 5.23,
      "activationDate": "20-03-2024",
      "recordSource": "Offline",
      "isPromoActive": "N",
      "priceChangeCode": "E",
      "quantityPricePerUOM": 4.95,
      "quantityActivationDate": "20-03-2024",
      "quantityPriceChangeCode": "E"
    },
    "isAvailable": true,
    "isPriceAvailable": true,
    "inPromo": false,
    "gtin": [
      "05400141056945",
      "15400141330752",
      "15400141056942",
      "05400141330755",
      "05400141061208",
      "05400141193473",
      "05400141678741"
    ],
    "topCategoryName": "Brood/Ontbijt",
    "topCategoryId": "124",
    "businessDomain": "RETAIL_BE",
    "IsPrivateLabel": true,
    "IsBiffe": false,
    "WeightconversionFactor": "0",
    "IsWeightArticle": false,
    "nutriscoreLabel": "D",
    "IsBio": false,
    "CountryOfOrigin": "FRANKRIJK",
    "IsExclusivelySoldInLuxembourg": false,
    "OrderUnit": "P",
    "ShortName": "BONI ONTB.KOEK CHOC400G",
    "IsNew": false,
    "EcoscoreLabel": "C",
    "RecentQuanityOfStockUnits": "1,1,18",
    "LongName": "BONI ontbijtkoekjes chocoladestuk. 8x50g",
    "AlcoholVolume": "0",
    "FicCode": "I",
    "EcoscoreValue": "46"
  },
  {
    "productId": "761796",
    "technicalArticleNumber": "4541072",
    "commercialArticleNumber": "1950",
    "name": "Zeezout Crackers",
    "brand": "BONI",
    "seoBrand": "Boni Selection",
    "thumbNail": "https://static.colruytgroup.com/images/200x200/std.lang.all/88/18/asset-2798818.jpg",
    "fullImage": "https://static.colruytgroup.com/images/500x500/std.lang.all/88/18/asset-2798818.jpg",
    "squareImage": "https://static.colruytgroup.com/images/500x500sq/std.lang.all/88/18/asset-2798818.jpg",
    "content": "150g",
    "walkRouteSequenceNumber": 4489,
    "price": {
      "basicPrice": 1.99,
      "recommendedQuantity": "1.0",
      "measurementUnitPrice": 13.27,
      "measurementUnit": "K",
      "isRedPrice": false,
      "pricePerUOM": 13.27,
      "activationDate": "22-03-2024",
      "isPromoActive": "N",
      "priceChangeCode": "E"
    },
    "isAvailable": true,
    "isPriceAvailable": true,
    "inPromo": false,
    "gtin": [
      "15400141657873",
      "05400141657876"
    ],
    "topCategoryName": "Brood/Ontbijt",
    "topCategoryId": "124",
    "businessDomain": "RETAIL_BE",
    "IsPrivateLabel": true,
    "IsBiffe": false,
    "WeightconversionFactor": "0",
    "IsWeightArticle": false,
    "nutriscoreLabel": "E",
    "IsBio": false,
    "CountryOfOrigin": "ITALIË",
    "IsExclusivelySoldInLuxembourg": false,
    "OrderUnit": "P",
    "ShortName": "BONI ZEEZOUT CRACKER150",
    "IsNew": false,
    "EcoscoreLabel": "B",
    "RecentQuanityOfStockUnits": "1,10",
    "LongName": "BONI Zeezout Crackers 150g",
    "FicCode": "I",
    "EcoscoreValue": "67"
  },
  {
    "productId": "625927",
    "technicalArticleNumber": "4308539",
    "commercialArticleNumber": "16701",
    "name": "mini speculoos chocolade",
    "brand": "CRUMBEL",
    "seoBrand": "Crumbel",
    "thumbNail": "https://static.colruytgroup.com/images/200x200/std.lang.all/50/83/asset-2525083.jpg",
    "fullImage": "https://static.colruytgroup.com/images/500x500/std.lang.all/50/83/asset-2525083.jpg",
    "squareImage": "https://static.colruytgroup.com/images/500x500sq/std.lang.all/50/83/asset-2525083.jpg",
    "content": "300g",
    "walkRouteSequenceNumber": 2039,
    "price": {
      "basicPrice": 3.65,
      "recommendedQuantity": "1.0",
      "measurementUnitPrice": 12.17,
      "measurementUnit": "K",
      "isRedPrice": false,
      "pricePerUOM": 12.17,
      "activationDate": "02-01-2024",
      "recordSource": "Offline",
      "isPromoActive": "N",
      "priceChangeCode": "E"
    },
    "isAvailable": true,
    "isPriceAvailable": true,
    "inPromo": false,
    "gtin": [
      "05425026052751",
      "05425026052713"
    ],
    "topCategoryName": "Brood/Ontbijt",
    "topCategoryId": "124",
    "businessDomain": "RETAIL_BE",
    "IsPrivateLabel": false,
    "IsBiffe": false,
    "WeightconversionFactor": "0",
    "IsWeightArticle": false,
    "IsBio": false,
    "CountryOfOrigin": "BELGIË",
    "IsExclusivelySoldInLuxembourg": false,
    "OrderUnit": "P",
    "ShortName": "CRUMB MINI SPEC.CHOC300",
    "IsNew": false,
    "RecentQuanityOfStockUnits": "1",
    "LongName": "CRUMBEL mini speculoos chocolade 300g",
    "FicCode": "E"
  },
  {
    "productId": "121603",
    "technicalArticleNumber": "3048849",
    "commercialArticleNumber": "4445",
    "name": "chocopasta melk",
    "description": "*5 % magere\ncacaopoeder",
    "brand": "BONI",
    "seoBrand": "Boni Selection",
    "thumbNail": "https://static.colruytgroup.com/images/200x200/std.lang.all/83/90/asset-3028390.jpg",
    "fullImage": "https://static.colruytgroup.com/images/500x500/std.lang.all/83/90/asset-3028390.jpg",
    "squareImage": "https://static.colruytgroup.com/images/500x500sq/std.lang.all/83/90/asset-3028390.jpg",
    "content": "600g",
    "walkRouteSequenceNumber": 17631,
    "price": {
      "basicPrice": 1.78,
      "recommendedQuantity": "1.0",
      "measurementUnitPrice": 2.97,
      "measurementUnit": "K",
      "isRedPrice": false,
      "pricePerUOM": 2.97,
      "activationDate": "08-01-2024",
      "recordSource": "Offline",
      "isPromoActive": "N",
      "priceChangeCode": "H"
    },
    "isAvailable": true,
    "isPriceAvailable": true,
    "inPromo": false,
    "gtin": [
      "05400141049183",
      "25400141322044",
      "15400141049180",
      "05400141344905",
      "05400141322040",
      "05400141055665",
      "05400141624922",
      "15400141624929"
    ],
    "topCategoryName": "Brood/Ontbijt",
    "topCategoryId": "124",
    "businessDomain": "RETAIL_BE",
    "IsPrivateLabel": true,
    "IsBiffe": false,
    "WeightconversionFactor": "0",
    "IsWeightArticle": false,
    "nutriscoreLabel": "E",
    "IsBio": false,
    "CountryOfOrigin": "BELGIË",
    "IsExclusivelySoldInLuxembourg": false,
    "OrderUnit": "P",
    "ShortName": "BONI CHOCO MELK 600G",
    "IsNew": false,
    "EcoscoreLabel": "B",
    "RecentQuanityOfStockUnits": "1,6",
    "LongName": "BONI chocopasta melk 600g",
    "AlcoholVolume": "0",
    "FicCode": "I",
    "EcoscoreValue": "64"
  },
  {
    "productId": "780345",
    "technicalArticleNumber": "4574607",
    "commercialArticleNumber": "28685",
    "name": "Chocolade",
    "description": "*Krokante muesli met\n-donkere choc. stukjes\n-appel toffee aroma",
    "brand": "QUAKER CRUESLI",
    "seoBrand": "Quaker Cruesli",
    "thumbNail": "https://static.colruytgroup.com/images/200x200/std.lang.all/72/25/asset-3377225.jpg",
    "fullImage": "https://static.colruytgroup.com/images/500x500/std.lang.all/72/25/asset-3377225.jpg",
    "squareImage": "https://static.colruytgroup.com/images/500x500sq/std.lang.all/72/25/asset-3377225.jpg",
    "content": "850g",
    "walkRouteSequenceNumber": 17524,
    "price": {
      "basicPrice": 5.49,
      "recommendedQuantity": "1.0",
      "measurementUnitPrice": 6.46,
      "measurementUnit": "K",
      "isRedPrice": false,
      "pricePerUOM": 6.46,
      "activationDate": "16-02-2024",
      "recordSource": "Offline",
      "isPromoActive": "N",
      "priceChangeCode": "E"
    },
    "isAvailable": true,
    "isPriceAvailable": true,
    "inPromo": false,
    "gtin": [
      "08710398524881",
      "08710398524874"
    ],
    "topCategoryName": "Brood/Ontbijt",
    "topCategoryId": "124",
    "businessDomain": "RETAIL_BE",
    "IsPrivateLabel": false,
    "IsBiffe": false,
    "WeightconversionFactor": "0",
    "IsWeightArticle": false,
    "nutriscoreLabel": "C",
    "IsBio": false,
    "CountryOfOrigin": "NEDERLAND",
    "IsExclusivelySoldInLuxembourg": false,
    "OrderUnit": "P",
    "ShortName": "QUAK CRUESLI CHOCOL.850",
    "IsNew": false,
    "RecentQuanityOfStockUnits": "1,4",
    "LongName": "QUAKER CRUESLI Chocolade 850g",
    "FicCode": "E"
  },
  {
    "productId": "558104",
    "technicalArticleNumber": "4193527",
    "commercialArticleNumber": "15260",
    "name": "hazelnootpasta",
    "brand": "BONI",
    "seoBrand": "Boni Selection",
    "thumbNail": "https://static.colruytgroup.com/images/200x200/std.lang.all/81/21/asset-3028121.jpg",
    "fullImage": "https://static.colruytgroup.com/images/500x500/std.lang.all/81/21/asset-3028121.jpg",
    "squareImage": "https://static.colruytgroup.com/images/500x500sq/std.lang.all/81/21/asset-3028121.jpg",
    "content": "750g",
    "walkRouteSequenceNumber": 17663,
    "price": {
      "basicPrice": 2.99,
      "recommendedQuantity": "1.0",
      "measurementUnitPrice": 3.99,
      "measurementUnit": "K",
      "isRedPrice": false,
      "pricePerUOM": 3.99,
      "activationDate": "20-01-2024",
      "recordSource": "Offline",
      "isPromoActive": "N",
      "priceChangeCode": "H"
    },
    "isAvailable": true,
    "isPriceAvailable": true,
    "inPromo": false,
    "gtin": [
      "15400141977902",
      "05400141977905",
      "05400141758375",
      "15400141758372",
      "15400141340744",
      "05400141340747",
      "05400141757811",
      "15400141757818"
    ],
    "topCategoryName": "Brood/Ontbijt",
    "topCategoryId": "124",
    "businessDomain": "RETAIL_BE",
    "IsPrivateLabel": true,
    "IsBiffe": false,
    "WeightconversionFactor": "0",
    "IsWeightArticle": false,
    "nutriscoreLabel": "E",
    "IsBio": false,
    "CountryOfOrigin": "DUITSLAND",
    "IsExclusivelySoldInLuxembourg": false,
    "OrderUnit": "P",
    "ShortName": "BONI CHOCOPAS.HAZELN750",
    "IsNew": false,
    "EcoscoreLabel": "B",
    "RecentQuanityOfStockUnits": "1,1,6",
    "LongName": "BONI hazelnootpasta 750g",
    "AlcoholVolume": "0",
    "FicCode": "I",
    "EcoscoreValue": "61"
  },
  {
    "productId": "18540",
    "technicalArticleNumber": "1654930",
    "commercialArticleNumber": "32054",
    "name": "integraal brood gesneden",
    "description": "*Gesneden",
    "brand": "FITAFORM",
    "seoBrand": "Fitaform",
    "thumbNail": "https://static.colruytgroup.com/images/200x200/std.lang.all/48/16/asset-3034816.jpg",
    "fullImage": "https://static.colruytgroup.com/images/500x500/std.lang.all/48/16/asset-3034816.jpg",
    "squareImage": "https://static.colruytgroup.com/images/500x500sq/std.lang.all/48/16/asset-3034816.jpg",
    "content": "600g",
    "walkRouteSequenceNumber": 6587,
    "price": {
      "basicPrice": 1.59,
      "recommendedQuantity": "1.0",
      "measurementUnitPrice": 2.65,
      "measurementUnit": "K",
      "isRedPrice": false,
      "pricePerUOM": 2.65,
      "activationDate": "14-11-2023",
      "recordSource": "Offline",
      "isPromoActive": "N",
      "priceChangeCode": "E"
    },
    "isAvailable": true,
    "isPriceAvailable": true,
    "inPromo": false,
    "gtin": [
      "05410724600342",
      "05410724600984"
    ],
    "topCategoryName": "Brood/Ontbijt",
    "topCategoryId": "124",
    "businessDomain": "RETAIL_BE",
    "IsPrivateLabel": false,
    "IsBiffe": false,
    "WeightconversionFactor": "0",
    "IsWeightArticle": false,
    "nutriscoreLabel": "C",
    "IsBio": false,
    "CountryOfOrigin": "BELGIË",
    "IsExclusivelySoldInLuxembourg": false,
    "OrderUnit": "P",
    "ShortName": "FITAFORM INTEGRA.BROOD",
    "IsNew": false,
    "EcoscoreLabel": "B",
    "RecentQuanityOfStockUnits": "1",
    "LongName": "FITAFORM integraal brood gesneden 600g",
    "AlcoholVolume": "0",
    "FicCode": "E",
    "EcoscoreValue": "77"
  },
  {
    "productId": "105975",
    "technicalArticleNumber": "3131580",
    "commercialArticleNumber": "43973",
    "name": "crunchy muesli fruit",
    "description": "*Muesli met fruit,\nnoten, zaden",
    "brand": "BONI",
    "seoBrand": "Boni Selection",
    "thumbNail": "https://static.colruytgroup.com/images/200x200/std.lang.all/60/54/asset-3326054.jpg",
    "fullImage": "https://static.colruytgroup.com/images/500x500/std.lang.all/60/54/asset-3326054.jpg",
    "squareImage": "https://static.colruytgroup.com/images/500x500sq/std.lang.all/60/54/asset-3326054.jpg",
    "content": "500g",
    "walkRouteSequenceNumber": 17313,
    "price": {
      "basicPrice": 2.65,
      "recommendedQuantity": "1.0",
      "measurementUnitPrice": 5.3,
      "measurementUnit": "K",
      "isRedPrice": false,
      "pricePerUOM": 5.3,
      "activationDate": "17-01-2024",
      "recordSource": "Offline",
      "isPromoActive": "N",
      "priceChangeCode": "E"
    },
    "isAvailable": true,
    "isPriceAvailable": true,
    "inPromo": false,
    "gtin": [
      "05400141661569",
      "05400141701159",
      "15400141701156",
      "15400141941279",
      "15400141279945",
      "15400141107200",
      "05400141279948",
      "05400141107203",
      "05400141091939",
      "15400141661566"
    ],
    "topCategoryName": "Brood/Ontbijt",
    "topCategoryId": "124",
    "businessDomain": "RETAIL_BE",
    "IsPrivateLabel": true,
    "IsBiffe": false,
    "WeightconversionFactor": "0",
    "IsWeightArticle": false,
    "nutriscoreLabel": "C",
    "IsBio": false,
    "CountryOfOrigin": "BELGIË",
    "IsExclusivelySoldInLuxembourg": false,
    "OrderUnit": "P",
    "ShortName": "BONI CRUNCHY FRUIT 500G",
    "IsNew": false,
    "EcoscoreLabel": "B",
    "RecentQuanityOfStockUnits": "7,1,1",
    "LongName": "BONI crunchy muesli fruit 500g",
    "AlcoholVolume": "0",
    "FicCode": "I",
    "EcoscoreValue": "73"
  },
  {
    "productId": "650328",
    "technicalArticleNumber": "4349306",
    "commercialArticleNumber": "22792",
    "name": "natuur z.tgv.suik",
    "description": "*Natuur brood\nzonder toegevoegd\nsuikers",
    "brand": "JACQUET MAXI JAC'",
    "seoBrand": "Jacquet",
    "thumbNail": "https://static.colruytgroup.com/images/200x200/std.lang.all/38/60/asset-3213860.jpg",
    "fullImage": "https://static.colruytgroup.com/images/500x500/std.lang.all/38/60/asset-3213860.jpg",
    "squareImage": "https://static.colruytgroup.com/images/500x500sq/std.lang.all/38/60/asset-3213860.jpg",
    "content": "550g",
    "walkRouteSequenceNumber": 9746,
    "price": {
      "basicPrice": 3.69,
      "recommendedQuantity": "1.0",
      "measurementUnitPrice": 6.71,
      "measurementUnit": "K",
      "isRedPrice": false,
      "pricePerUOM": 6.71,
      "activationDate": "13-03-2024",
      "recordSource": "Offline",
      "isPromoActive": "N",
      "priceChangeCode": "E"
    },
    "isAvailable": true,
    "isPriceAvailable": true,
    "inPromo": false,
    "gtin": [
      "03029330070450",
      "03029330170457"
    ],
    "topCategoryName": "Brood/Ontbijt",
    "topCategoryId": "124",
    "businessDomain": "RETAIL_BE",
    "IsPrivateLabel": false,
    "IsBiffe": false,
    "WeightconversionFactor": "0",
    "IsWeightArticle": false,
    "IsBio": false,
    "CountryOfOrigin": "FRANKRIJK",
    "IsExclusivelySoldInLuxembourg": false,
    "OrderUnit": "P",
    "ShortName": "JACQ NATU.Z.TGV.SUI550G",
    "IsNew": false,
    "EcoscoreLabel": "B",
    "RecentQuanityOfStockUnits": "1,6",
    "LongName": "JACQUET MAXI JAC' natuur z.tgv.suik 550g",
    "FicCode": "E",
    "EcoscoreValue": "70"
  },
  {
    "productId": "746205",
    "technicalArticleNumber": "4514522",
    "commercialArticleNumber": "7167",
    "name": "Goudbruine broodjes",
    "description": "*Voorgebakken",
    "brand": "BONI",
    "seoBrand": "Boni Selection",
    "thumbNail": "https://static.colruytgroup.com/images/200x200/std.lang.all/41/77/asset-3174177.jpg",
    "fullImage": "https://static.colruytgroup.com/images/500x500/std.lang.all/41/77/asset-3174177.jpg",
    "squareImage": "https://static.colruytgroup.com/images/500x500sq/std.lang.all/41/77/asset-3174177.jpg",
    "content": "4x60g",
    "walkRouteSequenceNumber": 9766,
    "price": {
      "basicPrice": 1.79,
      "recommendedQuantity": "1.0",
      "measurementUnitPrice": 7.46,
      "measurementUnit": "K",
      "isRedPrice": false,
      "pricePerUOM": 7.46,
      "activationDate": "12-07-2023",
      "isPromoActive": "N",
      "priceChangeCode": "E"
    },
    "isAvailable": true,
    "isPriceAvailable": true,
    "inPromo": false,
    "gtin": [
      "15400141471684",
      "05400141471687"
    ],
    "topCategoryName": "Brood/Ontbijt",
    "topCategoryId": "124",
    "businessDomain": "RETAIL_BE",
    "IsPrivateLabel": true,
    "IsBiffe": false,
    "WeightconversionFactor": "0",
    "IsWeightArticle": false,
    "nutriscoreLabel": "C",
    "IsBio": false,
    "CountryOfOrigin": "NEDERLAND",
    "IsExclusivelySoldInLuxembourg": false,
    "OrderUnit": "P",
    "ShortName": "BONI GOUDBR.BROOD.4X60G",
    "IsNew": false,
    "EcoscoreLabel": "B",
    "RecentQuanityOfStockUnits": "1,20",
    "LongName": "BONI Goudbruine broodjes 4x60g",
    "FicCode": "I",
    "EcoscoreValue": "77"
  },
  {
    "productId": "571212",
    "technicalArticleNumber": "4216389",
    "commercialArticleNumber": "7600",
    "name": "mie natuur",
    "brand": "HARRYS",
    "seoBrand": "Harrys",
    "thumbNail": "https://static.colruytgroup.com/images/200x200/std.lang.all/48/60/asset-3424860.jpg",
    "fullImage": "https://static.colruytgroup.com/images/500x500/std.lang.all/48/60/asset-3424860.jpg",
    "squareImage": "https://static.colruytgroup.com/images/500x500sq/std.lang.all/48/60/asset-3424860.jpg",
    "content": "650g",
    "walkRouteSequenceNumber": 9740,
    "price": {
      "basicPrice": 4.87,
      "recommendedQuantity": "1.0",
      "measurementUnitPrice": 7.5,
      "measurementUnit": "K",
      "isRedPrice": false,
      "pricePerUOM": 7.5,
      "activationDate": "20-02-2024",
      "recordSource": "Offline",
      "isPromoActive": "N",
      "priceChangeCode": "H"
    },
    "isAvailable": true,
    "isPriceAvailable": true,
    "inPromo": false,
    "gtin": [
      "03228857000913",
      "13228857000910"
    ],
    "topCategoryName": "Brood/Ontbijt",
    "topCategoryId": "124",
    "businessDomain": "RETAIL_BE",
    "IsPrivateLabel": false,
    "IsBiffe": false,
    "WeightconversionFactor": "0",
    "IsWeightArticle": false,
    "nutriscoreLabel": "B",
    "IsBio": false,
    "CountryOfOrigin": "FRANKRIJK",
    "IsExclusivelySoldInLuxembourg": false,
    "OrderUnit": "P",
    "ShortName": "HARR MIE NATUUR 650G",
    "IsNew": false,
    "EcoscoreLabel": "B",
    "RecentQuanityOfStockUnits": "1,6",
    "LongName": "HARRYS mie natuur 650g",
    "FicCode": "E",
    "EcoscoreValue": "70"
  },
  {
    "productId": "595617",
    "technicalArticleNumber": "4257250",
    "commercialArticleNumber": "22487",
    "name": "speculoos gevuld vanillesm.",
    "brand": "LOTUS",
    "seoBrand": "Lotus",
    "thumbNail": "https://static.colruytgroup.com/images/200x200/std.lang.all/53/92/asset-3365392.jpg",
    "fullImage": "https://static.colruytgroup.com/images/500x500/std.lang.all/53/92/asset-3365392.jpg",
    "squareImage": "https://static.colruytgroup.com/images/500x500sq/std.lang.all/53/92/asset-3365392.jpg",
    "content": "15x10g",
    "walkRouteSequenceNumber": 2213,
    "price": {
      "basicPrice": 1.69,
      "recommendedQuantity": "1.0",
      "measurementUnitPrice": 11.27,
      "measurementUnit": "K",
      "isRedPrice": false,
      "pricePerUOM": 11.27,
      "activationDate": "15-03-2024",
      "recordSource": "Offline",
      "isPromoActive": "Y",
      "priceChangeCode": "E"
    },
    "isAvailable": true,
    "isPriceAvailable": true,
    "inPromo": true,
    "promotion": [
      {
        "techPromoId": "001928COLR",
        "promotionId": "001928",
        "promotionType": "4",
        "isPersonalized": "N",
        "publicationStartDate": "13-03-2024",
        "publicationEndDate": "26-03-2024"
      }
    ],
    "gtin": [
      "05410126006377",
      "15410126006374"
    ],
    "topCategoryName": "Brood/Ontbijt",
    "topCategoryId": "124",
    "businessDomain": "RETAIL_BE",
    "IsPrivateLabel": false,
    "IsBiffe": false,
    "WeightconversionFactor": "0",
    "IsWeightArticle": false,
    "nutriscoreLabel": "E",
    "IsBio": false,
    "CountryOfOrigin": "BELGIË",
    "IsExclusivelySoldInLuxembourg": false,
    "OrderUnit": "P",
    "ShortName": "LOTU SPECUL.VANILLE 150",
    "IsNew": false,
    "RecentQuanityOfStockUnits": "9,1",
    "LongName": "LOTUS speculoos gevuld vanillesm. 15x10g",
    "FicCode": "E"
  },
  {
    "productId": "787292",
    "technicalArticleNumber": "4589504",
    "commercialArticleNumber": "21842",
    "name": "chocolad.hazelnoot",
    "brand": "KELLOGG'S TRÉSOR",
    "seoBrand": "Kellogg's Trésor",
    "thumbNail": "https://static.colruytgroup.com/images/200x200/std.lang.all/13/78/asset-2801378.jpg",
    "fullImage": "https://static.colruytgroup.com/images/500x500/std.lang.all/13/78/asset-2801378.jpg",
    "squareImage": "https://static.colruytgroup.com/images/500x500sq/std.lang.all/13/78/asset-2801378.jpg",
    "content": "410g",
    "walkRouteSequenceNumber": 17211,
    "price": {
      "basicPrice": 3.12,
      "recommendedQuantity": "1.0",
      "measurementUnitPrice": 7.61,
      "measurementUnit": "K",
      "isRedPrice": false,
      "pricePerUOM": 7.61,
      "activationDate": "23-03-2024",
      "recordSource": "Folder",
      "isPromoActive": "Y",
      "priceChangeCode": "E"
    },
    "isAvailable": true,
    "isPriceAvailable": true,
    "inPromo": true,
    "promotion": [
      {
        "techPromoId": "100902COLR",
        "promotionId": "100902",
        "promotionType": "3",
        "isPersonalized": "N",
        "publicationStartDate": "13-03-2024",
        "publicationEndDate": "26-03-2024"
      }
    ],
    "gtin": [
      "05053827199568",
      "05053827199582"
    ],
    "topCategoryName": "Brood/Ontbijt",
    "topCategoryId": "124",
    "businessDomain": "RETAIL_BE",
    "IsPrivateLabel": false,
    "IsBiffe": false,
    "WeightconversionFactor": "0",
    "IsWeightArticle": false,
    "nutriscoreLabel": "D",
    "IsBio": false,
    "CountryOfOrigin": "VERENIGD KONINKRIJK",
    "IsExclusivelySoldInLuxembourg": false,
    "OrderUnit": "P",
    "ShortName": "KELL TRES.CHOC.HAZEL410",
    "IsNew": false,
    "RecentQuanityOfStockUnits": "20,1",
    "LongName": "KELLOGG'S TRÉSOR chocolad.hazelnoot 410g",
    "FicCode": "E"
  },
  {
    "productId": "155",
    "technicalArticleNumber": "15042",
    "commercialArticleNumber": "15042",
    "name": "koeken woudvruchten",
    "description": "*Individueel verpakt",
    "brand": "LU GRANY",
    "seoBrand": "LU Grany",
    "thumbNail": "https://static.colruytgroup.com/images/200x200/std.lang.all/04/30/asset-2060430.jpg",
    "fullImage": "https://static.colruytgroup.com/images/500x500/std.lang.all/04/30/asset-2060430.jpg",
    "squareImage": "https://static.colruytgroup.com/images/500x500sq/std.lang.all/04/30/asset-2060430.jpg",
    "content": "6x32,5g",
    "walkRouteSequenceNumber": 2314,
    "price": {
      "basicPrice": 3.49,
      "recommendedQuantity": "1.0",
      "measurementUnitPrice": 17.9,
      "measurementUnit": "K",
      "isRedPrice": false,
      "pricePerUOM": 17.9,
      "activationDate": "12-03-2024",
      "recordSource": "Offline",
      "isPromoActive": "N",
      "priceChangeCode": "H"
    },
    "isAvailable": true,
    "isPriceAvailable": true,
    "inPromo": false,
    "gtin": [
      "03017760568890",
      "05400141117042",
      "13017760568811",
      "15410041395300",
      "15410041405504"
    ],
    "topCategoryName": "Brood/Ontbijt",
    "topCategoryId": "124",
    "businessDomain": "RETAIL_BE",
    "IsPrivateLabel": false,
    "IsBiffe": false,
    "WeightconversionFactor": "0",
    "IsWeightArticle": false,
    "nutriscoreLabel": "E",
    "IsBio": false,
    "CountryOfOrigin": "BELGIË",
    "IsExclusivelySoldInLuxembourg": false,
    "OrderUnit": "P",
    "ShortName": "LU GRANY WOUDVRUCH.195G",
    "IsNew": false,
    "RecentQuanityOfStockUnits": "2,1,12",
    "LongName": "LU GRANY koeken woudvruchten 6x32,5g",
    "AlcoholVolume": "0",
    "FicCode": "E"
  },
  {
    "productId": "1055",
    "technicalArticleNumber": "29970",
    "commercialArticleNumber": "29970",
    "name": "volkorenbrood",
    "brand": "BOERKENS'",
    "seoBrand": "Boerkens'",
    "thumbNail": "https://static.colruytgroup.com/images/200x200/std.lang.all/92/12/asset-859212.jpg",
    "fullImage": "https://static.colruytgroup.com/images/500x500/std.lang.all/92/12/asset-859212.jpg",
    "squareImage": "https://static.colruytgroup.com/images/500x500sq/std.lang.all/92/12/asset-859212.jpg",
    "content": "600g",
    "walkRouteSequenceNumber": 6577,
    "price": {
      "basicPrice": 2.99,
      "recommendedQuantity": "1.0",
      "measurementUnitPrice": 4.99,
      "measurementUnit": "K",
      "isRedPrice": false,
      "pricePerUOM": 4.99,
      "activationDate": "14-03-2024",
      "recordSource": "Offline",
      "isPromoActive": "N",
      "priceChangeCode": "E"
    },
    "isAvailable": true,
    "isPriceAvailable": true,
    "inPromo": false,
    "gtin": [
      "05410724600847",
      "05410724600939",
      "05410724600120"
    ],
    "topCategoryName": "Brood/Ontbijt",
    "topCategoryId": "124",
    "businessDomain": "RETAIL_BE",
    "IsPrivateLabel": false,
    "IsBiffe": false,
    "WeightconversionFactor": "0",
    "IsWeightArticle": false,
    "nutriscoreLabel": "A",
    "IsBio": false,
    "CountryOfOrigin": "BELGIË",
    "IsExclusivelySoldInLuxembourg": false,
    "OrderUnit": "P",
    "ShortName": "BOERKENS VOLKOREN 600G",
    "IsNew": false,
    "EcoscoreLabel": "A",
    "RecentQuanityOfStockUnits": "1",
    "LongName": "BOERKENS' volkorenbrood 600g",
    "AlcoholVolume": "0",
    "FicCode": "E",
    "EcoscoreValue": "100"
  },
  {
    "productId": "1056",
    "technicalArticleNumber": "29971",
    "commercialArticleNumber": "29971",
    "name": "volkorenbrood gesneden",
    "brand": "BIAFORM",
    "seoBrand": "Biaform",
    "thumbNail": "https://static.colruytgroup.com/images/200x200/std.lang.all/11/12/asset-3321112.jpg",
    "fullImage": "https://static.colruytgroup.com/images/500x500/std.lang.all/11/12/asset-3321112.jpg",
    "squareImage": "https://static.colruytgroup.com/images/500x500sq/std.lang.all/11/12/asset-3321112.jpg",
    "content": "600g",
    "walkRouteSequenceNumber": 6581,
    "price": {
      "basicPrice": 3.19,
      "recommendedQuantity": "1.0",
      "measurementUnitPrice": 5.32,
      "measurementUnit": "K",
      "isRedPrice": false,
      "pricePerUOM": 5.32,
      "activationDate": "31-01-2024",
      "recordSource": "Offline",
      "isPromoActive": "N",
      "priceChangeCode": "H"
    },
    "isAvailable": true,
    "isPriceAvailable": true,
    "inPromo": false,
    "gtin": [
      "05410724400300",
      "05410724600113",
      "05410724600854",
      "05418724601130"
    ],
    "topCategoryName": "Brood/Ontbijt",
    "topCategoryId": "124",
    "businessDomain": "RETAIL_BE",
    "IsPrivateLabel": false,
    "IsBiffe": false,
    "WeightconversionFactor": "0",
    "IsWeightArticle": false,
    "nutriscoreLabel": "A",
    "IsBio": false,
    "CountryOfOrigin": "BELGIË",
    "IsExclusivelySoldInLuxembourg": false,
    "OrderUnit": "P",
    "ShortName": "BIAFORM VOLKOREN 600G",
    "IsNew": false,
    "EcoscoreLabel": "A",
    "RecentQuanityOfStockUnits": "1",
    "LongName": "BIAFORM volkorenbrood gesneden 600g",
    "AlcoholVolume": "0",
    "FicCode": "E",
    "EcoscoreValue": "100"
  },
  {
    "productId": "160019",
    "technicalArticleNumber": "3247383",
    "commercialArticleNumber": "15249",
    "name": "Bruine broodjes 4st",
    "description": "*8-10 minuten in de\noven",
    "brand": "BONI",
    "seoBrand": "Boni Selection",
    "thumbNail": "https://static.colruytgroup.com/images/200x200/std.lang.all/42/57/asset-3424257.jpg",
    "fullImage": "https://static.colruytgroup.com/images/500x500/std.lang.all/42/57/asset-3424257.jpg",
    "squareImage": "https://static.colruytgroup.com/images/500x500sq/std.lang.all/42/57/asset-3424257.jpg",
    "content": "300g",
    "walkRouteSequenceNumber": 9771,
    "price": {
      "basicPrice": 1.19,
      "recommendedQuantity": "1.0",
      "measurementUnitPrice": 3.97,
      "measurementUnit": "K",
      "isRedPrice": false,
      "pricePerUOM": 3.97,
      "activationDate": "17-02-2024",
      "recordSource": "Offline",
      "isPromoActive": "N",
      "priceChangeCode": "E"
    },
    "isAvailable": true,
    "isPriceAvailable": true,
    "inPromo": false,
    "gtin": [
      "25400141323348",
      "05400141323344",
      "05400141207668",
      "15400141323341",
      "35400141504539",
      "05400141504538",
      "05400141444414",
      "15400141444411"
    ],
    "topCategoryName": "Brood/Ontbijt",
    "topCategoryId": "124",
    "businessDomain": "RETAIL_BE",
    "IsPrivateLabel": true,
    "IsBiffe": false,
    "WeightconversionFactor": "0",
    "IsWeightArticle": false,
    "nutriscoreLabel": "B",
    "IsBio": false,
    "CountryOfOrigin": "FRANKRIJK",
    "IsExclusivelySoldInLuxembourg": false,
    "OrderUnit": "P",
    "ShortName": "BONI BRUINE BROOD 300G",
    "IsNew": false,
    "EcoscoreLabel": "B",
    "RecentQuanityOfStockUnits": "1,1",
    "LongName": "BONI Bruine broodjes 4st 300g",
    "AlcoholVolume": "0",
    "FicCode": "I",
    "EcoscoreValue": "77"
  },
  {
    "productId": "2606",
    "technicalArticleNumber": "1100720",
    "commercialArticleNumber": "15011",
    "name": "muesli fruit en zaden",
    "description": "*Muesli met fruit en\nzaden",
    "brand": "EVERYDAY",
    "seoBrand": "Everyday",
    "thumbNail": "https://static.colruytgroup.com/images/200x200/std.lang.all/69/17/asset-1396917.jpg",
    "fullImage": "https://static.colruytgroup.com/images/500x500/std.lang.all/69/17/asset-1396917.jpg",
    "squareImage": "https://static.colruytgroup.com/images/500x500sq/std.lang.all/69/17/asset-1396917.jpg",
    "content": "1kg",
    "walkRouteSequenceNumber": 17291,
    "price": {
      "basicPrice": 1.99,
      "recommendedQuantity": "1.0",
      "measurementUnitPrice": 1.99,
      "measurementUnit": "K",
      "isRedPrice": false,
      "pricePerUOM": 1.99,
      "activationDate": "14-11-2023",
      "recordSource": "Offline",
      "isPromoActive": "N",
      "priceChangeCode": "E"
    },
    "isAvailable": true,
    "isPriceAvailable": true,
    "inPromo": false,
    "gtin": [
      "15400141660132",
      "05400141038101",
      "05400141091861",
      "05400141152012",
      "05400141852011",
      "15400141941163",
      "05400141028607",
      "05400141660135"
    ],
    "topCategoryName": "Brood/Ontbijt",
    "topCategoryId": "124",
    "businessDomain": "RETAIL_BE",
    "IsPrivateLabel": true,
    "IsBiffe": false,
    "WeightconversionFactor": "0",
    "IsWeightArticle": false,
    "nutriscoreLabel": "A",
    "IsBio": false,
    "CountryOfOrigin": "BELGIË",
    "IsExclusivelySoldInLuxembourg": false,
    "OrderUnit": "P",
    "ShortName": "EVD MUESLI 30 FRUI 1KG",
    "InSeason": true,
    "IsNew": false,
    "EcoscoreLabel": "B",
    "RecentQuanityOfStockUnits": "1,10",
    "LongName": "EVERYDAY muesli fruit en zaden 1kg",
    "AlcoholVolume": "0",
    "StartSeasonDate": "01/10/2012",
    "FicCode": "I",
    "EcoscoreValue": "74"
  },
  {
    "productId": "16151",
    "technicalArticleNumber": "1446911",
    "commercialArticleNumber": "15047",
    "name": "Cereal Flakes",
    "description": "*Volkoren tarwe-, en\nrijstvlokken",
    "brand": "BONI",
    "seoBrand": "Boni Selection",
    "thumbNail": "https://static.colruytgroup.com/images/200x200/std.lang.all/10/21/asset-3361021.jpg",
    "fullImage": "https://static.colruytgroup.com/images/500x500/std.lang.all/10/21/asset-3361021.jpg",
    "squareImage": "https://static.colruytgroup.com/images/500x500sq/std.lang.all/10/21/asset-3361021.jpg",
    "content": "500g",
    "walkRouteSequenceNumber": 17451,
    "price": {
      "basicPrice": 1.72,
      "recommendedQuantity": "1.0",
      "measurementUnitPrice": 3.44,
      "measurementUnit": "K",
      "isRedPrice": false,
      "pricePerUOM": 3.44,
      "activationDate": "22-03-2024",
      "recordSource": "Offline",
      "isPromoActive": "N",
      "priceChangeCode": "L"
    },
    "isAvailable": true,
    "isPriceAvailable": true,
    "inPromo": false,
    "gtin": [
      "15400141350477",
      "15400141279624",
      "05400141350470",
      "05400141279627",
      "05400141800852",
      "15400141850571",
      "05400141850574"
    ],
    "topCategoryName": "Brood/Ontbijt",
    "topCategoryId": "124",
    "businessDomain": "RETAIL_BE",
    "IsPrivateLabel": true,
    "IsBiffe": false,
    "WeightconversionFactor": "0",
    "IsWeightArticle": false,
    "nutriscoreLabel": "A",
    "IsBio": false,
    "CountryOfOrigin": "FRANKRIJK",
    "IsExclusivelySoldInLuxembourg": false,
    "OrderUnit": "P",
    "ShortName": "BONI RIJSTTARW 500G",
    "InSeason": true,
    "IsNew": false,
    "EcoscoreLabel": "D",
    "RecentQuanityOfStockUnits": "1,10",
    "LongName": "BONI Cereal Flakes 500g",
    "AlcoholVolume": "0",
    "StartSeasonDate": "08/08/2023",
    "FicCode": "I",
    "EcoscoreValue": "25"
  },
  {
    "productId": "1111",
    "technicalArticleNumber": "16610",
    "commercialArticleNumber": "16610",
    "name": "peperkoek gesneden",
    "brand": "EVERYDAY",
    "seoBrand": "Everyday",
    "thumbNail": "https://static.colruytgroup.com/images/200x200/std.lang.all/79/20/asset-2847920.jpg",
    "fullImage": "https://static.colruytgroup.com/images/500x500/std.lang.all/79/20/asset-2847920.jpg",
    "squareImage": "https://static.colruytgroup.com/images/500x500sq/std.lang.all/79/20/asset-2847920.jpg",
    "content": "500g",
    "walkRouteSequenceNumber": 17577,
    "price": {
      "basicPrice": 1.25,
      "recommendedQuantity": "1.0",
      "measurementUnitPrice": 2.5,
      "measurementUnit": "K",
      "isRedPrice": false,
      "pricePerUOM": 2.5,
      "activationDate": "13-03-2024",
      "recordSource": "Offline",
      "isPromoActive": "N",
      "priceChangeCode": "L"
    },
    "isAvailable": true,
    "isPriceAvailable": true,
    "inPromo": false,
    "gtin": [
      "05400141043303",
      "05400141104417",
      "05400141166231",
      "15400141907374"
    ],
    "topCategoryName": "Brood/Ontbijt",
    "topCategoryId": "124",
    "businessDomain": "RETAIL_BE",
    "IsPrivateLabel": true,
    "IsBiffe": false,
    "WeightconversionFactor": "0",
    "IsWeightArticle": false,
    "nutriscoreLabel": "D",
    "IsBio": false,
    "CountryOfOrigin": "BELGIË",
    "IsExclusivelySoldInLuxembourg": false,
    "OrderUnit": "P",
    "ShortName": "EVD PEPERKOEK 500GR",
    "IsNew": false,
    "EcoscoreLabel": "B",
    "RecentQuanityOfStockUnits": "1,12",
    "LongName": "EVERYDAY peperkoek gesneden 500g",
    "AlcoholVolume": "0",
    "FicCode": "I",
    "EcoscoreValue": "74"
  },
  {
    "productId": "877678",
    "technicalArticleNumber": "4733635",
    "commercialArticleNumber": "11701",
    "name": "pancakes",
    "brand": "BONI",
    "seoBrand": "Boni Selection",
    "thumbNail": "https://static.colruytgroup.com/images/200x200/std.lang.all/38/50/asset-3373850.jpg",
    "fullImage": "https://static.colruytgroup.com/images/500x500/std.lang.all/38/50/asset-3373850.jpg",
    "squareImage": "https://static.colruytgroup.com/images/500x500sq/std.lang.all/38/50/asset-3373850.jpg",
    "content": "6st",
    "walkRouteSequenceNumber": 6102,
    "price": {
      "basicPrice": 2.19,
      "recommendedQuantity": "1.0",
      "measurementUnitPrice": 9.13,
      "measurementUnit": "K",
      "isRedPrice": false,
      "pricePerUOM": 9.13,
      "activationDate": "23-03-2024",
      "recordSource": "Offline",
      "isPromoActive": "N",
      "priceChangeCode": "L"
    },
    "isAvailable": true,
    "isPriceAvailable": true,
    "inPromo": false,
    "gtin": [
      "15400141910251",
      "05400141910254"
    ],
    "topCategoryName": "Brood/Ontbijt",
    "topCategoryId": "124",
    "businessDomain": "RETAIL_BE",
    "IsPrivateLabel": true,
    "IsBiffe": false,
    "WeightconversionFactor": "0",
    "IsWeightArticle": false,
    "nutriscoreLabel": "D",
    "IsBio": false,
    "CountryOfOrigin": "NEDERLAND",
    "IsExclusivelySoldInLuxembourg": false,
    "OrderUnit": "P",
    "ShortName": "BONI PANCAKES 6ST 240G",
    "IsNew": false,
    "EcoscoreLabel": "B",
    "RecentQuanityOfStockUnits": "1,8",
    "LongName": "BONI pancakes 6st",
    "FicCode": "I",
    "EcoscoreValue": "66"
  },
  {
    "productId": "486983",
    "technicalArticleNumber": "4045797",
    "commercialArticleNumber": "6313",
    "name": "grissini",
    "brand": "BONI",
    "seoBrand": "Boni Selection",
    "thumbNail": "https://static.colruytgroup.com/images/200x200/std.lang.all/13/16/asset-3351316.jpg",
    "fullImage": "https://static.colruytgroup.com/images/500x500/std.lang.all/13/16/asset-3351316.jpg",
    "squareImage": "https://static.colruytgroup.com/images/500x500sq/std.lang.all/13/16/asset-3351316.jpg",
    "content": "100g",
    "walkRouteSequenceNumber": 4578,
    "price": {
      "basicPrice": 0.792,
      "recommendedQuantity": "1.0",
      "measurementUnitPrice": 7.92,
      "measurementUnit": "K",
      "isRedPrice": false,
      "pricePerUOM": 7.92,
      "activationDate": "05-12-2023",
      "recordSource": "Offline",
      "isPromoActive": "N",
      "priceChangeCode": "E"
    },
    "isAvailable": true,
    "isPriceAvailable": true,
    "inPromo": false,
    "gtin": [
      "15400141364092",
      "05400141256703",
      "05400141364095",
      "15400141256700",
      "15400141696698",
      "05400141696691"
    ],
    "topCategoryName": "Brood/Ontbijt",
    "topCategoryId": "124",
    "businessDomain": "RETAIL_BE",
    "IsPrivateLabel": true,
    "IsBiffe": false,
    "WeightconversionFactor": "0",
    "IsWeightArticle": false,
    "nutriscoreLabel": "D",
    "IsBio": false,
    "CountryOfOrigin": "ITALIË",
    "IsExclusivelySoldInLuxembourg": false,
    "OrderUnit": "P",
    "ShortName": "BONI GRISSINI 100G",
    "IsNew": false,
    "EcoscoreLabel": "A",
    "RecentQuanityOfStockUnits": "1,12",
    "LongName": "BONI grissini 100g",
    "FicCode": "I",
    "EcoscoreValue": "87"
  },
  {
    "productId": "650344",
    "technicalArticleNumber": "4349322",
    "commercialArticleNumber": "22864",
    "name": "nat.z.to.sui",
    "description": "*Natuur brood\nzonder toegevoegde\nsuiker",
    "brand": "JACQUET PLAISIR DE MIE",
    "seoBrand": "Jacquet",
    "thumbNail": "https://static.colruytgroup.com/images/200x200/std.lang.all/54/21/asset-3215421.jpg",
    "fullImage": "https://static.colruytgroup.com/images/500x500/std.lang.all/54/21/asset-3215421.jpg",
    "squareImage": "https://static.colruytgroup.com/images/500x500sq/std.lang.all/54/21/asset-3215421.jpg",
    "content": "450g",
    "walkRouteSequenceNumber": 9745,
    "price": {
      "basicPrice": 2.95,
      "recommendedQuantity": "1.0",
      "measurementUnitPrice": 6.56,
      "measurementUnit": "K",
      "isRedPrice": false,
      "pricePerUOM": 6.56,
      "activationDate": "01-03-2024",
      "recordSource": "Offline",
      "isPromoActive": "N",
      "priceChangeCode": "H"
    },
    "isAvailable": true,
    "isPriceAvailable": true,
    "inPromo": false,
    "gtin": [
      "03029330071686",
      "03029330171683"
    ],
    "topCategoryName": "Brood/Ontbijt",
    "topCategoryId": "124",
    "businessDomain": "RETAIL_BE",
    "IsPrivateLabel": false,
    "IsBiffe": false,
    "WeightconversionFactor": "0",
    "IsWeightArticle": false,
    "nutriscoreLabel": "A",
    "IsBio": false,
    "CountryOfOrigin": "FRANKRIJK",
    "IsExclusivelySoldInLuxembourg": false,
    "OrderUnit": "P",
    "ShortName": "JACQ NAT.ZO.TGV.SUI450G",
    "IsNew": false,
    "EcoscoreLabel": "B",
    "RecentQuanityOfStockUnits": "1,8",
    "LongName": "JACQUET PLAISIR DE MIE nat.z.to.sui 450g",
    "FicCode": "E",
    "EcoscoreValue": "70"
  },
  {
    "productId": "93942",
    "technicalArticleNumber": "2802433",
    "commercialArticleNumber": "12645",
    "name": "muesli 45% fruit, noten, zaden",
    "description": "*Granenmengeling met\nvruchten, noten,\nzaden",
    "brand": "BONI",
    "seoBrand": "Boni Selection",
    "thumbNail": "https://static.colruytgroup.com/images/200x200/std.lang.all/09/80/asset-3360980.jpg",
    "fullImage": "https://static.colruytgroup.com/images/500x500/std.lang.all/09/80/asset-3360980.jpg",
    "squareImage": "https://static.colruytgroup.com/images/500x500sq/std.lang.all/09/80/asset-3360980.jpg",
    "content": "750g",
    "walkRouteSequenceNumber": 17295,
    "price": {
      "basicPrice": 3.36,
      "recommendedQuantity": "1.0",
      "measurementUnitPrice": 4.48,
      "measurementUnit": "K",
      "isRedPrice": false,
      "pricePerUOM": 4.48,
      "activationDate": "08-11-2023",
      "recordSource": "Offline",
      "isPromoActive": "N",
      "priceChangeCode": "L"
    },
    "isAvailable": true,
    "isPriceAvailable": true,
    "inPromo": false,
    "gtin": [
      "15400141279938",
      "05400141022353",
      "05400141279931",
      "15400141570318",
      "05400141570311"
    ],
    "topCategoryName": "Brood/Ontbijt",
    "topCategoryId": "124",
    "businessDomain": "RETAIL_BE",
    "IsPrivateLabel": true,
    "IsBiffe": false,
    "WeightconversionFactor": "0",
    "IsWeightArticle": false,
    "nutriscoreLabel": "C",
    "IsBio": false,
    "CountryOfOrigin": "BELGIË",
    "IsExclusivelySoldInLuxembourg": false,
    "OrderUnit": "P",
    "ShortName": "BONI MUESLI 45 FR 750G",
    "IsNew": false,
    "EcoscoreLabel": "B",
    "RecentQuanityOfStockUnits": "1,12",
    "LongName": "BONI muesli 45% fruit, noten, zaden 750g",
    "AlcoholVolume": "0",
    "FicCode": "I",
    "EcoscoreValue": "73"
  },
  {
    "productId": "2356",
    "technicalArticleNumber": "1098243",
    "commercialArticleNumber": "16161",
    "name": "honing vast",
    "description": "*Vast",
    "brand": "BONI BIO",
    "seoBrand": "Boni Selection Bio",
    "thumbNail": "https://static.colruytgroup.com/images/200x200/std.lang.all/80/26/asset-3028026.jpg",
    "fullImage": "https://static.colruytgroup.com/images/500x500/std.lang.all/80/26/asset-3028026.jpg",
    "squareImage": "https://static.colruytgroup.com/images/500x500sq/std.lang.all/80/26/asset-3028026.jpg",
    "content": "500g",
    "walkRouteSequenceNumber": 17994,
    "price": {
      "basicPrice": 3.76,
      "recommendedQuantity": "1.0",
      "measurementUnitPrice": 7.52,
      "measurementUnit": "K",
      "isRedPrice": false,
      "pricePerUOM": 7.52,
      "activationDate": "05-03-2024",
      "recordSource": "Offline",
      "isPromoActive": "N",
      "priceChangeCode": "H"
    },
    "isAvailable": true,
    "isPriceAvailable": true,
    "inPromo": false,
    "gtin": [
      "15400141127611",
      "05400141161663",
      "05400141127614",
      "05400141321777",
      "15400141321774",
      "05400141252057",
      "05400141261615"
    ],
    "topCategoryName": "Brood/Ontbijt",
    "topCategoryId": "124",
    "businessDomain": "RETAIL_BE",
    "IsPrivateLabel": true,
    "IsBiffe": false,
    "WeightconversionFactor": "0",
    "IsWeightArticle": false,
    "nutriscoreLabel": "D",
    "IsBio": true,
    "CountryOfOrigin": "BELGIË",
    "IsExclusivelySoldInLuxembourg": false,
    "OrderUnit": "P",
    "ShortName": "BS BIO HONING 500G",
    "IsNew": false,
    "EcoscoreLabel": "A",
    "RecentQuanityOfStockUnits": "12,1",
    "LongName": "BONI BIO honing vast 500g",
    "AlcoholVolume": "0",
    "FicCode": "I",
    "EcoscoreValue": "100"
  },
  {
    "productId": "525709",
    "technicalArticleNumber": "4113277",
    "commercialArticleNumber": "8872",
    "name": "crackers meerzaden",
    "brand": "BONI",
    "seoBrand": "Boni Selection",
    "thumbNail": "https://static.colruytgroup.com/images/200x200/std.lang.all/01/46/asset-3220146.jpg",
    "fullImage": "https://static.colruytgroup.com/images/500x500/std.lang.all/01/46/asset-3220146.jpg",
    "squareImage": "https://static.colruytgroup.com/images/500x500sq/std.lang.all/01/46/asset-3220146.jpg",
    "content": "315g",
    "walkRouteSequenceNumber": 17052,
    "price": {
      "basicPrice": 2.59,
      "recommendedQuantity": "1.0",
      "measurementUnitPrice": 8.23,
      "measurementUnit": "K",
      "isRedPrice": false,
      "pricePerUOM": 8.23,
      "activationDate": "17-11-2023",
      "isPromoActive": "N",
      "priceChangeCode": "H"
    },
    "isAvailable": true,
    "isPriceAvailable": true,
    "inPromo": false,
    "gtin": [
      "15400141419808",
      "05400141419801",
      "15400141293347",
      "05400141293340",
      "05400141467031"
    ],
    "topCategoryName": "Brood/Ontbijt",
    "topCategoryId": "124",
    "businessDomain": "RETAIL_BE",
    "IsPrivateLabel": true,
    "IsBiffe": false,
    "WeightconversionFactor": "0",
    "IsWeightArticle": false,
    "nutriscoreLabel": "C",
    "IsBio": false,
    "CountryOfOrigin": "NEDERLAND",
    "IsExclusivelySoldInLuxembourg": false,
    "OrderUnit": "P",
    "ShortName": "BONI CRACKER.MEERZ315",
    "IsNew": false,
    "EcoscoreLabel": "A",
    "RecentQuanityOfStockUnits": "1,8",
    "LongName": "BONI crackers meerzaden 315g",
    "FicCode": "I",
    "EcoscoreValue": "85"
  },
  {
    "productId": "124289",
    "technicalArticleNumber": "3218106",
    "commercialArticleNumber": "31225",
    "name": "stokbrood zuurdes. VGB",
    "description": "*Op basis van\nzuurdesem\n*10 minuten in oven",
    "brand": "BONI",
    "seoBrand": "Boni Selection",
    "thumbNail": "https://static.colruytgroup.com/images/200x200/std.lang.all/72/96/asset-2217296.jpg",
    "fullImage": "https://static.colruytgroup.com/images/500x500/std.lang.all/72/96/asset-2217296.jpg",
    "squareImage": "https://static.colruytgroup.com/images/500x500sq/std.lang.all/72/96/asset-2217296.jpg",
    "content": "250g",
    "walkRouteSequenceNumber": 9764,
    "price": {
      "basicPrice": 1.49,
      "recommendedQuantity": "1.0",
      "measurementUnitPrice": 5.96,
      "measurementUnit": "K",
      "isRedPrice": false,
      "pricePerUOM": 5.96,
      "activationDate": "12-12-2023",
      "recordSource": "Offline",
      "isPromoActive": "N",
      "priceChangeCode": "E"
    },
    "isAvailable": true,
    "isPriceAvailable": true,
    "inPromo": false,
    "gtin": [
      "05400141218947",
      "05400141387100",
      "15400141387107",
      "15400141894025",
      "35400141573948"
    ],
    "topCategoryName": "Brood/Ontbijt",
    "topCategoryId": "124",
    "businessDomain": "RETAIL_BE",
    "IsPrivateLabel": true,
    "IsBiffe": false,
    "WeightconversionFactor": "0",
    "IsWeightArticle": false,
    "nutriscoreLabel": "C",
    "IsBio": false,
    "CountryOfOrigin": "FRANKRIJK",
    "IsExclusivelySoldInLuxembourg": false,
    "OrderUnit": "P",
    "ShortName": "BONI STOKBR DESEM 250G",
    "IsNew": false,
    "EcoscoreLabel": "B",
    "RecentQuanityOfStockUnits": "1,16",
    "LongName": "BONI stokbrood zuurdes. VGB 250g",
    "AlcoholVolume": "0",
    "FicCode": "I",
    "EcoscoreValue": "79"
  },
  {
    "productId": "222596",
    "technicalArticleNumber": "3505771",
    "commercialArticleNumber": "50568",
    "name": "confituur kersen 61%",
    "description": "*61% vruchten",
    "brand": "BONI",
    "seoBrand": "Boni Selection",
    "thumbNail": "https://static.colruytgroup.com/images/200x200/std.lang.all/86/97/asset-1118697.jpg",
    "fullImage": "https://static.colruytgroup.com/images/500x500/std.lang.all/86/97/asset-1118697.jpg",
    "squareImage": "https://static.colruytgroup.com/images/500x500sq/std.lang.all/86/97/asset-1118697.jpg",
    "content": "450g",
    "walkRouteSequenceNumber": 17898,
    "price": {
      "basicPrice": 1.35,
      "recommendedQuantity": "1.0",
      "measurementUnitPrice": 3,
      "measurementUnit": "K",
      "isRedPrice": false,
      "pricePerUOM": 3,
      "activationDate": "06-09-2023",
      "recordSource": "Offline",
      "isPromoActive": "N",
      "priceChangeCode": "E"
    },
    "isAvailable": true,
    "isPriceAvailable": true,
    "inPromo": false,
    "gtin": [
      "15400141322405",
      "05400141322408",
      "05400141404197"
    ],
    "topCategoryName": "Brood/Ontbijt",
    "topCategoryId": "124",
    "businessDomain": "RETAIL_BE",
    "IsPrivateLabel": true,
    "IsBiffe": false,
    "WeightconversionFactor": "0",
    "IsWeightArticle": false,
    "nutriscoreLabel": "D",
    "IsBio": false,
    "CountryOfOrigin": "FRANKRIJK",
    "IsExclusivelySoldInLuxembourg": false,
    "OrderUnit": "P",
    "ShortName": "BONI KERSENCON.61%450G",
    "IsNew": false,
    "EcoscoreLabel": "C",
    "RecentQuanityOfStockUnits": "1,6",
    "LongName": "BONI confituur kersen 61% 450g",
    "AlcoholVolume": "0",
    "FicCode": "I",
    "EcoscoreValue": "51"
  },
  {
    "productId": "63230",
    "technicalArticleNumber": "2794483",
    "commercialArticleNumber": "45726",
    "name": "rijsttaartjes",
    "brand": "BONI",
    "seoBrand": "Boni Selection",
    "thumbNail": "https://static.colruytgroup.com/images/200x200/std.lang.all/94/25/asset-1719425.jpg",
    "fullImage": "https://static.colruytgroup.com/images/500x500/std.lang.all/94/25/asset-1719425.jpg",
    "squareImage": "https://static.colruytgroup.com/images/500x500sq/std.lang.all/94/25/asset-1719425.jpg",
    "content": "2st",
    "walkRouteSequenceNumber": 6097,
    "price": {
      "basicPrice": 2.59,
      "recommendedQuantity": "1.0",
      "measurementUnitPrice": 10.8,
      "measurementUnit": "K",
      "isRedPrice": false,
      "pricePerUOM": 10.8,
      "activationDate": "02-03-2024",
      "recordSource": "Offline",
      "isPromoActive": "N",
      "priceChangeCode": "H"
    },
    "isAvailable": true,
    "isPriceAvailable": true,
    "inPromo": false,
    "gtin": [
      "05400141123111",
      "05400141186901",
      "05400141244441",
      "15400141933526",
      "05400141047653",
      "25400141244445"
    ],
    "topCategoryName": "Brood/Ontbijt",
    "topCategoryId": "124",
    "businessDomain": "RETAIL_BE",
    "IsPrivateLabel": true,
    "IsBiffe": false,
    "WeightconversionFactor": "0",
    "IsWeightArticle": false,
    "nutriscoreLabel": "D",
    "IsBio": false,
    "CountryOfOrigin": "BELGIË",
    "IsExclusivelySoldInLuxembourg": false,
    "OrderUnit": "P",
    "ShortName": "BONI 2 RIJSTAARTJE 240G",
    "IsNew": false,
    "EcoscoreLabel": "A",
    "RecentQuanityOfStockUnits": "1",
    "LongName": "BONI rijsttaartjes 2st",
    "AlcoholVolume": "0",
    "FicCode": "I",
    "EcoscoreValue": "83"
  },
  {
    "productId": "27816",
    "technicalArticleNumber": "2241845",
    "commercialArticleNumber": "4364",
    "name": "dürüm 30cm",
    "description": "*12 wraps gemaakt\nvan harde tarwe",
    "brand": "BOSPHORUS",
    "seoBrand": "Bosphorus",
    "thumbNail": "https://static.colruytgroup.com/images/200x200/std.lang.all/34/83/asset-393483.jpg",
    "fullImage": "https://static.colruytgroup.com/images/500x500/std.lang.all/34/83/asset-393483.jpg",
    "squareImage": "https://static.colruytgroup.com/images/500x500sq/std.lang.all/34/83/asset-393483.jpg",
    "content": "12sst",
    "walkRouteSequenceNumber": 8625,
    "price": {
      "basicPrice": 3.55,
      "recommendedQuantity": "1.0",
      "measurementUnitPrice": 2.96,
      "measurementUnit": "K",
      "isRedPrice": false,
      "pricePerUOM": 2.96,
      "activationDate": "14-11-2023",
      "isPromoActive": "N",
      "priceChangeCode": "E"
    },
    "isAvailable": true,
    "isPriceAvailable": true,
    "inPromo": false,
    "gtin": [
      "05412514931865",
      "05412514931629"
    ],
    "topCategoryName": "Brood/Ontbijt",
    "topCategoryId": "124",
    "businessDomain": "RETAIL_BE",
    "IsPrivateLabel": false,
    "IsBiffe": false,
    "WeightconversionFactor": "0",
    "IsWeightArticle": false,
    "nutriscoreLabel": "D",
    "IsBio": false,
    "CountryOfOrigin": "BELGIË",
    "IsExclusivelySoldInLuxembourg": false,
    "OrderUnit": "P",
    "ShortName": "BOSPH 12 ST DURUM 1K2",
    "IsNew": false,
    "EcoscoreLabel": "B",
    "RecentQuanityOfStockUnits": "1,10",
    "LongName": "BOSPHORUS dürüm 30cm 12sst",
    "AlcoholVolume": "0",
    "FicCode": "E",
    "EcoscoreValue": "73"
  },
  {
    "productId": "854526",
    "technicalArticleNumber": "4703532",
    "commercialArticleNumber": "31255",
    "name": "pure choc&hazelnoot",
    "description": "*Met 11% chocolade",
    "brand": "KELLOGG'S EXTRA",
    "seoBrand": "Kellogg's Extra",
    "thumbNail": "https://static.colruytgroup.com/images/200x200/std.lang.all/10/87/asset-3211087.jpg",
    "fullImage": "https://static.colruytgroup.com/images/500x500/std.lang.all/10/87/asset-3211087.jpg",
    "squareImage": "https://static.colruytgroup.com/images/500x500sq/std.lang.all/10/87/asset-3211087.jpg",
    "content": "375g",
    "walkRouteSequenceNumber": 17514,
    "price": {
      "basicPrice": 3.79,
      "recommendedQuantity": "1.0",
      "measurementUnitPrice": 10.11,
      "measurementUnit": "K",
      "isRedPrice": false,
      "pricePerUOM": 10.11,
      "activationDate": "13-03-2024",
      "recordSource": "Offline",
      "isPromoActive": "N",
      "priceChangeCode": "H"
    },
    "isAvailable": true,
    "isPriceAvailable": true,
    "inPromo": false,
    "gtin": [
      "25400141472084",
      "05059319022475",
      "05059319022468"
    ],
    "topCategoryName": "Brood/Ontbijt",
    "topCategoryId": "124",
    "businessDomain": "RETAIL_BE",
    "IsPrivateLabel": false,
    "IsBiffe": false,
    "WeightconversionFactor": "0",
    "IsWeightArticle": false,
    "nutriscoreLabel": "D",
    "IsBio": false,
    "CountryOfOrigin": "EUROPA",
    "IsExclusivelySoldInLuxembourg": false,
    "OrderUnit": "P",
    "ShortName": "KELL EXTRA PURE CHOC375",
    "IsNew": false,
    "RecentQuanityOfStockUnits": "2,1,8",
    "LongName": "KELLOGG'S EXTRA pure choc&hazelnoot 375g",
    "FicCode": "E"
  },
  {
    "productId": "869440",
    "technicalArticleNumber": "4722774",
    "commercialArticleNumber": "18152",
    "name": "Picos",
    "brand": "BONI",
    "seoBrand": "Boni Selection",
    "thumbNail": "https://static.colruytgroup.com/images/200x200/std.lang.all/62/91/asset-3236291.jpg",
    "fullImage": "https://static.colruytgroup.com/images/500x500/std.lang.all/62/91/asset-3236291.jpg",
    "squareImage": "https://static.colruytgroup.com/images/500x500sq/std.lang.all/62/91/asset-3236291.jpg",
    "content": "70g",
    "walkRouteSequenceNumber": 7656,
    "price": {
      "basicPrice": 1.59,
      "recommendedQuantity": "1.0",
      "measurementUnitPrice": 22.72,
      "measurementUnit": "K",
      "isRedPrice": false,
      "pricePerUOM": 22.72,
      "activationDate": "15-04-2023",
      "isPromoActive": "N",
      "priceChangeCode": "E"
    },
    "isAvailable": true,
    "isPriceAvailable": true,
    "inPromo": false,
    "gtin": [
      "05400141664911",
      "05400141672237"
    ],
    "topCategoryName": "Brood/Ontbijt",
    "topCategoryId": "124",
    "businessDomain": "RETAIL_BE",
    "IsPrivateLabel": true,
    "IsBiffe": false,
    "WeightconversionFactor": "0",
    "IsWeightArticle": false,
    "nutriscoreLabel": "D",
    "IsBio": false,
    "CountryOfOrigin": "ITALIË",
    "IsExclusivelySoldInLuxembourg": false,
    "OrderUnit": "P",
    "ShortName": "BONI GRISSINI 70G",
    "IsNew": false,
    "EcoscoreLabel": "A",
    "RecentQuanityOfStockUnits": "1,1",
    "LongName": "BONI Picos 70g",
    "FicCode": "I",
    "EcoscoreValue": "87"
  },
  {
    "productId": "98094",
    "technicalArticleNumber": "2837637",
    "commercialArticleNumber": "33294",
    "name": "Mini Crackers Naturel",
    "description": "*Mini cracker, vierkant, natuur\n*Individueel verpakt\n*8x5 stuks",
    "brand": "LU",
    "seoBrand": "LU",
    "thumbNail": "https://static.colruytgroup.com/images/200x200/std.lang.all/92/73/asset-579273.jpg",
    "fullImage": "https://static.colruytgroup.com/images/500x500/std.lang.all/92/73/asset-579273.jpg",
    "squareImage": "https://static.colruytgroup.com/images/500x500sq/std.lang.all/92/73/asset-579273.jpg",
    "content": "250g",
    "walkRouteSequenceNumber": 4496,
    "price": {
      "basicPrice": 1.59,
      "recommendedQuantity": "1.0",
      "measurementUnitPrice": 6.36,
      "measurementUnit": "K",
      "isRedPrice": false,
      "pricePerUOM": 6.36,
      "activationDate": "31-10-2023",
      "recordSource": "Offline",
      "isPromoActive": "N",
      "priceChangeCode": "L"
    },
    "isAvailable": true,
    "isPriceAvailable": true,
    "inPromo": false,
    "gtin": [
      "07622210475190",
      "07622210475152"
    ],
    "topCategoryName": "Brood/Ontbijt",
    "topCategoryId": "124",
    "businessDomain": "RETAIL_BE",
    "IsPrivateLabel": false,
    "IsBiffe": false,
    "WeightconversionFactor": "0",
    "IsWeightArticle": false,
    "nutriscoreLabel": "D",
    "IsBio": false,
    "CountryOfOrigin": "ITALIË",
    "IsExclusivelySoldInLuxembourg": false,
    "OrderUnit": "P",
    "ShortName": "LU MINI CRACK NAT. 250G",
    "IsNew": false,
    "RecentQuanityOfStockUnits": "1,12",
    "LongName": "LU Mini Crackers Naturel 250g",
    "AlcoholVolume": "0",
    "FicCode": "E"
  },
  {
    "productId": "9810",
    "technicalArticleNumber": "1383235",
    "commercialArticleNumber": "12250",
    "name": "tortillas Mexicaans 8st",
    "description": "*8 Mexicaanse\ntortilla's",
    "brand": "POCO LOCO",
    "seoBrand": "Poco Loco",
    "thumbNail": "https://static.colruytgroup.com/images/200x200/std.lang.all/42/42/asset-574242.jpg",
    "fullImage": "https://static.colruytgroup.com/images/500x500/std.lang.all/42/42/asset-574242.jpg",
    "squareImage": "https://static.colruytgroup.com/images/500x500sq/std.lang.all/42/42/asset-574242.jpg",
    "content": "320g",
    "walkRouteSequenceNumber": 8582,
    "price": {
      "basicPrice": 2.49,
      "recommendedQuantity": "1.0",
      "measurementUnitPrice": 7.79,
      "measurementUnit": "K",
      "isRedPrice": false,
      "pricePerUOM": 7.79,
      "activationDate": "14-11-2023",
      "isPromoActive": "N",
      "priceChangeCode": "E"
    },
    "isAvailable": true,
    "isPriceAvailable": true,
    "inPromo": false,
    "gtin": [
      "05412514555559",
      "15412514555556"
    ],
    "topCategoryName": "Brood/Ontbijt",
    "topCategoryId": "124",
    "businessDomain": "RETAIL_BE",
    "IsPrivateLabel": false,
    "IsBiffe": false,
    "WeightconversionFactor": "0",
    "IsWeightArticle": false,
    "nutriscoreLabel": "D",
    "IsBio": false,
    "CountryOfOrigin": "BELGIË",
    "IsExclusivelySoldInLuxembourg": false,
    "OrderUnit": "P",
    "ShortName": "POCO LO 8 TORTILLA 320G",
    "IsNew": false,
    "EcoscoreLabel": "B",
    "RecentQuanityOfStockUnits": "1,14",
    "LongName": "POCO LOCO tortillas Mexicaans 8st 320g",
    "AlcoholVolume": "0",
    "FicCode": "E",
    "EcoscoreValue": "73"
  },
  {
    "productId": "1528",
    "technicalArticleNumber": "21536",
    "commercialArticleNumber": "21536",
    "name": "speculoos",
    "brand": "LU BASTOGNE!",
    "seoBrand": "LU Bastogne",
    "thumbNail": "https://static.colruytgroup.com/images/200x200/std.lang.all/63/19/asset-3216319.jpg",
    "fullImage": "https://static.colruytgroup.com/images/500x500/std.lang.all/63/19/asset-3216319.jpg",
    "squareImage": "https://static.colruytgroup.com/images/500x500sq/std.lang.all/63/19/asset-3216319.jpg",
    "content": "260g",
    "walkRouteSequenceNumber": 2131,
    "price": {
      "basicPrice": 2.19,
      "recommendedQuantity": "2.0",
      "measurementUnitPrice": 8.43,
      "measurementUnit": "K",
      "isRedPrice": false,
      "pricePerUOM": 8.43,
      "activationDate": "19-01-2024",
      "recordSource": "Offline",
      "isPromoActive": "N",
      "priceChangeCode": "L"
    },
    "isAvailable": true,
    "isPriceAvailable": true,
    "inPromo": true,
    "promotion": [
      {
        "techPromoId": "100898COLR",
        "promotionId": "100898",
        "promotionType": "3",
        "isPersonalized": "N",
        "publicationStartDate": "13-03-2024",
        "publicationEndDate": "26-03-2024"
      }
    ],
    "gtin": [
      "00694990083626",
      "03056440070827",
      "03056440070896",
      "05400141148053",
      "05400141215625",
      "00000025515367",
      "07622210993656",
      "07622210993687"
    ],
    "topCategoryName": "Brood/Ontbijt",
    "topCategoryId": "124",
    "businessDomain": "RETAIL_BE",
    "IsPrivateLabel": false,
    "IsBiffe": false,
    "WeightconversionFactor": "0",
    "IsWeightArticle": false,
    "nutriscoreLabel": "E",
    "IsBio": false,
    "CountryOfOrigin": "BELGIË",
    "IsExclusivelySoldInLuxembourg": false,
    "OrderUnit": "P",
    "ShortName": "LU BASTOGNE SPEC 260 GR",
    "IsNew": false,
    "RecentQuanityOfStockUnits": "21,2,1",
    "LongName": "LU BASTOGNE! speculoos 260g",
    "AlcoholVolume": "0",
    "FicCode": "E"
  },
  {
    "productId": "857455",
    "technicalArticleNumber": "4707454",
    "commercialArticleNumber": "31528",
    "name": "Honey baked",
    "description": "*Geroosterde volkoren\nhoning- en haverclusters",
    "brand": "JORDANS",
    "seoBrand": "Jordans",
    "thumbNail": "https://static.colruytgroup.com/images/200x200/std.lang.all/95/03/asset-3169503.jpg",
    "fullImage": "https://static.colruytgroup.com/images/500x500/std.lang.all/95/03/asset-3169503.jpg",
    "squareImage": "https://static.colruytgroup.com/images/500x500sq/std.lang.all/95/03/asset-3169503.jpg",
    "content": "700g",
    "walkRouteSequenceNumber": 17487,
    "price": {
      "basicPrice": 2.99,
      "recommendedQuantity": "1.0",
      "measurementUnitPrice": 4.28,
      "measurementUnit": "K",
      "isRedPrice": false,
      "pricePerUOM": 4.28,
      "activationDate": "26-02-2024",
      "recordSource": "Offline",
      "isPromoActive": "N",
      "priceChangeCode": "E"
    },
    "isAvailable": true,
    "isPriceAvailable": true,
    "inPromo": false,
    "gtin": [
      "15010477363500",
      "05010477363497"
    ],
    "topCategoryName": "Brood/Ontbijt",
    "topCategoryId": "124",
    "businessDomain": "RETAIL_BE",
    "IsPrivateLabel": false,
    "IsBiffe": false,
    "WeightconversionFactor": "0",
    "IsWeightArticle": false,
    "nutriscoreLabel": "A",
    "IsBio": false,
    "CountryOfOrigin": "VERENIGD KONINKRIJK",
    "IsExclusivelySoldInLuxembourg": false,
    "OrderUnit": "P",
    "ShortName": "JORD SIMPLY GRANOLA700G",
    "IsNew": false,
    "EcoscoreLabel": "B",
    "RecentQuanityOfStockUnits": "1,4",
    "LongName": "JORDANS Honey baked 700g",
    "FicCode": "E",
    "EcoscoreValue": "61"
  },
  {
    "productId": "86926",
    "technicalArticleNumber": "3022296",
    "commercialArticleNumber": "38723",
    "name": "honingkoek parelsuiker",
    "brand": "BONI",
    "seoBrand": "Boni Selection",
    "thumbNail": "https://static.colruytgroup.com/images/200x200/std.lang.all/24/91/asset-1372491.jpg",
    "fullImage": "https://static.colruytgroup.com/images/500x500/std.lang.all/24/91/asset-1372491.jpg",
    "squareImage": "https://static.colruytgroup.com/images/500x500sq/std.lang.all/24/91/asset-1372491.jpg",
    "content": "500g",
    "walkRouteSequenceNumber": 17544,
    "price": {
      "basicPrice": 1.75,
      "recommendedQuantity": "1.0",
      "measurementUnitPrice": 3.5,
      "measurementUnit": "K",
      "isRedPrice": false,
      "pricePerUOM": 3.5,
      "activationDate": "03-02-2024",
      "recordSource": "Offline",
      "isPromoActive": "N",
      "priceChangeCode": "H"
    },
    "isAvailable": true,
    "isPriceAvailable": true,
    "inPromo": false,
    "gtin": [
      "15400141331810",
      "05400141331813",
      "15400141938361",
      "05400141251975",
      "05400141043853"
    ],
    "topCategoryName": "Brood/Ontbijt",
    "topCategoryId": "124",
    "businessDomain": "RETAIL_BE",
    "IsPrivateLabel": true,
    "IsBiffe": false,
    "WeightconversionFactor": "0",
    "IsWeightArticle": false,
    "nutriscoreLabel": "D",
    "IsBio": false,
    "CountryOfOrigin": "BELGIË",
    "IsExclusivelySoldInLuxembourg": false,
    "OrderUnit": "P",
    "ShortName": "BONI HONING PAREL 500G",
    "IsNew": false,
    "EcoscoreLabel": "B",
    "RecentQuanityOfStockUnits": "1,12",
    "LongName": "BONI honingkoek parelsuiker 500g",
    "AlcoholVolume": "0",
    "FicCode": "I",
    "EcoscoreValue": "75"
  },
  {
    "productId": "595630",
    "technicalArticleNumber": "4257263",
    "commercialArticleNumber": "22495",
    "name": "speculoos gev. specul.crème",
    "brand": "LOTUS",
    "seoBrand": "Lotus",
    "thumbNail": "https://static.colruytgroup.com/images/200x200/std.lang.all/53/93/asset-3365393.jpg",
    "fullImage": "https://static.colruytgroup.com/images/500x500/std.lang.all/53/93/asset-3365393.jpg",
    "squareImage": "https://static.colruytgroup.com/images/500x500sq/std.lang.all/53/93/asset-3365393.jpg",
    "content": "15x10g",
    "walkRouteSequenceNumber": 1516,
    "price": {
      "basicPrice": 1.69,
      "recommendedQuantity": "1.0",
      "measurementUnitPrice": 11.27,
      "measurementUnit": "K",
      "isRedPrice": false,
      "pricePerUOM": 11.27,
      "activationDate": "15-03-2024",
      "recordSource": "Offline",
      "isPromoActive": "N",
      "priceChangeCode": "E"
    },
    "isAvailable": true,
    "isPriceAvailable": true,
    "inPromo": true,
    "promotion": [
      {
        "techPromoId": "001928COLR",
        "promotionId": "001928",
        "promotionType": "4",
        "isPersonalized": "N",
        "publicationStartDate": "13-03-2024",
        "publicationEndDate": "26-03-2024"
      }
    ],
    "gtin": [
      "05410126006360",
      "15410126006367"
    ],
    "topCategoryName": "Brood/Ontbijt",
    "topCategoryId": "124",
    "businessDomain": "RETAIL_BE",
    "IsPrivateLabel": false,
    "IsBiffe": false,
    "WeightconversionFactor": "0",
    "IsWeightArticle": false,
    "nutriscoreLabel": "E",
    "IsBio": false,
    "CountryOfOrigin": "BELGIË",
    "IsExclusivelySoldInLuxembourg": false,
    "OrderUnit": "P",
    "ShortName": "LOTU SPECUL.GEV.S.CR150",
    "IsNew": false,
    "RecentQuanityOfStockUnits": "1,9",
    "LongName": "LOTUS speculoos gev. specul.crème 15x10g",
    "FicCode": "E"
  },
  {
    "productId": "650299",
    "technicalArticleNumber": "4349277",
    "commercialArticleNumber": "22738",
    "name": "volkor.z.tgv.suik",
    "description": "*Volkorenbrood\nzonder toegevoegd\nsuikers",
    "brand": "JACQUET MAXI JAC'",
    "seoBrand": "Jacquet",
    "thumbNail": "https://static.colruytgroup.com/images/200x200/std.lang.all/37/65/asset-3213765.jpg",
    "fullImage": "https://static.colruytgroup.com/images/500x500/std.lang.all/37/65/asset-3213765.jpg",
    "squareImage": "https://static.colruytgroup.com/images/500x500sq/std.lang.all/37/65/asset-3213765.jpg",
    "content": "550g",
    "walkRouteSequenceNumber": 9743,
    "price": {
      "basicPrice": 3.99,
      "recommendedQuantity": "1.0",
      "measurementUnitPrice": 7.26,
      "measurementUnit": "K",
      "isRedPrice": false,
      "pricePerUOM": 7.26,
      "activationDate": "13-03-2024",
      "recordSource": "Offline",
      "isPromoActive": "N",
      "priceChangeCode": "E"
    },
    "isAvailable": true,
    "isPriceAvailable": true,
    "inPromo": false,
    "gtin": [
      "03029330069027",
      "03029330169024"
    ],
    "topCategoryName": "Brood/Ontbijt",
    "topCategoryId": "124",
    "businessDomain": "RETAIL_BE",
    "IsPrivateLabel": false,
    "IsBiffe": false,
    "WeightconversionFactor": "0",
    "IsWeightArticle": false,
    "IsBio": false,
    "CountryOfOrigin": "FRANKRIJK",
    "IsExclusivelySoldInLuxembourg": false,
    "OrderUnit": "P",
    "ShortName": "JACQ VOLK.Z.TGV.SUI550G",
    "IsNew": false,
    "EcoscoreLabel": "B",
    "RecentQuanityOfStockUnits": "1,6",
    "LongName": "JACQUET MAXI JAC' volkor.z.tgv.suik 550g",
    "FicCode": "E",
    "EcoscoreValue": "77"
  },
  {
    "productId": "584269",
    "technicalArticleNumber": "4238978",
    "commercialArticleNumber": "19075",
    "name": "choco",
    "brand": "LU BELVITA",
    "seoBrand": "LU belVita",
    "thumbNail": "https://static.colruytgroup.com/images/200x200/std.lang.all/21/39/asset-2372139.jpg",
    "fullImage": "https://static.colruytgroup.com/images/500x500/std.lang.all/21/39/asset-2372139.jpg",
    "squareImage": "https://static.colruytgroup.com/images/500x500sq/std.lang.all/21/39/asset-2372139.jpg",
    "content": "400g",
    "walkRouteSequenceNumber": 2324,
    "price": {
      "basicPrice": 2.92,
      "recommendedQuantity": "1.0",
      "measurementUnitPrice": 7.3,
      "measurementUnit": "K",
      "isRedPrice": false,
      "pricePerUOM": 7.3,
      "activationDate": "06-03-2024",
      "recordSource": "Offline",
      "isPromoActive": "N",
      "priceChangeCode": "H"
    },
    "isAvailable": true,
    "isPriceAvailable": true,
    "inPromo": false,
    "gtin": [
      "07622210713797",
      "07622210713780"
    ],
    "topCategoryName": "Brood/Ontbijt",
    "topCategoryId": "124",
    "businessDomain": "RETAIL_BE",
    "IsPrivateLabel": false,
    "IsBiffe": false,
    "WeightconversionFactor": "0",
    "IsWeightArticle": false,
    "nutriscoreLabel": "D",
    "IsBio": false,
    "CountryOfOrigin": "FRANKRIJK",
    "IsExclusivelySoldInLuxembourg": false,
    "OrderUnit": "P",
    "ShortName": "LU BELVITA CHOCO 400G",
    "IsNew": false,
    "RecentQuanityOfStockUnits": "1",
    "LongName": "LU BELVITA choco 400g",
    "FicCode": "E"
  },
  {
    "productId": "31435",
    "technicalArticleNumber": "1663272",
    "commercialArticleNumber": "32237",
    "name": "brood multigraan voorgeb.",
    "description": "*Bedekt met een\nmengeling van zaden\nen granen of met\nmaandzaad\n*8-10 min. in oven",
    "brand": "BONI",
    "seoBrand": "Boni Selection",
    "thumbNail": "https://static.colruytgroup.com/images/200x200/std.lang.all/85/58/asset-3228558.jpg",
    "fullImage": "https://static.colruytgroup.com/images/500x500/std.lang.all/85/58/asset-3228558.jpg",
    "squareImage": "https://static.colruytgroup.com/images/500x500sq/std.lang.all/85/58/asset-3228558.jpg",
    "content": "8st 360g",
    "walkRouteSequenceNumber": 9759,
    "price": {
      "basicPrice": 2.49,
      "recommendedQuantity": "1.0",
      "measurementUnitPrice": 6.92,
      "measurementUnit": "K",
      "isRedPrice": false,
      "pricePerUOM": 6.92,
      "activationDate": "14-11-2023",
      "isPromoActive": "N",
      "priceChangeCode": "E"
    },
    "isAvailable": true,
    "isPriceAvailable": true,
    "inPromo": false,
    "gtin": [
      "05400141322378",
      "05400141422375",
      "15400141919438",
      "15400141047056",
      "05400141184204",
      "05400141208832"
    ],
    "topCategoryName": "Brood/Ontbijt",
    "topCategoryId": "124",
    "businessDomain": "RETAIL_BE",
    "IsPrivateLabel": true,
    "IsBiffe": false,
    "WeightconversionFactor": "0",
    "IsWeightArticle": false,
    "nutriscoreLabel": "C",
    "IsBio": false,
    "CountryOfOrigin": "BELGIË",
    "IsExclusivelySoldInLuxembourg": false,
    "OrderUnit": "P",
    "ShortName": "BONI 8 MEERGR BROOD360",
    "IsNew": false,
    "EcoscoreLabel": "B",
    "RecentQuanityOfStockUnits": "1,12",
    "LongName": "BONI brood multigraan voorgeb. 8st 360g",
    "AlcoholVolume": "0",
    "FicCode": "I",
    "EcoscoreValue": "71"
  },
  {
    "productId": "134396",
    "technicalArticleNumber": "3136086",
    "commercialArticleNumber": "13554",
    "name": "meergranenbrood ProVital",
    "brand": "BIAFORM",
    "seoBrand": "Biaform",
    "thumbNail": "https://static.colruytgroup.com/images/200x200/std.lang.all/73/01/asset-3367301.jpg",
    "fullImage": "https://static.colruytgroup.com/images/500x500/std.lang.all/73/01/asset-3367301.jpg",
    "squareImage": "https://static.colruytgroup.com/images/500x500sq/std.lang.all/73/01/asset-3367301.jpg",
    "content": "425g",
    "walkRouteSequenceNumber": 6586,
    "price": {
      "basicPrice": 3.79,
      "recommendedQuantity": "1.0",
      "measurementUnitPrice": 8.92,
      "measurementUnit": "K",
      "isRedPrice": false,
      "pricePerUOM": 8.92,
      "activationDate": "31-01-2024",
      "recordSource": "Offline",
      "isPromoActive": "N",
      "priceChangeCode": "E"
    },
    "isAvailable": true,
    "isPriceAvailable": true,
    "inPromo": false,
    "gtin": [
      "05410724425921",
      "05410724425112"
    ],
    "topCategoryName": "Brood/Ontbijt",
    "topCategoryId": "124",
    "businessDomain": "RETAIL_BE",
    "IsPrivateLabel": false,
    "IsBiffe": false,
    "WeightconversionFactor": "0",
    "IsWeightArticle": false,
    "nutriscoreLabel": "A",
    "IsBio": false,
    "CountryOfOrigin": "BELGIË",
    "IsExclusivelySoldInLuxembourg": false,
    "OrderUnit": "P",
    "ShortName": "BIAFORM PRO VITAL 425G",
    "IsNew": false,
    "EcoscoreLabel": "A",
    "RecentQuanityOfStockUnits": "1",
    "LongName": "BIAFORM meergranenbrood ProVital 425g",
    "AlcoholVolume": "0",
    "FicCode": "E",
    "EcoscoreValue": "91"
  },
  {
    "productId": "167367",
    "technicalArticleNumber": "3378806",
    "commercialArticleNumber": "8420",
    "name": "speculoos",
    "description": "*Individueel verpakt",
    "brand": "BONI",
    "seoBrand": "Boni Selection",
    "thumbNail": "https://static.colruytgroup.com/images/200x200/std.lang.all/25/48/asset-3452548.jpg",
    "fullImage": "https://static.colruytgroup.com/images/500x500/std.lang.all/25/48/asset-3452548.jpg",
    "squareImage": "https://static.colruytgroup.com/images/500x500sq/std.lang.all/25/48/asset-3452548.jpg",
    "content": "10x25g",
    "walkRouteSequenceNumber": 2127,
    "price": {
      "basicPrice": 1.85,
      "recommendedQuantity": "1.0",
      "measurementUnitPrice": 7.4,
      "measurementUnit": "K",
      "isRedPrice": false,
      "pricePerUOM": 7.4,
      "activationDate": "31-01-2024",
      "isPromoActive": "N",
      "priceChangeCode": "E"
    },
    "isAvailable": true,
    "isPriceAvailable": true,
    "inPromo": false,
    "gtin": [
      "35400141535939",
      "05400141306767",
      "15400141828242",
      "05400141352689",
      "25400141306761",
      "05400141535938"
    ],
    "topCategoryName": "Brood/Ontbijt",
    "topCategoryId": "124",
    "businessDomain": "RETAIL_BE",
    "IsPrivateLabel": true,
    "IsBiffe": false,
    "WeightconversionFactor": "0",
    "IsWeightArticle": false,
    "nutriscoreLabel": "E",
    "IsBio": false,
    "CountryOfOrigin": "BELGIË",
    "IsExclusivelySoldInLuxembourg": false,
    "OrderUnit": "P",
    "ShortName": "BONI SPECUL2SX10 250",
    "IsNew": false,
    "EcoscoreLabel": "C",
    "RecentQuanityOfStockUnits": "1",
    "LongName": "BONI speculoos 10x25g",
    "AlcoholVolume": "0",
    "FicCode": "I",
    "EcoscoreValue": "56"
  },
  {
    "productId": "615866",
    "technicalArticleNumber": "4291512",
    "commercialArticleNumber": "23389",
    "name": "mini pavés Premium",
    "brand": "BONI",
    "seoBrand": "Boni Selection",
    "thumbNail": "https://static.colruytgroup.com/images/200x200/std.lang.all/11/83/asset-2311183.jpg",
    "fullImage": "https://static.colruytgroup.com/images/500x500/std.lang.all/11/83/asset-2311183.jpg",
    "squareImage": "https://static.colruytgroup.com/images/500x500sq/std.lang.all/11/83/asset-2311183.jpg",
    "content": "4x75g",
    "walkRouteSequenceNumber": 9756,
    "price": {
      "basicPrice": 1.79,
      "recommendedQuantity": "1.0",
      "measurementUnitPrice": 5.97,
      "measurementUnit": "K",
      "isRedPrice": false,
      "pricePerUOM": 5.97,
      "activationDate": "17-11-2023",
      "isPromoActive": "N",
      "priceChangeCode": "H"
    },
    "isAvailable": true,
    "isPriceAvailable": true,
    "inPromo": false,
    "gtin": [
      "15400141928409",
      "15400141416968",
      "05400141416961",
      "25400141416965",
      "05400141928402"
    ],
    "topCategoryName": "Brood/Ontbijt",
    "topCategoryId": "124",
    "businessDomain": "RETAIL_BE",
    "IsPrivateLabel": true,
    "IsBiffe": false,
    "WeightconversionFactor": "0",
    "IsWeightArticle": false,
    "nutriscoreLabel": "C",
    "IsBio": false,
    "CountryOfOrigin": "FRANKRIJK",
    "IsExclusivelySoldInLuxembourg": false,
    "OrderUnit": "P",
    "ShortName": "BONI MINI PAVES 4X75G",
    "IsNew": false,
    "EcoscoreLabel": "B",
    "RecentQuanityOfStockUnits": "1",
    "LongName": "BONI mini pavés Premium 4x75g",
    "FicCode": "I",
    "EcoscoreValue": "77"
  },
  {
    "productId": "1026672",
    "technicalArticleNumber": "4791918",
    "commercialArticleNumber": "33672",
    "name": "Biscoff speculoos",
    "brand": "LOTUS",
    "seoBrand": "Lotus Biscoff",
    "thumbNail": "https://static.colruytgroup.com/images/200x200/std.lang.all/36/58/asset-3363658.jpg",
    "fullImage": "https://static.colruytgroup.com/images/500x500/std.lang.all/36/58/asset-3363658.jpg",
    "squareImage": "https://static.colruytgroup.com/images/500x500sq/std.lang.all/36/58/asset-3363658.jpg",
    "content": "525g",
    "walkRouteSequenceNumber": 4475,
    "price": {
      "basicPrice": 3.29,
      "recommendedQuantity": "1.0",
      "measurementUnitPrice": 6.27,
      "measurementUnit": "K",
      "isRedPrice": false,
      "pricePerUOM": 6.27,
      "activationDate": "21-03-2024",
      "recordSource": "Offline",
      "isPromoActive": "N",
      "priceChangeCode": "E"
    },
    "isAvailable": true,
    "isPriceAvailable": true,
    "inPromo": true,
    "promotion": [
      {
        "techPromoId": "001928COLR",
        "promotionId": "001928",
        "promotionType": "4",
        "isPersonalized": "N",
        "publicationStartDate": "13-03-2024",
        "publicationEndDate": "26-03-2024"
      }
    ],
    "gtin": [
      "15410126146254",
      "05410126806250"
    ],
    "topCategoryName": "Brood/Ontbijt",
    "topCategoryId": "124",
    "businessDomain": "RETAIL_BE",
    "IsPrivateLabel": false,
    "IsBiffe": false,
    "WeightconversionFactor": "0",
    "IsWeightArticle": false,
    "nutriscoreLabel": "E",
    "IsBio": false,
    "CountryOfOrigin": "BELGIË",
    "IsExclusivelySoldInLuxembourg": false,
    "OrderUnit": "P",
    "ShortName": "LOTU BISCO.SPECULOOS525",
    "IsNew": true,
    "RecentQuanityOfStockUnits": "1,14",
    "LongName": "LOTUS Biscoff speculoos 525g",
    "FicCode": "E"
  },
  {
    "productId": "309871",
    "technicalArticleNumber": "3758090",
    "commercialArticleNumber": "13928",
    "name": "carré frangipane",
    "brand": "BONI",
    "seoBrand": "Boni Selection",
    "thumbNail": "https://static.colruytgroup.com/images/200x200/std.lang.all/81/19/asset-2338119.jpg",
    "fullImage": "https://static.colruytgroup.com/images/500x500/std.lang.all/81/19/asset-2338119.jpg",
    "squareImage": "https://static.colruytgroup.com/images/500x500sq/std.lang.all/81/19/asset-2338119.jpg",
    "content": "2x100g",
    "walkRouteSequenceNumber": 6099,
    "price": {
      "basicPrice": 2.59,
      "recommendedQuantity": "1.0",
      "measurementUnitPrice": 12.95,
      "measurementUnit": "K",
      "isRedPrice": false,
      "pricePerUOM": 12.95,
      "activationDate": "31-01-2024",
      "recordSource": "Offline",
      "isPromoActive": "N",
      "priceChangeCode": "H"
    },
    "isAvailable": true,
    "isPriceAvailable": true,
    "inPromo": false,
    "gtin": [
      "15400141058564",
      "05400141244526",
      "05400141058567"
    ],
    "topCategoryName": "Brood/Ontbijt",
    "topCategoryId": "124",
    "businessDomain": "RETAIL_BE",
    "IsPrivateLabel": true,
    "IsBiffe": false,
    "WeightconversionFactor": "0",
    "IsWeightArticle": false,
    "nutriscoreLabel": "E",
    "IsBio": false,
    "CountryOfOrigin": "BELGIË",
    "IsExclusivelySoldInLuxembourg": false,
    "OrderUnit": "P",
    "ShortName": "BONI CARRE FRANG.2X100G",
    "IsNew": false,
    "EcoscoreLabel": "C",
    "RecentQuanityOfStockUnits": "1",
    "LongName": "BONI carré frangipane 2x100g",
    "AlcoholVolume": "0",
    "FicCode": "I",
    "EcoscoreValue": "44"
  },
  {
    "productId": "129589",
    "technicalArticleNumber": "3214136",
    "commercialArticleNumber": "26338",
    "name": "crackers met olijven",
    "description": "*Crackers,\nmet olijven",
    "brand": "BONI",
    "seoBrand": "Boni Selection",
    "thumbNail": "https://static.colruytgroup.com/images/200x200/std.lang.all/36/49/asset-2733649.jpg",
    "fullImage": "https://static.colruytgroup.com/images/500x500/std.lang.all/36/49/asset-2733649.jpg",
    "squareImage": "https://static.colruytgroup.com/images/500x500sq/std.lang.all/36/49/asset-2733649.jpg",
    "content": "150g",
    "walkRouteSequenceNumber": 4490,
    "price": {
      "basicPrice": 1.99,
      "recommendedQuantity": "1.0",
      "measurementUnitPrice": 13.27,
      "measurementUnit": "K",
      "isRedPrice": false,
      "pricePerUOM": 13.27,
      "activationDate": "17-11-2023",
      "isPromoActive": "N",
      "priceChangeCode": "E"
    },
    "isAvailable": true,
    "isPriceAvailable": true,
    "inPromo": false,
    "gtin": [
      "05400141264319",
      "05400141213461",
      "05400141192988",
      "05400141192070",
      "15400141388258",
      "05400141388251"
    ],
    "topCategoryName": "Brood/Ontbijt",
    "topCategoryId": "124",
    "businessDomain": "RETAIL_BE",
    "IsPrivateLabel": true,
    "IsBiffe": false,
    "WeightconversionFactor": "0",
    "IsWeightArticle": false,
    "nutriscoreLabel": "D",
    "IsBio": false,
    "CountryOfOrigin": "ITALIË",
    "IsExclusivelySoldInLuxembourg": false,
    "OrderUnit": "P",
    "ShortName": "BONI IT CRAC OLIJV 150G",
    "InSeason": true,
    "IsNew": false,
    "EcoscoreLabel": "B",
    "RecentQuanityOfStockUnits": "1,10",
    "LongName": "BONI crackers met olijven 150g",
    "AlcoholVolume": "0",
    "StartSeasonDate": "06/02/2018",
    "FicCode": "I",
    "EcoscoreValue": "72"
  },
  {
    "productId": "118540",
    "technicalArticleNumber": "3048361",
    "commercialArticleNumber": "4447",
    "name": "chocopasta puur",
    "description": "*15 % magere\ncacaopoeder",
    "brand": "BONI",
    "seoBrand": "Boni Selection",
    "thumbNail": "https://static.colruytgroup.com/images/200x200/std.lang.all/83/89/asset-3028389.jpg",
    "fullImage": "https://static.colruytgroup.com/images/500x500/std.lang.all/83/89/asset-3028389.jpg",
    "squareImage": "https://static.colruytgroup.com/images/500x500sq/std.lang.all/83/89/asset-3028389.jpg",
    "content": "600g",
    "walkRouteSequenceNumber": 17632,
    "price": {
      "basicPrice": 1.78,
      "recommendedQuantity": "1.0",
      "measurementUnitPrice": 2.97,
      "measurementUnit": "K",
      "isRedPrice": false,
      "pricePerUOM": 2.97,
      "activationDate": "08-01-2024",
      "recordSource": "Offline",
      "isPromoActive": "N",
      "priceChangeCode": "H"
    },
    "isAvailable": true,
    "isPriceAvailable": true,
    "inPromo": false,
    "gtin": [
      "15400141626510",
      "05400141626513",
      "05400141382853",
      "05400141322026",
      "05400141055696",
      "25400141322020",
      "15400141055693"
    ],
    "topCategoryName": "Brood/Ontbijt",
    "topCategoryId": "124",
    "businessDomain": "RETAIL_BE",
    "IsPrivateLabel": true,
    "IsBiffe": false,
    "WeightconversionFactor": "0",
    "IsWeightArticle": false,
    "nutriscoreLabel": "E",
    "IsBio": false,
    "CountryOfOrigin": "BELGIË",
    "IsExclusivelySoldInLuxembourg": false,
    "OrderUnit": "P",
    "ShortName": "BONI CHOCO PUUR 600G",
    "IsNew": false,
    "EcoscoreLabel": "B",
    "RecentQuanityOfStockUnits": "1,6",
    "LongName": "BONI chocopasta puur 600g",
    "AlcoholVolume": "0",
    "FicCode": "I",
    "EcoscoreValue": "62"
  },
  {
    "productId": "23424",
    "technicalArticleNumber": "1886058",
    "commercialArticleNumber": "15176",
    "name": "Cornflakes",
    "description": "*Maïsvlokken",
    "brand": "EVERYDAY",
    "seoBrand": "Everyday",
    "thumbNail": "https://static.colruytgroup.com/images/200x200/std.lang.all/45/38/asset-3334538.jpg",
    "fullImage": "https://static.colruytgroup.com/images/500x500/std.lang.all/45/38/asset-3334538.jpg",
    "squareImage": "https://static.colruytgroup.com/images/500x500sq/std.lang.all/45/38/asset-3334538.jpg",
    "content": "750g",
    "walkRouteSequenceNumber": 17502,
    "price": {
      "basicPrice": 1.33,
      "recommendedQuantity": "1.0",
      "measurementUnitPrice": 1.78,
      "measurementUnit": "K",
      "isRedPrice": false,
      "pricePerUOM": 1.78,
      "activationDate": "14-11-2023",
      "recordSource": "Offline",
      "isPromoActive": "N",
      "priceChangeCode": "E"
    },
    "isAvailable": true,
    "isPriceAvailable": true,
    "inPromo": false,
    "gtin": [
      "05400141075489",
      "15400141214991",
      "15400141367505",
      "05400141208900",
      "05400141367508",
      "05400141850567",
      "15400141850564"
    ],
    "topCategoryName": "Brood/Ontbijt",
    "topCategoryId": "124",
    "businessDomain": "RETAIL_BE",
    "IsPrivateLabel": true,
    "IsBiffe": false,
    "WeightconversionFactor": "0",
    "IsWeightArticle": false,
    "nutriscoreLabel": "C",
    "IsBio": false,
    "CountryOfOrigin": "BELGIË",
    "IsExclusivelySoldInLuxembourg": false,
    "OrderUnit": "P",
    "ShortName": "EVD CORNFLAKES 750G",
    "InSeason": true,
    "IsNew": false,
    "EcoscoreLabel": "D",
    "RecentQuanityOfStockUnits": "12,1",
    "LongName": "EVERYDAY Cornflakes 750g",
    "AlcoholVolume": "0",
    "StartSeasonDate": "31/07/2023",
    "FicCode": "I",
    "EcoscoreValue": "37"
  },
  {
    "productId": "44694",
    "technicalArticleNumber": "2508071",
    "commercialArticleNumber": "8306",
    "name": "speculoos 6 granen",
    "description": "*Individueel verpakt",
    "brand": "LOTUS",
    "seoBrand": "Lotus",
    "thumbNail": "https://static.colruytgroup.com/images/200x200/std.lang.all/50/29/asset-1715029.jpg",
    "fullImage": "https://static.colruytgroup.com/images/500x500/std.lang.all/50/29/asset-1715029.jpg",
    "squareImage": "https://static.colruytgroup.com/images/500x500sq/std.lang.all/50/29/asset-1715029.jpg",
    "content": "450g",
    "walkRouteSequenceNumber": 2135,
    "price": {
      "basicPrice": 4.01,
      "recommendedQuantity": "1.0",
      "measurementUnitPrice": 8.92,
      "measurementUnit": "K",
      "isRedPrice": false,
      "pricePerUOM": 8.92,
      "activationDate": "21-03-2024",
      "recordSource": "Folder",
      "isPromoActive": "N",
      "priceChangeCode": "H"
    },
    "isAvailable": true,
    "isPriceAvailable": true,
    "inPromo": true,
    "promotion": [
      {
        "techPromoId": "001928COLR",
        "promotionId": "001928",
        "promotionType": "4",
        "isPersonalized": "N",
        "publicationStartDate": "13-03-2024",
        "publicationEndDate": "26-03-2024"
      }
    ],
    "gtin": [
      "15410126126881",
      "05410126026887",
      "05400141083064",
      "05410126726886"
    ],
    "topCategoryName": "Brood/Ontbijt",
    "topCategoryId": "124",
    "businessDomain": "RETAIL_BE",
    "IsPrivateLabel": false,
    "IsBiffe": false,
    "WeightconversionFactor": "0",
    "IsWeightArticle": false,
    "nutriscoreLabel": "E",
    "IsBio": false,
    "CountryOfOrigin": "BELGIË",
    "IsExclusivelySoldInLuxembourg": false,
    "OrderUnit": "P",
    "ShortName": "LOTUS 6 GRA.18X2ST 450G",
    "IsNew": false,
    "RecentQuanityOfStockUnits": "1,10",
    "LongName": "LOTUS speculoos 6 granen 450g",
    "AlcoholVolume": "0",
    "FicCode": "E"
  },
  {
    "productId": "783911",
    "technicalArticleNumber": "4582935",
    "commercialArticleNumber": "8592",
    "name": "pitch chocovulling",
    "brand": "PASQUIER",
    "seoBrand": "Pasquier Pitch",
    "thumbNail": "https://static.colruytgroup.com/images/200x200/std.lang.all/54/29/asset-2795429.jpg",
    "fullImage": "https://static.colruytgroup.com/images/500x500/std.lang.all/54/29/asset-2795429.jpg",
    "squareImage": "https://static.colruytgroup.com/images/500x500sq/std.lang.all/54/29/asset-2795429.jpg",
    "content": "6st",
    "walkRouteSequenceNumber": 6572,
    "price": {
      "basicPrice": 2.49,
      "recommendedQuantity": "1.0",
      "measurementUnitPrice": 11.07,
      "measurementUnit": "K",
      "isRedPrice": false,
      "pricePerUOM": 11.07,
      "activationDate": "13-03-2024",
      "recordSource": "Offline",
      "isPromoActive": "N",
      "priceChangeCode": "E"
    },
    "isAvailable": true,
    "isPriceAvailable": true,
    "inPromo": false,
    "gtin": [
      "13256549994650",
      "03256549998378"
    ],
    "topCategoryName": "Brood/Ontbijt",
    "topCategoryId": "124",
    "businessDomain": "RETAIL_BE",
    "IsPrivateLabel": false,
    "IsBiffe": false,
    "WeightconversionFactor": "0",
    "IsWeightArticle": false,
    "nutriscoreLabel": "C",
    "IsBio": false,
    "CountryOfOrigin": "FRANKRIJK",
    "IsExclusivelySoldInLuxembourg": false,
    "OrderUnit": "P",
    "ShortName": "PASQ PITCH CHOCO 6ST",
    "IsNew": false,
    "EcoscoreLabel": "C",
    "RecentQuanityOfStockUnits": "1,8",
    "LongName": "PASQUIER pitch chocovulling 6st",
    "FicCode": "E",
    "EcoscoreValue": "44"
  },
  {
    "productId": "7154",
    "technicalArticleNumber": "1160202",
    "commercialArticleNumber": "21531",
    "name": "speculoos chocolade",
    "description": "*Individueel verpakt",
    "brand": "LOTUS",
    "seoBrand": "Lotus",
    "thumbNail": "https://static.colruytgroup.com/images/200x200/std.lang.all/53/86/asset-3365386.jpg",
    "fullImage": "https://static.colruytgroup.com/images/500x500/std.lang.all/53/86/asset-3365386.jpg",
    "squareImage": "https://static.colruytgroup.com/images/500x500sq/std.lang.all/53/86/asset-3365386.jpg",
    "content": "7x22g",
    "walkRouteSequenceNumber": 2130,
    "price": {
      "basicPrice": 1.99,
      "recommendedQuantity": "1.0",
      "measurementUnitPrice": 12.93,
      "measurementUnit": "K",
      "isRedPrice": false,
      "pricePerUOM": 12.93,
      "activationDate": "15-03-2024",
      "recordSource": "Offline",
      "isPromoActive": "N",
      "priceChangeCode": "E"
    },
    "isAvailable": true,
    "isPriceAvailable": true,
    "inPromo": true,
    "promotion": [
      {
        "techPromoId": "001928COLR",
        "promotionId": "001928",
        "promotionType": "4",
        "isPersonalized": "N",
        "publicationStartDate": "13-03-2024",
        "publicationEndDate": "26-03-2024"
      }
    ],
    "gtin": [
      "05410126006766",
      "15410126006763"
    ],
    "topCategoryName": "Brood/Ontbijt",
    "topCategoryId": "124",
    "businessDomain": "RETAIL_BE",
    "IsPrivateLabel": false,
    "IsBiffe": false,
    "WeightconversionFactor": "0",
    "IsWeightArticle": false,
    "nutriscoreLabel": "E",
    "IsBio": false,
    "CountryOfOrigin": "BELGIË",
    "IsExclusivelySoldInLuxembourg": false,
    "OrderUnit": "P",
    "ShortName": "LOTUS SPE.CHOCOL.7X3ST",
    "IsNew": false,
    "RecentQuanityOfStockUnits": "1,12",
    "LongName": "LOTUS speculoos chocolade 7x22g",
    "AlcoholVolume": "0",
    "FicCode": "E"
  },
  {
    "productId": "1092",
    "technicalArticleNumber": "16288",
    "commercialArticleNumber": "16288",
    "name": "confituur abrikozen 50%",
    "description": "*50 % vruchten",
    "brand": "EVERYDAY",
    "seoBrand": "Everyday",
    "thumbNail": "https://static.colruytgroup.com/images/200x200/std.lang.all/16/74/asset-3361674.jpg",
    "fullImage": "https://static.colruytgroup.com/images/500x500/std.lang.all/16/74/asset-3361674.jpg",
    "squareImage": "https://static.colruytgroup.com/images/500x500sq/std.lang.all/16/74/asset-3361674.jpg",
    "content": "450g",
    "walkRouteSequenceNumber": 17955,
    "price": {
      "basicPrice": 1.19,
      "recommendedQuantity": "1.0",
      "measurementUnitPrice": 2.65,
      "measurementUnit": "K",
      "isRedPrice": false,
      "pricePerUOM": 2.65,
      "activationDate": "10-02-2024",
      "recordSource": "Offline",
      "isPromoActive": "N",
      "priceChangeCode": "E"
    },
    "isAvailable": true,
    "isPriceAvailable": true,
    "inPromo": false,
    "gtin": [
      "05400141023114",
      "05400141043372",
      "15400141972907",
      "05400141866704"
    ],
    "topCategoryName": "Brood/Ontbijt",
    "topCategoryId": "124",
    "businessDomain": "RETAIL_BE",
    "IsPrivateLabel": true,
    "IsBiffe": false,
    "WeightconversionFactor": "0",
    "IsWeightArticle": false,
    "nutriscoreLabel": "D",
    "IsBio": false,
    "CountryOfOrigin": "FRANKRIJK",
    "IsExclusivelySoldInLuxembourg": false,
    "OrderUnit": "P",
    "ShortName": "EVD ABRIKONF 50 450GR",
    "IsNew": false,
    "EcoscoreLabel": "A",
    "RecentQuanityOfStockUnits": "1,12",
    "LongName": "EVERYDAY confituur abrikozen 50% 450g",
    "AlcoholVolume": "0",
    "FicCode": "I",
    "EcoscoreValue": "83"
  },
  {
    "productId": "783911",
    "technicalArticleNumber": "4582935",
    "commercialArticleNumber": "8592",
    "name": "pitch chocovulling",
    "brand": "PASQUIER",
    "seoBrand": "Pasquier Pitch",
    "thumbNail": "https://static.colruytgroup.com/images/200x200/std.lang.all/54/29/asset-2795429.jpg",
    "fullImage": "https://static.colruytgroup.com/images/500x500/std.lang.all/54/29/asset-2795429.jpg",
    "squareImage": "https://static.colruytgroup.com/images/500x500sq/std.lang.all/54/29/asset-2795429.jpg",
    "content": "6st",
    "walkRouteSequenceNumber": 6572,
    "price": {
      "basicPrice": 2.49,
      "recommendedQuantity": "1.0",
      "measurementUnitPrice": 11.07,
      "measurementUnit": "K",
      "isRedPrice": false,
      "pricePerUOM": 11.07,
      "activationDate": "13-03-2024",
      "recordSource": "Offline",
      "isPromoActive": "N",
      "priceChangeCode": "E"
    },
    "isAvailable": true,
    "isPriceAvailable": true,
    "inPromo": false,
    "gtin": [
      "13256549994650",
      "03256549998378"
    ],
    "topCategoryName": "Brood/Ontbijt",
    "topCategoryId": "124",
    "businessDomain": "RETAIL_BE",
    "IsPrivateLabel": false,
    "IsBiffe": false,
    "WeightconversionFactor": "0",
    "IsWeightArticle": false,
    "nutriscoreLabel": "C",
    "IsBio": false,
    "CountryOfOrigin": "FRANKRIJK",
    "IsExclusivelySoldInLuxembourg": false,
    "OrderUnit": "P",
    "ShortName": "PASQ PITCH CHOCO 6ST",
    "IsNew": false,
    "EcoscoreLabel": "C",
    "RecentQuanityOfStockUnits": "1,8",
    "LongName": "PASQUIER pitch chocovulling 6st",
    "FicCode": "E",
    "EcoscoreValue": "44"
  },
  {
    "productId": "10768",
    "technicalArticleNumber": "1397792",
    "commercialArticleNumber": "16035",
    "name": "chocopasta puur",
    "brand": "BOERINNEKE",
    "seoBrand": "Boerinneke",
    "thumbNail": "https://static.colruytgroup.com/images/200x200/std.lang.all/00/94/asset-2050094.jpg",
    "fullImage": "https://static.colruytgroup.com/images/500x500/std.lang.all/00/94/asset-2050094.jpg",
    "squareImage": "https://static.colruytgroup.com/images/500x500sq/std.lang.all/00/94/asset-2050094.jpg",
    "content": "400g",
    "walkRouteSequenceNumber": 17634,
    "price": {
      "basicPrice": 2.99,
      "recommendedQuantity": "1.0",
      "measurementUnitPrice": 7.48,
      "measurementUnit": "K",
      "isRedPrice": false,
      "pricePerUOM": 7.48,
      "activationDate": "29-02-2024",
      "recordSource": "Offline",
      "isPromoActive": "N",
      "priceChangeCode": "H"
    },
    "isAvailable": true,
    "isPriceAvailable": true,
    "inPromo": false,
    "gtin": [
      "05411146334242",
      "05411146189323"
    ],
    "topCategoryName": "Brood/Ontbijt",
    "topCategoryId": "124",
    "businessDomain": "RETAIL_BE",
    "IsPrivateLabel": false,
    "IsBiffe": false,
    "WeightconversionFactor": "0",
    "IsWeightArticle": false,
    "nutriscoreLabel": "E",
    "IsBio": false,
    "CountryOfOrigin": "BELGIË",
    "IsExclusivelySoldInLuxembourg": false,
    "OrderUnit": "P",
    "ShortName": "T BOERIN CHOCO PUUR400G",
    "IsNew": false,
    "EcoscoreLabel": "D",
    "RecentQuanityOfStockUnits": "1",
    "LongName": "BOERINNEKE chocopasta puur 400g",
    "AlcoholVolume": "0",
    "FicCode": "E",
    "EcoscoreValue": "32"
  },
  {
    "productId": "39039",
    "technicalArticleNumber": "1701082",
    "commercialArticleNumber": "32791",
    "name": "graankorf brood",
    "brand": "BOERKENS'",
    "seoBrand": "Boerkens'",
    "thumbNail": "https://static.colruytgroup.com/images/200x200/std.lang.all/28/30/asset-2032830.jpg",
    "fullImage": "https://static.colruytgroup.com/images/500x500/std.lang.all/28/30/asset-2032830.jpg",
    "squareImage": "https://static.colruytgroup.com/images/500x500sq/std.lang.all/28/30/asset-2032830.jpg",
    "content": "600g",
    "walkRouteSequenceNumber": 6578,
    "price": {
      "basicPrice": 3.99,
      "recommendedQuantity": "1.0",
      "measurementUnitPrice": 6.65,
      "measurementUnit": "K",
      "isRedPrice": false,
      "pricePerUOM": 6.65,
      "activationDate": "13-03-2024",
      "recordSource": "Offline",
      "isPromoActive": "N",
      "priceChangeCode": "E"
    },
    "isAvailable": true,
    "isPriceAvailable": true,
    "inPromo": false,
    "gtin": [
      "05410724600311",
      "05410724600823"
    ],
    "topCategoryName": "Brood/Ontbijt",
    "topCategoryId": "124",
    "businessDomain": "RETAIL_BE",
    "IsPrivateLabel": false,
    "IsBiffe": false,
    "WeightconversionFactor": "0",
    "IsWeightArticle": false,
    "nutriscoreLabel": "A",
    "IsBio": false,
    "CountryOfOrigin": "BELGIË",
    "IsExclusivelySoldInLuxembourg": false,
    "OrderUnit": "P",
    "ShortName": "BOER GRAANKORF 600G",
    "IsNew": false,
    "EcoscoreLabel": "A",
    "RecentQuanityOfStockUnits": "1",
    "LongName": "BOERKENS' graankorf brood 600g",
    "AlcoholVolume": "0",
    "FicCode": "E",
    "EcoscoreValue": "100"
  },
  {
    "productId": "38",
    "technicalArticleNumber": "15008",
    "commercialArticleNumber": "15008",
    "description": "*Maïsvlokken",
    "brand": "KELLOGG'S CORN FLAKES",
    "seoBrand": "Kellogg's Corn Flakes",
    "thumbNail": "https://static.colruytgroup.com/images/200x200/std.lang.all/79/33/asset-2417933.jpg",
    "fullImage": "https://static.colruytgroup.com/images/500x500/std.lang.all/79/33/asset-2417933.jpg",
    "squareImage": "https://static.colruytgroup.com/images/500x500sq/std.lang.all/79/33/asset-2417933.jpg",
    "content": "750g",
    "walkRouteSequenceNumber": 17528,
    "price": {
      "basicPrice": 4.38,
      "recommendedQuantity": "1.0",
      "measurementUnitPrice": 5.84,
      "measurementUnit": "K",
      "isRedPrice": false,
      "pricePerUOM": 5.84,
      "activationDate": "13-03-2024",
      "recordSource": "Offline",
      "isPromoActive": "N",
      "priceChangeCode": "H"
    },
    "isAvailable": true,
    "isPriceAvailable": true,
    "inPromo": false,
    "gtin": [
      "04003994112427",
      "05053827189439",
      "04003994603253"
    ],
    "topCategoryName": "Brood/Ontbijt",
    "topCategoryId": "124",
    "businessDomain": "RETAIL_BE",
    "IsPrivateLabel": false,
    "IsBiffe": false,
    "WeightconversionFactor": "0",
    "IsWeightArticle": false,
    "nutriscoreLabel": "B",
    "IsBio": false,
    "CountryOfOrigin": "EUROPA",
    "IsExclusivelySoldInLuxembourg": false,
    "OrderUnit": "P",
    "ShortName": "KELL CORNFLAKES 750 GR",
    "IsNew": false,
    "RecentQuanityOfStockUnits": "6,1",
    "LongName": "KELLOGG'S CORN FLAKES 750g",
    "AlcoholVolume": "0",
    "FicCode": "E"
  },
  {
    "productId": "49019",
    "technicalArticleNumber": "2487542",
    "commercialArticleNumber": "31214",
    "description": "*Gepofte\nrijstkorrels, omhuld\nmet cacao",
    "brand": "KELLOGG'S COCO POPS",
    "seoBrand": "Kellogg's Coco Pops",
    "thumbNail": "https://static.colruytgroup.com/images/200x200/std.lang.all/07/14/asset-2080714.jpg",
    "fullImage": "https://static.colruytgroup.com/images/500x500/std.lang.all/07/14/asset-2080714.jpg",
    "squareImage": "https://static.colruytgroup.com/images/500x500sq/std.lang.all/07/14/asset-2080714.jpg",
    "content": "600g",
    "walkRouteSequenceNumber": 17233,
    "price": {
      "basicPrice": 5.25,
      "recommendedQuantity": "1.0",
      "measurementUnitPrice": 8.75,
      "measurementUnit": "K",
      "isRedPrice": false,
      "pricePerUOM": 8.75,
      "activationDate": "19-03-2024",
      "recordSource": "Offline",
      "isPromoActive": "N",
      "priceChangeCode": "E"
    },
    "isAvailable": true,
    "isPriceAvailable": true,
    "inPromo": false,
    "gtin": [
      "05050083554315",
      "05053827183802",
      "05053827183819"
    ],
    "topCategoryName": "Brood/Ontbijt",
    "topCategoryId": "124",
    "businessDomain": "RETAIL_BE",
    "IsPrivateLabel": false,
    "IsBiffe": false,
    "WeightconversionFactor": "0",
    "IsWeightArticle": false,
    "nutriscoreLabel": "B",
    "IsBio": false,
    "CountryOfOrigin": "EUROPA",
    "IsExclusivelySoldInLuxembourg": false,
    "OrderUnit": "P",
    "ShortName": "KEL COCO POPS 600G",
    "InSeason": true,
    "IsNew": false,
    "RecentQuanityOfStockUnits": "1,16",
    "LongName": "KELLOGG'S COCO POPS 600g",
    "AlcoholVolume": "0",
    "StartSeasonDate": "29/01/2018",
    "FicCode": "E"
  },
  {
    "productId": "50602",
    "technicalArticleNumber": "2335284",
    "commercialArticleNumber": "19573",
    "name": "Choco Bubbles",
    "description": "*Graanknikkers met\nchocoladepoeder",
    "brand": "BONI",
    "seoBrand": "Boni Selection",
    "thumbNail": "https://static.colruytgroup.com/images/200x200/std.lang.all/63/08/asset-3306308.jpg",
    "fullImage": "https://static.colruytgroup.com/images/500x500/std.lang.all/63/08/asset-3306308.jpg",
    "squareImage": "https://static.colruytgroup.com/images/500x500sq/std.lang.all/63/08/asset-3306308.jpg",
    "content": "750g",
    "walkRouteSequenceNumber": 17158,
    "price": {
      "basicPrice": 2.78,
      "recommendedQuantity": "1.0",
      "measurementUnitPrice": 3.71,
      "measurementUnit": "K",
      "isRedPrice": false,
      "pricePerUOM": 3.71,
      "activationDate": "16-01-2024",
      "recordSource": "Offline",
      "isPromoActive": "N",
      "priceChangeCode": "H"
    },
    "isAvailable": true,
    "isPriceAvailable": true,
    "inPromo": false,
    "gtin": [
      "05400141279924",
      "05400141359039",
      "05400141424560",
      "05400141022698",
      "05400141038149",
      "15400141279921",
      "05400141195736",
      "15400141680451",
      "05400141680454",
      "05400141731910",
      "15400141731917"
    ],
    "topCategoryName": "Brood/Ontbijt",
    "topCategoryId": "124",
    "businessDomain": "RETAIL_BE",
    "IsPrivateLabel": true,
    "IsBiffe": false,
    "WeightconversionFactor": "0",
    "IsWeightArticle": false,
    "nutriscoreLabel": "D",
    "IsBio": false,
    "CountryOfOrigin": "BELGIË",
    "IsExclusivelySoldInLuxembourg": false,
    "OrderUnit": "P",
    "ShortName": "BONI CHOCO BUBBLES 750G",
    "IsNew": false,
    "EcoscoreLabel": "C",
    "RecentQuanityOfStockUnits": "1,1,8",
    "LongName": "BONI Choco Bubbles 750g",
    "AlcoholVolume": "0",
    "FicCode": "I",
    "EcoscoreValue": "49"
  },
  {
    "productId": "89026",
    "technicalArticleNumber": "3014821",
    "commercialArticleNumber": "42624",
    "name": "confituur frambozen 61%",
    "description": "*61 % vruchten",
    "brand": "BONI",
    "seoBrand": "Boni Selection",
    "thumbNail": "https://static.colruytgroup.com/images/200x200/std.lang.all/43/57/asset-1184357.jpg",
    "fullImage": "https://static.colruytgroup.com/images/500x500/std.lang.all/43/57/asset-1184357.jpg",
    "squareImage": "https://static.colruytgroup.com/images/500x500sq/std.lang.all/43/57/asset-1184357.jpg",
    "content": "370g",
    "walkRouteSequenceNumber": 17902,
    "price": {
      "basicPrice": 2.04,
      "recommendedQuantity": "1.0",
      "measurementUnitPrice": 5.52,
      "measurementUnit": "K",
      "isRedPrice": false,
      "pricePerUOM": 5.52,
      "activationDate": "20-03-2024",
      "recordSource": "Offline",
      "isPromoActive": "N",
      "priceChangeCode": "E"
    },
    "isAvailable": true,
    "isPriceAvailable": true,
    "inPromo": false,
    "gtin": [
      "05400141229226",
      "15400141229223"
    ],
    "topCategoryName": "Brood/Ontbijt",
    "topCategoryId": "124",
    "businessDomain": "RETAIL_BE",
    "IsPrivateLabel": true,
    "IsBiffe": false,
    "WeightconversionFactor": "0",
    "IsWeightArticle": false,
    "nutriscoreLabel": "D",
    "IsBio": false,
    "CountryOfOrigin": "FRANKRIJK",
    "IsExclusivelySoldInLuxembourg": false,
    "OrderUnit": "P",
    "ShortName": "BONI FRAMBOOS 61% 370G",
    "IsNew": false,
    "EcoscoreLabel": "B",
    "RecentQuanityOfStockUnits": "1,6",
    "LongName": "BONI confituur frambozen 61% 370g",
    "AlcoholVolume": "0",
    "FicCode": "I",
    "EcoscoreValue": "63"
  },
  {
    "productId": "787290",
    "technicalArticleNumber": "4589498",
    "commercialArticleNumber": "21736",
    "name": "melkchocolade",
    "brand": "KELLOGG'S TRÉSOR",
    "seoBrand": "Kellogg's Trésor",
    "thumbNail": "https://static.colruytgroup.com/images/200x200/std.lang.all/13/75/asset-2801375.jpg",
    "fullImage": "https://static.colruytgroup.com/images/500x500/std.lang.all/13/75/asset-2801375.jpg",
    "squareImage": "https://static.colruytgroup.com/images/500x500sq/std.lang.all/13/75/asset-2801375.jpg",
    "content": "410g",
    "walkRouteSequenceNumber": 17212,
    "price": {
      "basicPrice": 3.12,
      "recommendedQuantity": "1.0",
      "measurementUnitPrice": 7.61,
      "measurementUnit": "K",
      "isRedPrice": false,
      "pricePerUOM": 7.61,
      "activationDate": "23-03-2024",
      "recordSource": "Folder",
      "isPromoActive": "Y",
      "priceChangeCode": "E"
    },
    "isAvailable": true,
    "isPriceAvailable": true,
    "inPromo": true,
    "promotion": [
      {
        "techPromoId": "100902COLR",
        "promotionId": "100902",
        "promotionType": "3",
        "isPersonalized": "N",
        "publicationStartDate": "13-03-2024",
        "publicationEndDate": "26-03-2024"
      }
    ],
    "gtin": [
      "05053827199667",
      "05053827199674"
    ],
    "topCategoryName": "Brood/Ontbijt",
    "topCategoryId": "124",
    "businessDomain": "RETAIL_BE",
    "IsPrivateLabel": false,
    "IsBiffe": false,
    "WeightconversionFactor": "0",
    "IsWeightArticle": false,
    "nutriscoreLabel": "D",
    "IsBio": false,
    "CountryOfOrigin": "VERENIGD KONINKRIJK",
    "IsExclusivelySoldInLuxembourg": false,
    "OrderUnit": "P",
    "ShortName": "KELL TRES.MELKCHOC.410G",
    "IsNew": false,
    "RecentQuanityOfStockUnits": "1,20",
    "LongName": "KELLOGG'S TRÉSOR melkchocolade 410g",
    "FicCode": "E"
  },
  {
    "productId": "212161",
    "technicalArticleNumber": "3507545",
    "commercialArticleNumber": "50571",
    "name": "confituur rode vruchten 61%",
    "description": "*61% vruchten",
    "brand": "BONI",
    "seoBrand": "Boni Selection",
    "thumbNail": "https://static.colruytgroup.com/images/200x200/std.lang.all/00/65/asset-3210065.jpg",
    "fullImage": "https://static.colruytgroup.com/images/500x500/std.lang.all/00/65/asset-3210065.jpg",
    "squareImage": "https://static.colruytgroup.com/images/500x500sq/std.lang.all/00/65/asset-3210065.jpg",
    "content": "450g",
    "walkRouteSequenceNumber": 17899,
    "price": {
      "basicPrice": 2.29,
      "recommendedQuantity": "1.0",
      "measurementUnitPrice": 5.09,
      "measurementUnit": "K",
      "isRedPrice": false,
      "pricePerUOM": 5.09,
      "activationDate": "03-01-2024",
      "isPromoActive": "N",
      "priceChangeCode": "H"
    },
    "isAvailable": true,
    "isPriceAvailable": true,
    "inPromo": false,
    "gtin": [
      "15400141796480",
      "05400141404227",
      "05400141322583",
      "05400141796483",
      "15400141322580",
      "15400141838586"
    ],
    "topCategoryName": "Brood/Ontbijt",
    "topCategoryId": "124",
    "businessDomain": "RETAIL_BE",
    "IsPrivateLabel": true,
    "IsBiffe": false,
    "WeightconversionFactor": "0",
    "IsWeightArticle": false,
    "nutriscoreLabel": "D",
    "IsBio": false,
    "CountryOfOrigin": "FRANKRIJK",
    "IsExclusivelySoldInLuxembourg": false,
    "OrderUnit": "P",
    "ShortName": "BONI 4RO.VR.CON.61%450G",
    "InSeason": true,
    "IsNew": false,
    "EcoscoreLabel": "D",
    "RecentQuanityOfStockUnits": "1,6,1",
    "LongName": "BONI confituur rode vruchten 61% 450g",
    "AlcoholVolume": "0",
    "StartSeasonDate": "20/03/2023",
    "FicCode": "I",
    "EcoscoreValue": "38"
  },
  {
    "productId": "14145",
    "technicalArticleNumber": "1628853",
    "commercialArticleNumber": "16240",
    "name": "chocopasta puur",
    "brand": "KWATTA",
    "seoBrand": "Kwatta",
    "thumbNail": "https://static.colruytgroup.com/images/200x200/std.lang.all/94/70/asset-589470.jpg",
    "fullImage": "https://static.colruytgroup.com/images/500x500/std.lang.all/94/70/asset-589470.jpg",
    "squareImage": "https://static.colruytgroup.com/images/500x500sq/std.lang.all/94/70/asset-589470.jpg",
    "content": "600g",
    "walkRouteSequenceNumber": 17639,
    "price": {
      "basicPrice": 5.14,
      "recommendedQuantity": "1.0",
      "measurementUnitPrice": 8.57,
      "measurementUnit": "K",
      "isRedPrice": false,
      "pricePerUOM": 8.57,
      "activationDate": "01-03-2024",
      "recordSource": "Offline",
      "isPromoActive": "N",
      "priceChangeCode": "H"
    },
    "isAvailable": true,
    "isPriceAvailable": true,
    "inPromo": false,
    "gtin": [
      "05410018792333",
      "05410018797420",
      "05410018797451",
      "05410018792159",
      "05410018792166",
      "05410018792326"
    ],
    "topCategoryName": "Brood/Ontbijt",
    "topCategoryId": "124",
    "businessDomain": "RETAIL_BE",
    "IsPrivateLabel": false,
    "IsBiffe": false,
    "WeightconversionFactor": "0",
    "IsWeightArticle": false,
    "nutriscoreLabel": "E",
    "IsBio": false,
    "CountryOfOrigin": "EUROPA",
    "IsExclusivelySoldInLuxembourg": false,
    "OrderUnit": "P",
    "ShortName": "KWATTA CHOCO PUUR 600G",
    "IsNew": false,
    "EcoscoreLabel": "D",
    "RecentQuanityOfStockUnits": "1",
    "LongName": "KWATTA chocopasta puur 600g",
    "AlcoholVolume": "0",
    "FicCode": "E",
    "EcoscoreValue": "30"
  },
  {
    "productId": "146381",
    "technicalArticleNumber": "3330972",
    "commercialArticleNumber": "6947",
    "name": "minitoast 60 stuks",
    "description": "*Mini toast",
    "brand": "BONI",
    "seoBrand": "Boni Selection",
    "thumbNail": "https://static.colruytgroup.com/images/200x200/std.lang.all/70/27/asset-2837027.jpg",
    "fullImage": "https://static.colruytgroup.com/images/500x500/std.lang.all/70/27/asset-2837027.jpg",
    "squareImage": "https://static.colruytgroup.com/images/500x500sq/std.lang.all/70/27/asset-2837027.jpg",
    "content": "120g",
    "walkRouteSequenceNumber": 4491,
    "price": {
      "basicPrice": 0.99,
      "recommendedQuantity": "1.0",
      "measurementUnitPrice": 8.25,
      "measurementUnit": "K",
      "isRedPrice": false,
      "pricePerUOM": 8.25,
      "activationDate": "12-03-2024",
      "recordSource": "Offline",
      "isPromoActive": "N",
      "priceChangeCode": "L"
    },
    "isAvailable": true,
    "isPriceAvailable": true,
    "inPromo": false,
    "gtin": [
      "05400141324969",
      "05400141413564",
      "15400141324966",
      "15400141956549",
      "25400141413568",
      "05400141213423",
      "05400141213430",
      "05400141324952",
      "05400141700381",
      "15400141700388"
    ],
    "topCategoryName": "Brood/Ontbijt",
    "topCategoryId": "124",
    "businessDomain": "RETAIL_BE",
    "IsPrivateLabel": true,
    "IsBiffe": false,
    "WeightconversionFactor": "0",
    "IsWeightArticle": false,
    "nutriscoreLabel": "D",
    "IsBio": false,
    "CountryOfOrigin": "NEDERLAND",
    "IsExclusivelySoldInLuxembourg": false,
    "OrderUnit": "P",
    "ShortName": "BONI MINI TOAST 120G",
    "IsNew": false,
    "EcoscoreLabel": "B",
    "RecentQuanityOfStockUnits": "1,16,4",
    "LongName": "BONI minitoast 60 stuks 120g",
    "AlcoholVolume": "0",
    "FicCode": "I",
    "EcoscoreValue": "75"
  },
  {
    "productId": "15726",
    "technicalArticleNumber": "1583508",
    "commercialArticleNumber": "16208",
    "name": "gelei aardbei",
    "description": "*50 % vruchten",
    "brand": "MATERNE",
    "seoBrand": "Materne",
    "thumbNail": "https://static.colruytgroup.com/images/200x200/nl_be/25/34/asset-2732534.jpg",
    "fullImage": "https://static.colruytgroup.com/images/500x500/nl_be/25/34/asset-2732534.jpg",
    "squareImage": "https://static.colruytgroup.com/images/500x500sq/nl_be/25/34/asset-2732534.jpg",
    "content": "450g",
    "walkRouteSequenceNumber": 17918,
    "price": {
      "basicPrice": 3.59,
      "recommendedQuantity": "1.0",
      "measurementUnitPrice": 7.98,
      "measurementUnit": "K",
      "isRedPrice": false,
      "pricePerUOM": 7.98,
      "activationDate": "23-03-2024",
      "recordSource": "Offline",
      "isPromoActive": "N",
      "priceChangeCode": "H"
    },
    "isAvailable": true,
    "isPriceAvailable": true,
    "inPromo": false,
    "gtin": [
      "05410046008710",
      "05410046804442"
    ],
    "topCategoryName": "Brood/Ontbijt",
    "topCategoryId": "124",
    "businessDomain": "RETAIL_BE",
    "IsPrivateLabel": false,
    "IsBiffe": false,
    "WeightconversionFactor": "0",
    "IsWeightArticle": false,
    "nutriscoreLabel": "D",
    "IsBio": false,
    "CountryOfOrigin": "BELGIË",
    "IsExclusivelySoldInLuxembourg": false,
    "OrderUnit": "P",
    "ShortName": "MATER AARDBEI GELEI 450",
    "IsNew": false,
    "RecentQuanityOfStockUnits": "1,8",
    "LongName": "MATERNE gelei aardbei 450g",
    "AlcoholVolume": "0",
    "FicCode": "E"
  },
  {
    "productId": "858916",
    "technicalArticleNumber": "4709194",
    "commercialArticleNumber": "31745",
    "name": "pitta volkoren 5st",
    "description": "*Voorgebakken\nvolkoren\ntarwepitabroodjes",
    "brand": "BONI",
    "seoBrand": "Boni Selection",
    "thumbNail": "https://static.colruytgroup.com/images/200x200/std.lang.all/82/33/asset-3208233.jpg",
    "fullImage": "https://static.colruytgroup.com/images/500x500/std.lang.all/82/33/asset-3208233.jpg",
    "squareImage": "https://static.colruytgroup.com/images/500x500sq/std.lang.all/82/33/asset-3208233.jpg",
    "content": "400g",
    "walkRouteSequenceNumber": 18303,
    "price": {
      "basicPrice": 1.69,
      "recommendedQuantity": "1.0",
      "measurementUnitPrice": 4.23,
      "measurementUnit": "K",
      "isRedPrice": false,
      "pricePerUOM": 4.23,
      "activationDate": "07-07-2023",
      "recordSource": "Offline",
      "isPromoActive": "N",
      "priceChangeCode": "L"
    },
    "isAvailable": true,
    "isPriceAvailable": true,
    "inPromo": false,
    "gtin": [
      "05400141944921",
      "15400141944935"
    ],
    "topCategoryName": "Brood/Ontbijt",
    "topCategoryId": "124",
    "businessDomain": "RETAIL_BE",
    "IsPrivateLabel": true,
    "IsBiffe": false,
    "WeightconversionFactor": "0",
    "IsWeightArticle": false,
    "nutriscoreLabel": "A",
    "IsBio": false,
    "CountryOfOrigin": "NEDERLAND",
    "IsExclusivelySoldInLuxembourg": false,
    "OrderUnit": "P",
    "ShortName": "BONI PITTA VOLK 5S 400G",
    "IsNew": false,
    "EcoscoreLabel": "B",
    "RecentQuanityOfStockUnits": "1",
    "LongName": "BONI pitta volkoren 5st 400g",
    "AlcoholVolume": "0",
    "FicCode": "I",
    "EcoscoreValue": "75"
  },
  {
    "productId": "595636",
    "technicalArticleNumber": "4257269",
    "commercialArticleNumber": "22496",
    "name": "speculoos gev.melkchocolade",
    "brand": "LOTUS",
    "seoBrand": "Lotus",
    "thumbNail": "https://static.colruytgroup.com/images/200x200/std.lang.all/50/53/asset-3365053.jpg",
    "fullImage": "https://static.colruytgroup.com/images/500x500/std.lang.all/50/53/asset-3365053.jpg",
    "squareImage": "https://static.colruytgroup.com/images/500x500sq/std.lang.all/50/53/asset-3365053.jpg",
    "content": "15x10g",
    "walkRouteSequenceNumber": 2214,
    "price": {
      "basicPrice": 1.85,
      "recommendedQuantity": "1.0",
      "measurementUnitPrice": 12.34,
      "measurementUnit": "K",
      "isRedPrice": false,
      "pricePerUOM": 12.34,
      "activationDate": "15-03-2024",
      "recordSource": "Offline",
      "isPromoActive": "N",
      "priceChangeCode": "E"
    },
    "isAvailable": true,
    "isPriceAvailable": true,
    "inPromo": true,
    "promotion": [
      {
        "techPromoId": "001928COLR",
        "promotionId": "001928",
        "promotionType": "4",
        "isPersonalized": "N",
        "publicationStartDate": "13-03-2024",
        "publicationEndDate": "26-03-2024"
      }
    ],
    "gtin": [
      "05410126006353",
      "15410126006350"
    ],
    "topCategoryName": "Brood/Ontbijt",
    "topCategoryId": "124",
    "businessDomain": "RETAIL_BE",
    "IsPrivateLabel": false,
    "IsBiffe": false,
    "WeightconversionFactor": "0",
    "IsWeightArticle": false,
    "nutriscoreLabel": "E",
    "IsBio": false,
    "CountryOfOrigin": "BELGIË",
    "IsExclusivelySoldInLuxembourg": false,
    "OrderUnit": "P",
    "ShortName": "LOTU SPECUL.G.MELKCH150",
    "IsNew": false,
    "RecentQuanityOfStockUnits": "9,1",
    "LongName": "LOTUS speculoos gev.melkchocolade 15x10g",
    "FicCode": "E"
  },
  {
    "productId": "39",
    "technicalArticleNumber": "15013",
    "commercialArticleNumber": "15013",
    "name": "Variety Minipacks 8st",
    "description": "*Assortiment: Loops,\nFrosties, Coco Pops,\nHoney Pops, Chocos",
    "brand": "KELLOGG'S",
    "seoBrand": "Kellogg's",
    "thumbNail": "https://static.colruytgroup.com/images/200x200/std.lang.all/39/26/asset-1583926.jpg",
    "fullImage": "https://static.colruytgroup.com/images/500x500/std.lang.all/39/26/asset-1583926.jpg",
    "squareImage": "https://static.colruytgroup.com/images/500x500sq/std.lang.all/39/26/asset-1583926.jpg",
    "content": "220g",
    "walkRouteSequenceNumber": 17256,
    "price": {
      "basicPrice": 3.99,
      "recommendedQuantity": "1.0",
      "measurementUnitPrice": 18.14,
      "measurementUnit": "K",
      "isRedPrice": false,
      "pricePerUOM": 18.14,
      "activationDate": "29-02-2024",
      "recordSource": "Offline",
      "isPromoActive": "N",
      "priceChangeCode": "E"
    },
    "isAvailable": true,
    "isPriceAvailable": true,
    "inPromo": false,
    "gtin": [
      "03159470005347",
      "05013503533055",
      "05050083266553",
      "05013503534199"
    ],
    "topCategoryName": "Brood/Ontbijt",
    "topCategoryId": "124",
    "businessDomain": "RETAIL_BE",
    "IsPrivateLabel": false,
    "IsBiffe": false,
    "WeightconversionFactor": "0",
    "IsWeightArticle": false,
    "nutriscoreLabel": "D",
    "IsBio": false,
    "CountryOfOrigin": "EUROPA",
    "IsExclusivelySoldInLuxembourg": false,
    "OrderUnit": "P",
    "ShortName": "KELL MINIS VARI 8 PACK",
    "IsNew": false,
    "RecentQuanityOfStockUnits": "18,1",
    "LongName": "KELLOGG'S Variety Minipacks 8st 220g",
    "AlcoholVolume": "0",
    "FicCode": "E"
  },
  {
    "productId": "148920",
    "technicalArticleNumber": "3327343",
    "commercialArticleNumber": "7250",
    "name": "Frost Cribbs",
    "description": "*Gesuikerde maïs-\nvlokken",
    "brand": "BONI",
    "seoBrand": "Boni Selection",
    "thumbNail": "https://static.colruytgroup.com/images/200x200/std.lang.all/31/03/asset-2793103.jpg",
    "fullImage": "https://static.colruytgroup.com/images/500x500/std.lang.all/31/03/asset-2793103.jpg",
    "squareImage": "https://static.colruytgroup.com/images/500x500sq/std.lang.all/31/03/asset-2793103.jpg",
    "content": "750g",
    "walkRouteSequenceNumber": 17225,
    "price": {
      "basicPrice": 2.38,
      "recommendedQuantity": "1.0",
      "measurementUnitPrice": 3.18,
      "measurementUnit": "K",
      "isRedPrice": false,
      "pricePerUOM": 3.18,
      "activationDate": "08-03-2024",
      "recordSource": "Offline",
      "isPromoActive": "N",
      "priceChangeCode": "H"
    },
    "isAvailable": true,
    "isPriceAvailable": true,
    "inPromo": false,
    "gtin": [
      "05400141256666",
      "15400141358855",
      "15400141256663",
      "05400141358858",
      "05400141213409"
    ],
    "topCategoryName": "Brood/Ontbijt",
    "topCategoryId": "124",
    "businessDomain": "RETAIL_BE",
    "IsPrivateLabel": true,
    "IsBiffe": false,
    "WeightconversionFactor": "0",
    "IsWeightArticle": false,
    "nutriscoreLabel": "D",
    "IsBio": false,
    "CountryOfOrigin": "BELGIË",
    "IsExclusivelySoldInLuxembourg": false,
    "OrderUnit": "P",
    "ShortName": "BONI FROST CRIBBS 750G",
    "IsNew": false,
    "EcoscoreLabel": "D",
    "RecentQuanityOfStockUnits": "6,1",
    "LongName": "BONI Frost Cribbs 750g",
    "AlcoholVolume": "0",
    "FicCode": "I",
    "EcoscoreValue": "34"
  },
  {
    "productId": "701900",
    "technicalArticleNumber": "4435000",
    "commercialArticleNumber": "17266",
    "name": "mini amandelspeculoos",
    "brand": "CRUMBEL",
    "seoBrand": "Crumbel",
    "thumbNail": "https://static.colruytgroup.com/images/200x200/std.lang.all/54/88/asset-2525488.jpg",
    "fullImage": "https://static.colruytgroup.com/images/500x500/std.lang.all/54/88/asset-2525488.jpg",
    "squareImage": "https://static.colruytgroup.com/images/500x500sq/std.lang.all/54/88/asset-2525488.jpg",
    "content": "225g",
    "walkRouteSequenceNumber": 2040,
    "price": {
      "basicPrice": 3.49,
      "recommendedQuantity": "1.0",
      "measurementUnitPrice": 15.52,
      "measurementUnit": "K",
      "isRedPrice": false,
      "pricePerUOM": 15.52,
      "activationDate": "06-01-2024",
      "isPromoActive": "N",
      "priceChangeCode": "L"
    },
    "isAvailable": true,
    "isPriceAvailable": true,
    "inPromo": false,
    "gtin": [
      "05425026053031",
      "05425026053048"
    ],
    "topCategoryName": "Brood/Ontbijt",
    "topCategoryId": "124",
    "businessDomain": "RETAIL_BE",
    "IsPrivateLabel": false,
    "IsBiffe": false,
    "WeightconversionFactor": "0",
    "IsWeightArticle": false,
    "nutriscoreLabel": "E",
    "IsBio": false,
    "CountryOfOrigin": "BELGIË",
    "IsExclusivelySoldInLuxembourg": false,
    "OrderUnit": "P",
    "ShortName": "CRUM MINI AMANDELSP.225",
    "IsNew": false,
    "EcoscoreLabel": "B",
    "RecentQuanityOfStockUnits": "1",
    "LongName": "CRUMBEL mini amandelspeculoos 225g",
    "FicCode": "E",
    "EcoscoreValue": "69"
  },
  {
    "productId": "127669",
    "technicalArticleNumber": "3212515",
    "commercialArticleNumber": "20815",
    "name": "stokbrood meergr.voorgeb.",
    "description": "*10 minuten in oven",
    "brand": "BONI",
    "seoBrand": "Boni Selection",
    "thumbNail": "https://static.colruytgroup.com/images/200x200/std.lang.all/88/08/asset-3428808.jpg",
    "fullImage": "https://static.colruytgroup.com/images/500x500/std.lang.all/88/08/asset-3428808.jpg",
    "squareImage": "https://static.colruytgroup.com/images/500x500sq/std.lang.all/88/08/asset-3428808.jpg",
    "content": "250g",
    "walkRouteSequenceNumber": 9765,
    "price": {
      "basicPrice": 1.49,
      "recommendedQuantity": "1.0",
      "measurementUnitPrice": 5.96,
      "measurementUnit": "K",
      "isRedPrice": false,
      "pricePerUOM": 5.96,
      "activationDate": "17-02-2024",
      "recordSource": "Offline",
      "isPromoActive": "N",
      "priceChangeCode": "E"
    },
    "isAvailable": true,
    "isPriceAvailable": true,
    "inPromo": false,
    "gtin": [
      "05400141332360",
      "05400141218909",
      "35400141581646",
      "15400141332367",
      "15400141894001"
    ],
    "topCategoryName": "Brood/Ontbijt",
    "topCategoryId": "124",
    "businessDomain": "RETAIL_BE",
    "IsPrivateLabel": true,
    "IsBiffe": false,
    "WeightconversionFactor": "0",
    "IsWeightArticle": false,
    "nutriscoreLabel": "C",
    "IsBio": false,
    "CountryOfOrigin": "FRANKRIJK",
    "IsExclusivelySoldInLuxembourg": false,
    "OrderUnit": "P",
    "ShortName": "BONI MEERGR BAG 250GR",
    "IsNew": false,
    "EcoscoreLabel": "B",
    "RecentQuanityOfStockUnits": "1",
    "LongName": "BONI stokbrood meergr.voorgeb. 250g",
    "AlcoholVolume": "0",
    "FicCode": "I",
    "EcoscoreValue": "79"
  },
  {
    "productId": "11235",
    "technicalArticleNumber": "1406034",
    "commercialArticleNumber": "15183",
    "name": "Honey Cribbs",
    "description": "*Gepofte\ntarwekorrels met\nhoning",
    "brand": "BONI",
    "seoBrand": "Boni Selection",
    "thumbNail": "https://static.colruytgroup.com/images/200x200/std.lang.all/80/69/asset-3028069.jpg",
    "fullImage": "https://static.colruytgroup.com/images/500x500/std.lang.all/80/69/asset-3028069.jpg",
    "squareImage": "https://static.colruytgroup.com/images/500x500sq/std.lang.all/80/69/asset-3028069.jpg",
    "content": "750g",
    "walkRouteSequenceNumber": 17286,
    "price": {
      "basicPrice": 2.19,
      "recommendedQuantity": "1.0",
      "measurementUnitPrice": 2.92,
      "measurementUnit": "K",
      "isRedPrice": false,
      "pricePerUOM": 2.92,
      "activationDate": "19-03-2024",
      "recordSource": "Offline",
      "isPromoActive": "N",
      "priceChangeCode": "H"
    },
    "isAvailable": true,
    "isPriceAvailable": true,
    "inPromo": false,
    "gtin": [
      "15400141910961",
      "05400141910964",
      "05400141151831",
      "05400141151848",
      "15400141956730",
      "05400141279610",
      "05400141398762",
      "15400141398769",
      "05400141168990",
      "15400141279617"
    ],
    "topCategoryName": "Brood/Ontbijt",
    "topCategoryId": "124",
    "businessDomain": "RETAIL_BE",
    "IsPrivateLabel": true,
    "IsBiffe": false,
    "WeightconversionFactor": "0",
    "IsWeightArticle": false,
    "nutriscoreLabel": "C",
    "IsBio": false,
    "CountryOfOrigin": "DUITSLAND",
    "IsExclusivelySoldInLuxembourg": false,
    "OrderUnit": "P",
    "ShortName": "BONI HONEY CRIBBS 750G",
    "IsNew": false,
    "EcoscoreLabel": "D",
    "RecentQuanityOfStockUnits": "1,6",
    "LongName": "BONI Honey Cribbs 750g",
    "AlcoholVolume": "0",
    "FicCode": "I",
    "EcoscoreValue": "38"
  },
  {
    "productId": "12609",
    "technicalArticleNumber": "1336876",
    "commercialArticleNumber": "16282",
    "name": "confituur aardbei",
    "description": "*50 % vruchten",
    "brand": "MATERNE",
    "seoBrand": "Materne",
    "thumbNail": "https://static.colruytgroup.com/images/200x200/nl_be/20/11/asset-702011.jpg",
    "fullImage": "https://static.colruytgroup.com/images/500x500/nl_be/20/11/asset-702011.jpg",
    "squareImage": "https://static.colruytgroup.com/images/500x500sq/nl_be/20/11/asset-702011.jpg",
    "content": "720g",
    "walkRouteSequenceNumber": 17914,
    "price": {
      "basicPrice": 3.98,
      "recommendedQuantity": "1.0",
      "measurementUnitPrice": 5.53,
      "measurementUnit": "K",
      "isRedPrice": false,
      "pricePerUOM": 5.53,
      "activationDate": "17-02-2024",
      "recordSource": "Offline",
      "isPromoActive": "N",
      "priceChangeCode": "E"
    },
    "isAvailable": true,
    "isPriceAvailable": true,
    "inPromo": false,
    "gtin": [
      "05410046001278",
      "05410046805074"
    ],
    "topCategoryName": "Brood/Ontbijt",
    "topCategoryId": "124",
    "businessDomain": "RETAIL_BE",
    "IsPrivateLabel": false,
    "IsBiffe": false,
    "WeightconversionFactor": "0",
    "IsWeightArticle": false,
    "nutriscoreLabel": "D",
    "IsBio": false,
    "CountryOfOrigin": "BELGIË",
    "IsExclusivelySoldInLuxembourg": false,
    "OrderUnit": "P",
    "ShortName": "MATERNE AARDBEIEN 720G",
    "IsNew": false,
    "RecentQuanityOfStockUnits": "1,8",
    "LongName": "MATERNE confituur aardbei 720g",
    "AlcoholVolume": "0",
    "FicCode": "E"
  },
  {
    "productId": "921337",
    "technicalArticleNumber": "4763663",
    "commercialArticleNumber": "22532",
    "name": "Grissinet.| Torinesi",
    "brand": "DELI DI PAOLO",
    "seoBrand": "DELI DI PAOLO",
    "thumbNail": "https://static.colruytgroup.com/images/200x200/std.lang.all/42/12/asset-3354212.jpg",
    "fullImage": "https://static.colruytgroup.com/images/500x500/std.lang.all/42/12/asset-3354212.jpg",
    "squareImage": "https://static.colruytgroup.com/images/500x500sq/std.lang.all/42/12/asset-3354212.jpg",
    "content": "150g",
    "walkRouteSequenceNumber": 4588,
    "price": {
      "basicPrice": 1.99,
      "recommendedQuantity": "1.0",
      "measurementUnitPrice": 13.27,
      "measurementUnit": "K",
      "isRedPrice": false,
      "pricePerUOM": 13.27,
      "activationDate": "07-10-2023",
      "isPromoActive": "N",
      "priceChangeCode": "E"
    },
    "isAvailable": true,
    "isPriceAvailable": true,
    "inPromo": false,
    "gtin": [
      "08718247444526",
      "08718247444519"
    ],
    "topCategoryName": "Brood/Ontbijt",
    "topCategoryId": "124",
    "businessDomain": "RETAIL_BE",
    "IsPrivateLabel": false,
    "IsBiffe": false,
    "WeightconversionFactor": "0",
    "IsWeightArticle": false,
    "IsBio": false,
    "CountryOfOrigin": "ITALIË",
    "IsExclusivelySoldInLuxembourg": false,
    "OrderUnit": "P",
    "ShortName": "DELI GRISSINE.TORIN.150",
    "IsNew": false,
    "RecentQuanityOfStockUnits": "1",
    "LongName": "DELI DI PAOLO Grissinet.| Torinesi 150g",
    "AlcoholVolume": "0",
    "FicCode": "E"
  },
  {
    "productId": "30828",
    "technicalArticleNumber": "1661938",
    "commercialArticleNumber": "19740",
    "name": "zachte speculoos",
    "brand": "BONI",
    "seoBrand": "Boni Selection",
    "thumbNail": "https://static.colruytgroup.com/images/200x200/std.lang.all/30/57/asset-2763057.jpg",
    "fullImage": "https://static.colruytgroup.com/images/500x500/std.lang.all/30/57/asset-2763057.jpg",
    "squareImage": "https://static.colruytgroup.com/images/500x500sq/std.lang.all/30/57/asset-2763057.jpg",
    "content": "350g",
    "walkRouteSequenceNumber": 2128,
    "price": {
      "basicPrice": 2.99,
      "recommendedQuantity": "1.0",
      "measurementUnitPrice": 8.55,
      "measurementUnit": "K",
      "isRedPrice": false,
      "pricePerUOM": 8.55,
      "activationDate": "15-02-2024",
      "isPromoActive": "N",
      "priceChangeCode": "H"
    },
    "isAvailable": true,
    "isPriceAvailable": true,
    "inPromo": false,
    "gtin": [
      "15400141019749",
      "05400141192186",
      "05400141401639",
      "15400141401636",
      "15400141915553",
      "05400141052046",
      "05400141128475"
    ],
    "topCategoryName": "Brood/Ontbijt",
    "topCategoryId": "124",
    "businessDomain": "RETAIL_BE",
    "IsPrivateLabel": true,
    "IsBiffe": false,
    "WeightconversionFactor": "0",
    "IsWeightArticle": false,
    "nutriscoreLabel": "E",
    "IsBio": false,
    "CountryOfOrigin": "BELGIË",
    "IsExclusivelySoldInLuxembourg": false,
    "OrderUnit": "P",
    "ShortName": "BONI ZACHT SPEC 350G",
    "IsNew": false,
    "EcoscoreLabel": "B",
    "RecentQuanityOfStockUnits": "1,12",
    "LongName": "BONI zachte speculoos 350g",
    "AlcoholVolume": "0",
    "FicCode": "I",
    "EcoscoreValue": "70"
  },
  {
    "productId": "31626",
    "technicalArticleNumber": "1856087",
    "commercialArticleNumber": "16156",
    "name": "acaciahoning vloeibaar",
    "description": "*Vloeibaar",
    "brand": "BONI",
    "seoBrand": "Boni Selection",
    "thumbNail": "https://static.colruytgroup.com/images/200x200/std.lang.all/57/66/asset-3245766.jpg",
    "fullImage": "https://static.colruytgroup.com/images/500x500/std.lang.all/57/66/asset-3245766.jpg",
    "squareImage": "https://static.colruytgroup.com/images/500x500sq/std.lang.all/57/66/asset-3245766.jpg",
    "content": "350g",
    "walkRouteSequenceNumber": 17997,
    "price": {
      "basicPrice": 3.59,
      "recommendedQuantity": "1.0",
      "measurementUnitPrice": 10.26,
      "measurementUnit": "K",
      "isRedPrice": false,
      "pricePerUOM": 10.26,
      "activationDate": "28-11-2023",
      "recordSource": "Offline",
      "isPromoActive": "N",
      "priceChangeCode": "E"
    },
    "isAvailable": true,
    "isPriceAvailable": true,
    "inPromo": false,
    "gtin": [
      "05400141251326",
      "05400141333725",
      "15400141333722",
      "15400141938156",
      "05400141437492",
      "15400141437499"
    ],
    "topCategoryName": "Brood/Ontbijt",
    "topCategoryId": "124",
    "businessDomain": "RETAIL_BE",
    "IsPrivateLabel": true,
    "IsBiffe": false,
    "WeightconversionFactor": "0",
    "IsWeightArticle": false,
    "nutriscoreLabel": "D",
    "IsBio": false,
    "CountryOfOrigin": "BELGIË",
    "IsExclusivelySoldInLuxembourg": false,
    "OrderUnit": "P",
    "ShortName": "BONI ACACIAHONING VL350",
    "InSeason": true,
    "IsNew": false,
    "EcoscoreLabel": "B",
    "RecentQuanityOfStockUnits": "1,1,12",
    "LongName": "BONI acaciahoning vloeibaar 350g",
    "AlcoholVolume": "0",
    "StartSeasonDate": "03/02/2022",
    "FicCode": "I",
    "EcoscoreValue": "77"
  },
  {
    "productId": "486995",
    "technicalArticleNumber": "4045809",
    "commercialArticleNumber": "6316",
    "name": "grissini sesam",
    "brand": "BONI",
    "seoBrand": "Boni Selection",
    "thumbNail": "https://static.colruytgroup.com/images/200x200/std.lang.all/13/17/asset-3351317.jpg",
    "fullImage": "https://static.colruytgroup.com/images/500x500/std.lang.all/13/17/asset-3351317.jpg",
    "squareImage": "https://static.colruytgroup.com/images/500x500sq/std.lang.all/13/17/asset-3351317.jpg",
    "content": "125g",
    "walkRouteSequenceNumber": 4577,
    "price": {
      "basicPrice": 1.09,
      "recommendedQuantity": "1.0",
      "measurementUnitPrice": 8.72,
      "measurementUnit": "K",
      "isRedPrice": false,
      "pricePerUOM": 8.72,
      "activationDate": "16-03-2024",
      "recordSource": "Offline",
      "isPromoActive": "N",
      "priceChangeCode": "L"
    },
    "isAvailable": true,
    "isPriceAvailable": true,
    "inPromo": false,
    "gtin": [
      "15400141363941",
      "05400141256727",
      "05400141363944",
      "15400141256724",
      "15400141696704",
      "05400141696707"
    ],
    "topCategoryName": "Brood/Ontbijt",
    "topCategoryId": "124",
    "businessDomain": "RETAIL_BE",
    "IsPrivateLabel": true,
    "IsBiffe": false,
    "WeightconversionFactor": "0",
    "IsWeightArticle": false,
    "nutriscoreLabel": "D",
    "IsBio": false,
    "CountryOfOrigin": "ITALIË",
    "IsExclusivelySoldInLuxembourg": false,
    "OrderUnit": "P",
    "ShortName": "BONI GRISSINI SESAM125G",
    "IsNew": false,
    "EcoscoreLabel": "A",
    "RecentQuanityOfStockUnits": "1,12",
    "LongName": "BONI grissini sesam 125g",
    "FicCode": "I",
    "EcoscoreValue": "87"
  },
  {
    "productId": "546296",
    "technicalArticleNumber": "4173607",
    "commercialArticleNumber": "10282",
    "name": "maïswafel hazelnootpasta",
    "brand": "BONI",
    "seoBrand": "Boni Selection",
    "thumbNail": "https://static.colruytgroup.com/images/200x200/std.lang.all/77/86/asset-2417786.jpg",
    "fullImage": "https://static.colruytgroup.com/images/500x500/std.lang.all/77/86/asset-2417786.jpg",
    "squareImage": "https://static.colruytgroup.com/images/500x500sq/std.lang.all/77/86/asset-2417786.jpg",
    "content": "6x22g",
    "walkRouteSequenceNumber": 17127,
    "price": {
      "basicPrice": 2.89,
      "recommendedQuantity": "1.0",
      "measurementUnitPrice": 21.9,
      "measurementUnit": "K",
      "isRedPrice": false,
      "pricePerUOM": 21.9,
      "activationDate": "17-11-2023",
      "isPromoActive": "N",
      "priceChangeCode": "H"
    },
    "isAvailable": true,
    "isPriceAvailable": true,
    "inPromo": false,
    "gtin": [
      "05400141419795",
      "15400141419792",
      "05400141323580",
      "15400141323587"
    ],
    "topCategoryName": "Brood/Ontbijt",
    "topCategoryId": "124",
    "businessDomain": "RETAIL_BE",
    "IsPrivateLabel": true,
    "IsBiffe": false,
    "WeightconversionFactor": "0",
    "IsWeightArticle": false,
    "nutriscoreLabel": "D",
    "IsBio": false,
    "CountryOfOrigin": "BELGIË",
    "IsExclusivelySoldInLuxembourg": false,
    "OrderUnit": "P",
    "ShortName": "BONI MAISWAF.HAZEL6X22G",
    "IsNew": false,
    "EcoscoreLabel": "C",
    "RecentQuanityOfStockUnits": "1",
    "LongName": "BONI maïswafel hazelnootpasta 6x22g",
    "FicCode": "I",
    "EcoscoreValue": "53"
  },
  {
    "productId": "212149",
    "technicalArticleNumber": "3507530",
    "commercialArticleNumber": "50570",
    "name": "confituur abrikozen 61%",
    "description": "*61% vruchten",
    "brand": "BONI",
    "seoBrand": "Boni Selection",
    "thumbNail": "https://static.colruytgroup.com/images/200x200/std.lang.all/95/95/asset-1119595.jpg",
    "fullImage": "https://static.colruytgroup.com/images/500x500/std.lang.all/95/95/asset-1119595.jpg",
    "squareImage": "https://static.colruytgroup.com/images/500x500sq/std.lang.all/95/95/asset-1119595.jpg",
    "content": "450g",
    "walkRouteSequenceNumber": 17900,
    "price": {
      "basicPrice": 3.62,
      "recommendedQuantity": "1.0",
      "measurementUnitPrice": 8.05,
      "measurementUnit": "K",
      "isRedPrice": false,
      "pricePerUOM": 8.05,
      "activationDate": "13-02-2024",
      "isPromoActive": "N",
      "priceChangeCode": "H"
    },
    "isAvailable": true,
    "isPriceAvailable": true,
    "inPromo": false,
    "gtin": [
      "05400141404210",
      "15400141322498",
      "15400141838579",
      "05400141322491"
    ],
    "topCategoryName": "Brood/Ontbijt",
    "topCategoryId": "124",
    "businessDomain": "RETAIL_BE",
    "IsPrivateLabel": true,
    "IsBiffe": false,
    "WeightconversionFactor": "0",
    "IsWeightArticle": false,
    "nutriscoreLabel": "D",
    "IsBio": false,
    "CountryOfOrigin": "FRANKRIJK",
    "IsExclusivelySoldInLuxembourg": false,
    "OrderUnit": "P",
    "ShortName": "BONI ABRIK.CONF.61%450G",
    "IsNew": false,
    "EcoscoreLabel": "A",
    "RecentQuanityOfStockUnits": "1,6",
    "LongName": "BONI confituur abrikozen 61% 450g",
    "AlcoholVolume": "0",
    "FicCode": "I",
    "EcoscoreValue": "95"
  },
  {
    "productId": "613709",
    "technicalArticleNumber": "4288267",
    "commercialArticleNumber": "23258",
    "name": "100% mie volkoren",
    "brand": "HARRYS",
    "seoBrand": "Harrys",
    "thumbNail": "https://static.colruytgroup.com/images/200x200/std.lang.all/48/61/asset-3424861.jpg",
    "fullImage": "https://static.colruytgroup.com/images/500x500/std.lang.all/48/61/asset-3424861.jpg",
    "squareImage": "https://static.colruytgroup.com/images/500x500sq/std.lang.all/48/61/asset-3424861.jpg",
    "content": "500g",
    "walkRouteSequenceNumber": 9741,
    "price": {
      "basicPrice": 3.99,
      "recommendedQuantity": "1.0",
      "measurementUnitPrice": 7.98,
      "measurementUnit": "K",
      "isRedPrice": false,
      "pricePerUOM": 7.98,
      "activationDate": "31-01-2024",
      "recordSource": "Offline",
      "isPromoActive": "N",
      "priceChangeCode": "L"
    },
    "isAvailable": true,
    "isPriceAvailable": true,
    "inPromo": false,
    "gtin": [
      "03228857000166",
      "53228857000161"
    ],
    "topCategoryName": "Brood/Ontbijt",
    "topCategoryId": "124",
    "businessDomain": "RETAIL_BE",
    "IsPrivateLabel": false,
    "IsBiffe": false,
    "WeightconversionFactor": "0",
    "IsWeightArticle": false,
    "nutriscoreLabel": "A",
    "IsBio": false,
    "CountryOfOrigin": "FRANKRIJK",
    "IsExclusivelySoldInLuxembourg": false,
    "OrderUnit": "P",
    "ShortName": "HARR MIE VOLKOREN 500G",
    "InSeason": true,
    "IsNew": false,
    "EcoscoreLabel": "B",
    "RecentQuanityOfStockUnits": "1",
    "LongName": "HARRYS 100% mie volkoren 500g",
    "StartSeasonDate": "06/11/2020",
    "FicCode": "E",
    "EcoscoreValue": "70"
  },
  {
    "productId": "856408",
    "technicalArticleNumber": "4705903",
    "commercialArticleNumber": "31422",
    "name": "mueslireep aardbei yoghurt",
    "brand": "BONI",
    "seoBrand": "Boni Selection",
    "thumbNail": "https://static.colruytgroup.com/images/200x200/std.lang.all/59/98/asset-3325998.jpg",
    "fullImage": "https://static.colruytgroup.com/images/500x500/std.lang.all/59/98/asset-3325998.jpg",
    "squareImage": "https://static.colruytgroup.com/images/500x500sq/std.lang.all/59/98/asset-3325998.jpg",
    "content": "138g",
    "walkRouteSequenceNumber": 2165,
    "price": {
      "basicPrice": 1.99,
      "recommendedQuantity": "1.0",
      "measurementUnitPrice": 14.43,
      "measurementUnit": "K",
      "isRedPrice": false,
      "pricePerUOM": 14.43,
      "activationDate": "17-01-2024",
      "isPromoActive": "N",
      "priceChangeCode": "E"
    },
    "isAvailable": true,
    "isPriceAvailable": true,
    "inPromo": false,
    "gtin": [
      "15400141893158",
      "05400141893151"
    ],
    "topCategoryName": "Brood/Ontbijt",
    "topCategoryId": "124",
    "businessDomain": "RETAIL_BE",
    "IsPrivateLabel": true,
    "IsBiffe": false,
    "WeightconversionFactor": "0",
    "IsWeightArticle": false,
    "IsBio": false,
    "CountryOfOrigin": "NEDERLAND",
    "IsExclusivelySoldInLuxembourg": false,
    "OrderUnit": "P",
    "ShortName": "BONI REEP AARDB-YOGH138",
    "IsNew": false,
    "RecentQuanityOfStockUnits": "1",
    "LongName": "BONI mueslireep aardbei yoghurt 138g",
    "FicCode": "I"
  },
  {
    "productId": "613703",
    "technicalArticleNumber": "4288259",
    "commercialArticleNumber": "23257",
    "name": "confituur woudvruchten",
    "brand": "EFFI",
    "seoBrand": "Effi",
    "thumbNail": "https://static.colruytgroup.com/images/200x200/std.lang.all/58/77/asset-2205877.jpg",
    "fullImage": "https://static.colruytgroup.com/images/500x500/std.lang.all/58/77/asset-2205877.jpg",
    "squareImage": "https://static.colruytgroup.com/images/500x500sq/std.lang.all/58/77/asset-2205877.jpg",
    "content": "350g",
    "walkRouteSequenceNumber": 17958,
    "price": {
      "basicPrice": 2.59,
      "recommendedQuantity": "1.0",
      "measurementUnitPrice": 7.4,
      "measurementUnit": "K",
      "isRedPrice": false,
      "pricePerUOM": 7.4,
      "activationDate": "29-02-2024",
      "recordSource": "Offline",
      "isPromoActive": "N",
      "priceChangeCode": "H"
    },
    "isAvailable": true,
    "isPriceAvailable": true,
    "inPromo": false,
    "gtin": [
      "08719200174061",
      "08719200174078"
    ],
    "topCategoryName": "Brood/Ontbijt",
    "topCategoryId": "124",
    "businessDomain": "RETAIL_BE",
    "IsPrivateLabel": false,
    "IsBiffe": false,
    "WeightconversionFactor": "0",
    "IsWeightArticle": false,
    "nutriscoreLabel": "C",
    "IsBio": false,
    "CountryOfOrigin": "NEDERLAND",
    "IsExclusivelySoldInLuxembourg": false,
    "OrderUnit": "P",
    "ShortName": "EFFI VR.BER.WOUDV350G",
    "IsNew": false,
    "EcoscoreLabel": "C",
    "RecentQuanityOfStockUnits": "1",
    "LongName": "EFFI confituur woudvruchten 350g",
    "FicCode": "E",
    "EcoscoreValue": "50"
  },
  {
    "productId": "538258",
    "technicalArticleNumber": "4135021",
    "commercialArticleNumber": "9533",
    "name": "Rustieke speltbroodjes 4st",
    "description": "*Voorgebakken\n*Bereid met\nzuurdesem",
    "brand": "BONI",
    "seoBrand": "Boni Selection",
    "thumbNail": "https://static.colruytgroup.com/images/200x200/std.lang.all/08/88/asset-2000888.jpg",
    "fullImage": "https://static.colruytgroup.com/images/500x500/std.lang.all/08/88/asset-2000888.jpg",
    "squareImage": "https://static.colruytgroup.com/images/500x500sq/std.lang.all/08/88/asset-2000888.jpg",
    "content": "300g",
    "walkRouteSequenceNumber": 9763,
    "price": {
      "basicPrice": 2.49,
      "recommendedQuantity": "1.0",
      "measurementUnitPrice": 8.3,
      "measurementUnit": "K",
      "isRedPrice": false,
      "pricePerUOM": 8.3,
      "activationDate": "17-11-2023",
      "isPromoActive": "N",
      "priceChangeCode": "E"
    },
    "isAvailable": true,
    "isPriceAvailable": true,
    "inPromo": false,
    "gtin": [
      "15400141305484",
      "05400141305487"
    ],
    "topCategoryName": "Brood/Ontbijt",
    "topCategoryId": "124",
    "businessDomain": "RETAIL_BE",
    "IsPrivateLabel": true,
    "IsBiffe": false,
    "WeightconversionFactor": "0",
    "IsWeightArticle": false,
    "nutriscoreLabel": "B",
    "IsBio": false,
    "CountryOfOrigin": "NEDERLAND",
    "IsExclusivelySoldInLuxembourg": false,
    "OrderUnit": "P",
    "ShortName": "BONI RUSTIEK SPELTB300G",
    "IsNew": false,
    "EcoscoreLabel": "B",
    "RecentQuanityOfStockUnits": "1",
    "LongName": "BONI Rustieke speltbroodjes 4st 300g",
    "FicCode": "I",
    "EcoscoreValue": "77"
  },
  {
    "productId": "1526",
    "technicalArticleNumber": "21526",
    "commercialArticleNumber": "21526",
    "name": "speculoos geel",
    "brand": "VERMEIREN",
    "seoBrand": "Vermeiren",
    "thumbNail": "https://static.colruytgroup.com/images/200x200/std.lang.all/89/01/asset-658901.jpg",
    "fullImage": "https://static.colruytgroup.com/images/500x500/std.lang.all/89/01/asset-658901.jpg",
    "squareImage": "https://static.colruytgroup.com/images/500x500sq/std.lang.all/89/01/asset-658901.jpg",
    "content": "2x162,5g",
    "walkRouteSequenceNumber": 2132,
    "price": {
      "basicPrice": 2.21,
      "recommendedQuantity": "1.0",
      "measurementUnitPrice": 6.8,
      "measurementUnit": "K",
      "isRedPrice": false,
      "pricePerUOM": 6.8,
      "activationDate": "14-11-2023",
      "recordSource": "Offline",
      "isPromoActive": "N",
      "priceChangeCode": "E"
    },
    "isAvailable": true,
    "isPriceAvailable": true,
    "inPromo": false,
    "gtin": [
      "05411128412111",
      "05411128611118",
      "05411128611125"
    ],
    "topCategoryName": "Brood/Ontbijt",
    "topCategoryId": "124",
    "businessDomain": "RETAIL_BE",
    "IsPrivateLabel": false,
    "IsBiffe": false,
    "WeightconversionFactor": "0",
    "IsWeightArticle": false,
    "nutriscoreLabel": "E",
    "IsBio": false,
    "CountryOfOrigin": "BELGIË",
    "IsExclusivelySoldInLuxembourg": false,
    "OrderUnit": "P",
    "ShortName": "VERMEIR SPEC GEEL 325 G",
    "IsNew": false,
    "EcoscoreLabel": "C",
    "RecentQuanityOfStockUnits": "1",
    "LongName": "VERMEIREN speculoos geel 2x162,5g",
    "AlcoholVolume": "0",
    "FicCode": "E",
    "EcoscoreValue": "56"
  },
  {
    "productId": "1093",
    "technicalArticleNumber": "16296",
    "commercialArticleNumber": "16296",
    "name": "confituur vruchten 50%",
    "description": "*50 % vruchten",
    "brand": "EVERYDAY",
    "seoBrand": "Everyday",
    "thumbNail": "https://static.colruytgroup.com/images/200x200/std.lang.all/85/21/asset-2828521.jpg",
    "fullImage": "https://static.colruytgroup.com/images/500x500/std.lang.all/85/21/asset-2828521.jpg",
    "squareImage": "https://static.colruytgroup.com/images/500x500sq/std.lang.all/85/21/asset-2828521.jpg",
    "content": "450g",
    "walkRouteSequenceNumber": 17957,
    "price": {
      "basicPrice": 1.19,
      "recommendedQuantity": "1.0",
      "measurementUnitPrice": 2.65,
      "measurementUnit": "K",
      "isRedPrice": false,
      "pricePerUOM": 2.65,
      "activationDate": "17-02-2024",
      "recordSource": "Offline",
      "isPromoActive": "N",
      "priceChangeCode": "E"
    },
    "isAvailable": true,
    "isPriceAvailable": true,
    "inPromo": false,
    "gtin": [
      "05400141866681",
      "05400141023107",
      "05400141043389",
      "05400141162967",
      "15400141972914"
    ],
    "topCategoryName": "Brood/Ontbijt",
    "topCategoryId": "124",
    "businessDomain": "RETAIL_BE",
    "IsPrivateLabel": true,
    "IsBiffe": false,
    "WeightconversionFactor": "0",
    "IsWeightArticle": false,
    "nutriscoreLabel": "D",
    "IsBio": false,
    "CountryOfOrigin": "FRANKRIJK",
    "IsExclusivelySoldInLuxembourg": false,
    "OrderUnit": "P",
    "ShortName": "EVD 4VRUCHT CONF50 450G",
    "IsNew": false,
    "EcoscoreLabel": "D",
    "RecentQuanityOfStockUnits": "1,12",
    "LongName": "EVERYDAY confituur vruchten 50% 450g",
    "AlcoholVolume": "0",
    "FicCode": "I",
    "EcoscoreValue": "25"
  },
  {
    "productId": "591853",
    "technicalArticleNumber": "4250779",
    "commercialArticleNumber": "15354",
    "name": "hazelnootpasta z.palmolie UTZ",
    "description": "*7,4% cacao\n*Met zonnebloemolie\nen kokosolie",
    "brand": "BONI",
    "seoBrand": "Boni Selection",
    "thumbNail": "https://static.colruytgroup.com/images/200x200/std.lang.all/83/99/asset-3028399.jpg",
    "fullImage": "https://static.colruytgroup.com/images/500x500/std.lang.all/83/99/asset-3028399.jpg",
    "squareImage": "https://static.colruytgroup.com/images/500x500sq/std.lang.all/83/99/asset-3028399.jpg",
    "content": "400g",
    "walkRouteSequenceNumber": 17629,
    "price": {
      "basicPrice": 2.55,
      "recommendedQuantity": "1.0",
      "measurementUnitPrice": 6.38,
      "measurementUnit": "K",
      "isRedPrice": false,
      "pricePerUOM": 6.38,
      "activationDate": "08-01-2024",
      "recordSource": "Offline",
      "isPromoActive": "N",
      "priceChangeCode": "E"
    },
    "isAvailable": true,
    "isPriceAvailable": true,
    "inPromo": false,
    "gtin": [
      "15400141758389",
      "05400141758382",
      "05400141381863",
      "15400141381860"
    ],
    "topCategoryName": "Brood/Ontbijt",
    "topCategoryId": "124",
    "businessDomain": "RETAIL_BE",
    "IsPrivateLabel": true,
    "IsBiffe": false,
    "WeightconversionFactor": "0",
    "IsWeightArticle": false,
    "nutriscoreLabel": "E",
    "IsBio": false,
    "CountryOfOrigin": "DUITSLAND",
    "IsExclusivelySoldInLuxembourg": false,
    "OrderUnit": "P",
    "ShortName": "BONI HAZ.P.Z.PAL.UTZ400",
    "IsNew": false,
    "EcoscoreLabel": "B",
    "RecentQuanityOfStockUnits": "1",
    "LongName": "BONI hazelnootpasta z.palmolie UTZ 400g",
    "FicCode": "I",
    "EcoscoreValue": "61"
  },
  {
    "productId": "41317",
    "technicalArticleNumber": "2488327",
    "commercialArticleNumber": "39330",
    "name": "chocolade hazelnoot",
    "description": "*Ontbijtgranen\ngevuld met chocolade\nen hazelnoot",
    "brand": "KELLOGG'S TRÉSOR",
    "seoBrand": "Kellogg's Trésor",
    "thumbNail": "https://static.colruytgroup.com/images/200x200/std.lang.all/41/25/asset-2144125.jpg",
    "fullImage": "https://static.colruytgroup.com/images/500x500/std.lang.all/41/25/asset-2144125.jpg",
    "squareImage": "https://static.colruytgroup.com/images/500x500sq/std.lang.all/41/25/asset-2144125.jpg",
    "content": "1kg",
    "walkRouteSequenceNumber": 17182,
    "price": {
      "basicPrice": 9.92,
      "recommendedQuantity": "1.0",
      "measurementUnitPrice": 9.92,
      "measurementUnit": "K",
      "isRedPrice": false,
      "pricePerUOM": 9.92,
      "activationDate": "13-03-2024",
      "recordSource": "Folder",
      "isPromoActive": "N",
      "priceChangeCode": "L"
    },
    "isAvailable": true,
    "isPriceAvailable": true,
    "inPromo": true,
    "promotion": [
      {
        "techPromoId": "100902COLR",
        "promotionId": "100902",
        "promotionType": "3",
        "isPersonalized": "N",
        "publicationStartDate": "13-03-2024",
        "publicationEndDate": "26-03-2024"
      }
    ],
    "gtin": [
      "05050083535079",
      "05050083535093",
      "05050083544972"
    ],
    "topCategoryName": "Brood/Ontbijt",
    "topCategoryId": "124",
    "businessDomain": "RETAIL_BE",
    "IsPrivateLabel": false,
    "IsBiffe": false,
    "WeightconversionFactor": "0",
    "IsWeightArticle": false,
    "nutriscoreLabel": "D",
    "IsBio": false,
    "CountryOfOrigin": "EUROPA",
    "IsExclusivelySoldInLuxembourg": false,
    "OrderUnit": "P",
    "ShortName": "KELL TRES CH-HAZ 1KG",
    "IsNew": false,
    "RecentQuanityOfStockUnits": "1,12",
    "LongName": "KELLOGG'S TRÉSOR chocolade hazelnoot 1kg",
    "AlcoholVolume": "0",
    "FicCode": "E"
  },
  {
    "productId": "17792",
    "technicalArticleNumber": "1724876",
    "commercialArticleNumber": "33295",
    "name": "brood.meergr.voorgeb.6st",
    "description": "*4-6 minuten in de\noven",
    "brand": "BONI BIO",
    "seoBrand": "Boni Selection Bio",
    "thumbNail": "https://static.colruytgroup.com/images/200x200/std.lang.all/21/14/asset-2202114.jpg",
    "fullImage": "https://static.colruytgroup.com/images/500x500/std.lang.all/21/14/asset-2202114.jpg",
    "squareImage": "https://static.colruytgroup.com/images/500x500sq/std.lang.all/21/14/asset-2202114.jpg",
    "content": "300g",
    "walkRouteSequenceNumber": 9761,
    "price": {
      "basicPrice": 3.19,
      "recommendedQuantity": "1.0",
      "measurementUnitPrice": 10.64,
      "measurementUnit": "K",
      "isRedPrice": false,
      "pricePerUOM": 10.64,
      "activationDate": "05-02-2024",
      "isPromoActive": "N",
      "priceChangeCode": "H"
    },
    "isAvailable": true,
    "isPriceAvailable": true,
    "inPromo": false,
    "gtin": [
      "15400141385691",
      "05400141385694",
      "05400141262391",
      "05400141233445",
      "05400141032956",
      "15400141233442"
    ],
    "topCategoryName": "Brood/Ontbijt",
    "topCategoryId": "124",
    "businessDomain": "RETAIL_BE",
    "IsPrivateLabel": true,
    "IsBiffe": false,
    "WeightconversionFactor": "0",
    "IsWeightArticle": false,
    "nutriscoreLabel": "B",
    "IsBio": true,
    "CountryOfOrigin": "NEDERLAND",
    "IsExclusivelySoldInLuxembourg": false,
    "OrderUnit": "P",
    "ShortName": "BS BIO MEERGRANEN 6X50G",
    "IsNew": false,
    "EcoscoreLabel": "A",
    "RecentQuanityOfStockUnits": "1,6",
    "LongName": "BONI BIO brood.meergr.voorgeb.6st 300g",
    "AlcoholVolume": "0",
    "FicCode": "I",
    "EcoscoreValue": "100"
  },
  {
    "productId": "857514",
    "technicalArticleNumber": "4707541",
    "commercialArticleNumber": "31540",
    "name": "Pure chocolade",
    "description": "*Met 13% pure chocolade",
    "brand": "SPECIAL K",
    "seoBrand": "Kellogg's Special K",
    "thumbNail": "https://static.colruytgroup.com/images/200x200/std.lang.all/07/82/asset-3210782.jpg",
    "fullImage": "https://static.colruytgroup.com/images/500x500/std.lang.all/07/82/asset-3210782.jpg",
    "squareImage": "https://static.colruytgroup.com/images/500x500sq/std.lang.all/07/82/asset-3210782.jpg",
    "content": "500g",
    "walkRouteSequenceNumber": 17493,
    "price": {
      "basicPrice": 4.16,
      "recommendedQuantity": "1.0",
      "measurementUnitPrice": 8.32,
      "measurementUnit": "K",
      "isRedPrice": false,
      "pricePerUOM": 8.32,
      "activationDate": "23-03-2024",
      "recordSource": "Folder",
      "isPromoActive": "N",
      "priceChangeCode": "E"
    },
    "isAvailable": true,
    "isPriceAvailable": true,
    "inPromo": false,
    "gtin": [
      "05059319025711",
      "05059319027487",
      "05059319027746"
    ],
    "topCategoryName": "Brood/Ontbijt",
    "topCategoryId": "124",
    "businessDomain": "RETAIL_BE",
    "IsPrivateLabel": false,
    "IsBiffe": false,
    "WeightconversionFactor": "0",
    "IsWeightArticle": false,
    "nutriscoreLabel": "C",
    "IsBio": false,
    "CountryOfOrigin": "VERENIGD KONINKRIJK",
    "IsExclusivelySoldInLuxembourg": false,
    "OrderUnit": "P",
    "ShortName": "KELL SPEC.K PURE CHO500",
    "IsNew": false,
    "RecentQuanityOfStockUnits": "2,1",
    "LongName": "SPECIAL K Pure chocolade 500g",
    "AlcoholVolume": "0",
    "FicCode": "E"
  },
  {
    "productId": "13467",
    "technicalArticleNumber": "1615897",
    "commercialArticleNumber": "16210",
    "name": "siroop peer-appel-dadel",
    "description": "*Bereid met 400g\nvruchten per 100g\nstroop",
    "brand": "EVERYDAY",
    "seoBrand": "Everyday",
    "thumbNail": "https://static.colruytgroup.com/images/200x200/nl_be/21/13/asset-532113.jpg",
    "fullImage": "https://static.colruytgroup.com/images/500x500/nl_be/21/13/asset-532113.jpg",
    "squareImage": "https://static.colruytgroup.com/images/500x500sq/nl_be/21/13/asset-532113.jpg",
    "content": "450g",
    "walkRouteSequenceNumber": 17979,
    "price": {
      "basicPrice": 1.49,
      "recommendedQuantity": "1.0",
      "measurementUnitPrice": 3.32,
      "measurementUnit": "K",
      "isRedPrice": false,
      "pricePerUOM": 3.32,
      "activationDate": "17-02-2024",
      "recordSource": "Offline",
      "isPromoActive": "N",
      "priceChangeCode": "E"
    },
    "isAvailable": true,
    "isPriceAvailable": true,
    "inPromo": false,
    "gtin": [
      "05400141043433",
      "15400141972983",
      "05400141162103"
    ],
    "topCategoryName": "Brood/Ontbijt",
    "topCategoryId": "124",
    "businessDomain": "RETAIL_BE",
    "IsPrivateLabel": true,
    "IsBiffe": false,
    "WeightconversionFactor": "0",
    "IsWeightArticle": false,
    "nutriscoreLabel": "D",
    "IsBio": false,
    "CountryOfOrigin": "NEDERLAND",
    "IsExclusivelySoldInLuxembourg": false,
    "OrderUnit": "P",
    "ShortName": "EVD APP/PER/DADEL 450",
    "IsNew": false,
    "RecentQuanityOfStockUnits": "1,12",
    "LongName": "EVERYDAY siroop peer-appel-dadel 450g",
    "AlcoholVolume": "0",
    "FicCode": "I"
  },
  {
    "productId": "643003",
    "technicalArticleNumber": "4337575",
    "commercialArticleNumber": "23175",
    "name": "Cracotte vezels",
    "brand": "LU",
    "seoBrand": "LU",
    "thumbNail": "https://static.colruytgroup.com/images/200x200/std.lang.all/65/63/asset-2256563.jpg",
    "fullImage": "https://static.colruytgroup.com/images/500x500/std.lang.all/65/63/asset-2256563.jpg",
    "squareImage": "https://static.colruytgroup.com/images/500x500sq/std.lang.all/65/63/asset-2256563.jpg",
    "content": "250g",
    "walkRouteSequenceNumber": 17049,
    "price": {
      "basicPrice": 2.99,
      "recommendedQuantity": "1.0",
      "measurementUnitPrice": 11.96,
      "measurementUnit": "K",
      "isRedPrice": false,
      "pricePerUOM": 11.96,
      "activationDate": "11-07-2023",
      "isPromoActive": "N",
      "priceChangeCode": "H"
    },
    "isAvailable": true,
    "isPriceAvailable": true,
    "inPromo": false,
    "gtin": [
      "07622201806293",
      "07622201806309",
      "15400141571483",
      "07622300694678",
      "07622300694708"
    ],
    "topCategoryName": "Brood/Ontbijt",
    "topCategoryId": "124",
    "businessDomain": "RETAIL_BE",
    "IsPrivateLabel": false,
    "IsBiffe": false,
    "WeightconversionFactor": "0",
    "IsWeightArticle": false,
    "nutriscoreLabel": "C",
    "IsBio": false,
    "CountryOfOrigin": "FRANKRIJK",
    "IsExclusivelySoldInLuxembourg": false,
    "OrderUnit": "P",
    "ShortName": "LU CRACOTTEN VEZELS250",
    "IsNew": false,
    "RecentQuanityOfStockUnits": "1,2,12",
    "LongName": "LU Cracotte vezels 250g",
    "FicCode": "E"
  },
  {
    "productId": "346876",
    "technicalArticleNumber": "3741102",
    "commercialArticleNumber": "15245",
    "name": "protein pind&choc.GV",
    "description": "*Rijk aan vezels\n*Eiwitrijk\n*Glutenvrij",
    "brand": "NATURE VALLEY",
    "seoBrand": "Nature Valley",
    "thumbNail": "https://static.colruytgroup.com/images/200x200/std.lang.all/79/88/asset-1527988.jpg",
    "fullImage": "https://static.colruytgroup.com/images/500x500/std.lang.all/79/88/asset-1527988.jpg",
    "squareImage": "https://static.colruytgroup.com/images/500x500sq/std.lang.all/79/88/asset-1527988.jpg",
    "content": "160g",
    "walkRouteSequenceNumber": 2202,
    "price": {
      "basicPrice": 3.99,
      "recommendedQuantity": "1.0",
      "measurementUnitPrice": 24.94,
      "measurementUnit": "K",
      "isRedPrice": false,
      "pricePerUOM": 24.94,
      "activationDate": "15-11-2023",
      "recordSource": "Offline",
      "isPromoActive": "N",
      "priceChangeCode": "E"
    },
    "isAvailable": true,
    "isPriceAvailable": true,
    "inPromo": false,
    "gtin": [
      "08410076710819",
      "08410076610539"
    ],
    "topCategoryName": "Brood/Ontbijt",
    "topCategoryId": "124",
    "businessDomain": "RETAIL_BE",
    "IsPrivateLabel": false,
    "IsBiffe": false,
    "WeightconversionFactor": "0",
    "IsWeightArticle": false,
    "nutriscoreLabel": "D",
    "IsBio": false,
    "CountryOfOrigin": "SPANJE",
    "IsExclusivelySoldInLuxembourg": false,
    "OrderUnit": "P",
    "ShortName": "NAVA PROT.PI&CH GV 160G",
    "IsNew": false,
    "EcoscoreLabel": "C",
    "RecentQuanityOfStockUnits": "1,8",
    "LongName": "NATURE VALLEY protein pind&choc.GV 160g",
    "AlcoholVolume": "0",
    "FicCode": "E",
    "EcoscoreValue": "48"
  },
  {
    "productId": "154705",
    "technicalArticleNumber": "3289546",
    "commercialArticleNumber": "5654",
    "name": "hamburger brood reuze natuur",
    "description": "*4 reuze\nhamburgerbroodjes\nmet sesamzaadjes",
    "brand": "JACQUET",
    "seoBrand": "Jacquet",
    "thumbNail": "https://static.colruytgroup.com/images/200x200/std.lang.all/37/64/asset-3213764.jpg",
    "fullImage": "https://static.colruytgroup.com/images/500x500/std.lang.all/37/64/asset-3213764.jpg",
    "squareImage": "https://static.colruytgroup.com/images/500x500sq/std.lang.all/37/64/asset-3213764.jpg",
    "content": "4st",
    "walkRouteSequenceNumber": 9754,
    "price": {
      "basicPrice": 3.69,
      "recommendedQuantity": "1.0",
      "measurementUnitPrice": 11.19,
      "measurementUnit": "K",
      "isRedPrice": false,
      "pricePerUOM": 11.19,
      "activationDate": "27-12-2023",
      "recordSource": "Offline",
      "isPromoActive": "N",
      "priceChangeCode": "H"
    },
    "isAvailable": true,
    "isPriceAvailable": true,
    "inPromo": false,
    "gtin": [
      "03029330201335",
      "03029330001331"
    ],
    "topCategoryName": "Brood/Ontbijt",
    "topCategoryId": "124",
    "businessDomain": "RETAIL_BE",
    "IsPrivateLabel": false,
    "IsBiffe": false,
    "WeightconversionFactor": "0",
    "IsWeightArticle": false,
    "nutriscoreLabel": "B",
    "IsBio": false,
    "CountryOfOrigin": "BELGIË",
    "IsExclusivelySoldInLuxembourg": false,
    "OrderUnit": "P",
    "ShortName": "JAC GEANT HAMB.4ST 330G",
    "InSeason": true,
    "IsNew": false,
    "EcoscoreLabel": "B",
    "RecentQuanityOfStockUnits": "1",
    "LongName": "JACQUET hamburger brood reuze natuur 4st",
    "AlcoholVolume": "0",
    "StartSeasonDate": "12/01/2024",
    "FicCode": "E",
    "EcoscoreValue": "68"
  },
  {
    "productId": "41427",
    "technicalArticleNumber": "2488449",
    "commercialArticleNumber": "24896",
    "name": "tacos Gorditas 8st",
    "description": "*8 zachte taco's",
    "brand": "POCO LOCO",
    "seoBrand": "Poco Loco",
    "thumbNail": "https://static.colruytgroup.com/images/200x200/std.lang.all/42/34/asset-574234.jpg",
    "fullImage": "https://static.colruytgroup.com/images/500x500/std.lang.all/42/34/asset-574234.jpg",
    "squareImage": "https://static.colruytgroup.com/images/500x500sq/std.lang.all/42/34/asset-574234.jpg",
    "content": "272g",
    "walkRouteSequenceNumber": 8585,
    "price": {
      "basicPrice": 1.99,
      "recommendedQuantity": "1.0",
      "measurementUnitPrice": 7.32,
      "measurementUnit": "K",
      "isRedPrice": false,
      "pricePerUOM": 7.32,
      "activationDate": "14-11-2023",
      "isPromoActive": "N",
      "priceChangeCode": "E"
    },
    "isAvailable": true,
    "isPriceAvailable": true,
    "inPromo": false,
    "gtin": [
      "15412514931886",
      "05412514931889"
    ],
    "topCategoryName": "Brood/Ontbijt",
    "topCategoryId": "124",
    "businessDomain": "RETAIL_BE",
    "IsPrivateLabel": false,
    "IsBiffe": false,
    "WeightconversionFactor": "0",
    "IsWeightArticle": false,
    "nutriscoreLabel": "C",
    "IsBio": false,
    "CountryOfOrigin": "BELGIË",
    "IsExclusivelySoldInLuxembourg": false,
    "OrderUnit": "P",
    "ShortName": "POCO LO GORDITASST 272G",
    "IsNew": false,
    "EcoscoreLabel": "B",
    "RecentQuanityOfStockUnits": "1,10",
    "LongName": "POCO LOCO tacos Gorditas 8st 272g",
    "AlcoholVolume": "0",
    "FicCode": "E",
    "EcoscoreValue": "73"
  },
  {
    "productId": "854559",
    "technicalArticleNumber": "4703585",
    "commercialArticleNumber": "31262",
    "name": "melkchocolade",
    "description": "*Met 14% melkchocolade",
    "brand": "KELLOGG'S EXTRA",
    "seoBrand": "Kellogg's Extra",
    "thumbNail": "https://static.colruytgroup.com/images/200x200/std.lang.all/10/85/asset-3211085.jpg",
    "fullImage": "https://static.colruytgroup.com/images/500x500/std.lang.all/10/85/asset-3211085.jpg",
    "squareImage": "https://static.colruytgroup.com/images/500x500sq/std.lang.all/10/85/asset-3211085.jpg",
    "content": "375g",
    "walkRouteSequenceNumber": 17515,
    "price": {
      "basicPrice": 3.99,
      "recommendedQuantity": "1.0",
      "measurementUnitPrice": 10.64,
      "measurementUnit": "K",
      "isRedPrice": false,
      "pricePerUOM": 10.64,
      "activationDate": "20-03-2024",
      "recordSource": "Offline",
      "isPromoActive": "N",
      "priceChangeCode": "H"
    },
    "isAvailable": true,
    "isPriceAvailable": true,
    "inPromo": false,
    "gtin": [
      "85400141472079",
      "05059319022499",
      "05059319022505"
    ],
    "topCategoryName": "Brood/Ontbijt",
    "topCategoryId": "124",
    "businessDomain": "RETAIL_BE",
    "IsPrivateLabel": false,
    "IsBiffe": false,
    "WeightconversionFactor": "0",
    "IsWeightArticle": false,
    "nutriscoreLabel": "D",
    "IsBio": false,
    "CountryOfOrigin": "EUROPA",
    "IsExclusivelySoldInLuxembourg": false,
    "OrderUnit": "P",
    "ShortName": "KELL EXTRA MELK CHOC375",
    "IsNew": false,
    "RecentQuanityOfStockUnits": "2,1",
    "LongName": "KELLOGG'S EXTRA melkchocolade 375g",
    "AlcoholVolume": "0",
    "FicCode": "E"
  },
  {
    "productId": "167",
    "technicalArticleNumber": "15411",
    "commercialArticleNumber": "15411",
    "name": "toast Krokant rond",
    "description": "*Toast, rond\nmet paneermeellaag",
    "brand": "HAUST",
    "seoBrand": "Haust",
    "thumbNail": "https://static.colruytgroup.com/images/200x200/std.lang.all/13/06/asset-3421306.jpg",
    "fullImage": "https://static.colruytgroup.com/images/500x500/std.lang.all/13/06/asset-3421306.jpg",
    "squareImage": "https://static.colruytgroup.com/images/500x500sq/std.lang.all/13/06/asset-3421306.jpg",
    "content": "100g",
    "walkRouteSequenceNumber": 4500,
    "price": {
      "basicPrice": 1.29,
      "recommendedQuantity": "1.0",
      "measurementUnitPrice": 12.9,
      "measurementUnit": "K",
      "isRedPrice": false,
      "pricePerUOM": 12.9,
      "activationDate": "30-01-2024",
      "recordSource": "Offline",
      "isPromoActive": "N",
      "priceChangeCode": "H"
    },
    "isAvailable": true,
    "isPriceAvailable": true,
    "inPromo": false,
    "gtin": [
      "08710445018240",
      "08710445018271",
      "08710445018288",
      "00000025154122",
      "05400141154115",
      "08710445018233",
      "08710445024135",
      "08710445024265"
    ],
    "topCategoryName": "Brood/Ontbijt",
    "topCategoryId": "124",
    "businessDomain": "RETAIL_BE",
    "IsPrivateLabel": false,
    "IsBiffe": false,
    "WeightconversionFactor": "0",
    "IsWeightArticle": false,
    "nutriscoreLabel": "E",
    "IsBio": false,
    "CountryOfOrigin": "NEDERLAND",
    "IsExclusivelySoldInLuxembourg": false,
    "OrderUnit": "P",
    "ShortName": "HAUST KROKANT TOAST 100",
    "IsNew": false,
    "EcoscoreLabel": "B",
    "RecentQuanityOfStockUnits": "12,1,2",
    "LongName": "HAUST toast Krokant rond 100g",
    "AlcoholVolume": "0",
    "FicCode": "E",
    "EcoscoreValue": "75"
  },
  {
    "productId": "87016",
    "technicalArticleNumber": "3018664",
    "commercialArticleNumber": "38836",
    "name": "honingkoek",
    "description": "*Individueel verpakt",
    "brand": "BONI",
    "seoBrand": "Boni Selection",
    "thumbNail": "https://static.colruytgroup.com/images/200x200/std.lang.all/18/83/asset-1071883.jpg",
    "fullImage": "https://static.colruytgroup.com/images/500x500/std.lang.all/18/83/asset-1071883.jpg",
    "squareImage": "https://static.colruytgroup.com/images/500x500sq/std.lang.all/18/83/asset-1071883.jpg",
    "content": "8x40g",
    "walkRouteSequenceNumber": 17581,
    "price": {
      "basicPrice": 2.65,
      "recommendedQuantity": "1.0",
      "measurementUnitPrice": 8.29,
      "measurementUnit": "K",
      "isRedPrice": false,
      "pricePerUOM": 8.29,
      "activationDate": "16-01-2024",
      "recordSource": "Offline",
      "isPromoActive": "N",
      "priceChangeCode": "L"
    },
    "isAvailable": true,
    "isPriceAvailable": true,
    "inPromo": false,
    "gtin": [
      "15400141331797",
      "05400141426977",
      "05400141331790",
      "05400141251937"
    ],
    "topCategoryName": "Brood/Ontbijt",
    "topCategoryId": "124",
    "businessDomain": "RETAIL_BE",
    "IsPrivateLabel": true,
    "IsBiffe": false,
    "WeightconversionFactor": "0",
    "IsWeightArticle": false,
    "nutriscoreLabel": "C",
    "IsBio": false,
    "CountryOfOrigin": "BELGIË",
    "IsExclusivelySoldInLuxembourg": false,
    "OrderUnit": "P",
    "ShortName": "BONI HONINGKOEK 8X40G",
    "IsNew": false,
    "EcoscoreLabel": "B",
    "RecentQuanityOfStockUnits": "1,12",
    "LongName": "BONI honingkoek 8x40g",
    "AlcoholVolume": "0",
    "FicCode": "I",
    "EcoscoreValue": "79"
  },
  {
    "productId": "154",
    "technicalArticleNumber": "15040",
    "commercialArticleNumber": "15040",
    "name": "koeken appel-abrikoos",
    "description": "*Individueel verpakt",
    "brand": "LU GRANY",
    "seoBrand": "LU Grany",
    "thumbNail": "https://static.colruytgroup.com/images/200x200/std.lang.all/80/82/asset-1928082.jpg",
    "fullImage": "https://static.colruytgroup.com/images/500x500/std.lang.all/80/82/asset-1928082.jpg",
    "squareImage": "https://static.colruytgroup.com/images/500x500sq/std.lang.all/80/82/asset-1928082.jpg",
    "content": "6x32,5g",
    "walkRouteSequenceNumber": 2313,
    "price": {
      "basicPrice": 3.69,
      "recommendedQuantity": "1.0",
      "measurementUnitPrice": 18.93,
      "measurementUnit": "K",
      "isRedPrice": false,
      "pricePerUOM": 18.93,
      "activationDate": "20-03-2024",
      "recordSource": "Offline",
      "isPromoActive": "N",
      "priceChangeCode": "H"
    },
    "isAvailable": true,
    "isPriceAvailable": true,
    "inPromo": false,
    "gtin": [
      "15410041405306",
      "00000025150407",
      "03017760569194",
      "05400141150407",
      "13017760569115",
      "15410041395508"
    ],
    "topCategoryName": "Brood/Ontbijt",
    "topCategoryId": "124",
    "businessDomain": "RETAIL_BE",
    "IsPrivateLabel": false,
    "IsBiffe": false,
    "WeightconversionFactor": "0",
    "IsWeightArticle": false,
    "nutriscoreLabel": "E",
    "IsBio": false,
    "CountryOfOrigin": "BELGIË",
    "IsExclusivelySoldInLuxembourg": false,
    "OrderUnit": "P",
    "ShortName": "LU GRANY ABR.APPEL 195G",
    "IsNew": false,
    "RecentQuanityOfStockUnits": "1,2",
    "LongName": "LU GRANY koeken appel-abrikoos 6x32,5g",
    "AlcoholVolume": "0",
    "FicCode": "E"
  },
  {
    "productId": "124004",
    "technicalArticleNumber": "3237424",
    "commercialArticleNumber": "33547",
    "name": "brood meergr.Vital glutenvrij",
    "description": "*Glutenvrij\n*Lactosevrij",
    "brand": "SCHÄR",
    "seoBrand": "Schär",
    "thumbNail": "https://static.colruytgroup.com/images/200x200/std.lang.all/88/51/asset-3448851.jpg",
    "fullImage": "https://static.colruytgroup.com/images/500x500/std.lang.all/88/51/asset-3448851.jpg",
    "squareImage": "https://static.colruytgroup.com/images/500x500sq/std.lang.all/88/51/asset-3448851.jpg",
    "content": "350g",
    "walkRouteSequenceNumber": 9737,
    "price": {
      "basicPrice": 3.29,
      "recommendedQuantity": "1.0",
      "measurementUnitPrice": 9.4,
      "measurementUnit": "K",
      "isRedPrice": false,
      "pricePerUOM": 9.4,
      "activationDate": "15-03-2024",
      "recordSource": "Offline",
      "isPromoActive": "N",
      "priceChangeCode": "L"
    },
    "isAvailable": true,
    "isPriceAvailable": true,
    "inPromo": false,
    "gtin": [
      "08008698038741",
      "08008698011065",
      "08008698010877",
      "08008698038734"
    ],
    "topCategoryName": "Brood/Ontbijt",
    "topCategoryId": "124",
    "businessDomain": "RETAIL_BE",
    "IsPrivateLabel": false,
    "IsBiffe": false,
    "WeightconversionFactor": "0",
    "IsWeightArticle": false,
    "nutriscoreLabel": "B",
    "IsBio": false,
    "CountryOfOrigin": "DUITSLAND",
    "IsExclusivelySoldInLuxembourg": false,
    "OrderUnit": "P",
    "ShortName": "SCHAR VITALBROOD GV 350",
    "IsNew": false,
    "EcoscoreLabel": "B",
    "RecentQuanityOfStockUnits": "3,1",
    "LongName": "SCHÄR brood meergr.Vital glutenvrij 350g",
    "AlcoholVolume": "0",
    "FicCode": "E",
    "EcoscoreValue": "68"
  },
  {
    "productId": "54004",
    "technicalArticleNumber": "2255795",
    "commercialArticleNumber": "4686",
    "description": "*Gepofte\ntarwekorrels met\nhoning",
    "brand": "KELLOGG'S SMACKS",
    "seoBrand": "Kellogg's Smacks",
    "thumbNail": "https://static.colruytgroup.com/images/200x200/std.lang.all/70/85/asset-2377085.jpg",
    "fullImage": "https://static.colruytgroup.com/images/500x500/std.lang.all/70/85/asset-2377085.jpg",
    "squareImage": "https://static.colruytgroup.com/images/500x500sq/std.lang.all/70/85/asset-2377085.jpg",
    "content": "600g",
    "walkRouteSequenceNumber": 17287,
    "price": {
      "basicPrice": 3.98,
      "recommendedQuantity": "1.0",
      "measurementUnitPrice": 6.64,
      "measurementUnit": "K",
      "isRedPrice": false,
      "pricePerUOM": 6.64,
      "activationDate": "28-02-2024",
      "recordSource": "Offline",
      "isPromoActive": "N",
      "priceChangeCode": "E"
    },
    "isAvailable": true,
    "isPriceAvailable": true,
    "inPromo": false,
    "gtin": [
      "05050083483905",
      "05053827101899"
    ],
    "topCategoryName": "Brood/Ontbijt",
    "topCategoryId": "124",
    "businessDomain": "RETAIL_BE",
    "IsPrivateLabel": false,
    "IsBiffe": false,
    "WeightconversionFactor": "0",
    "IsWeightArticle": false,
    "nutriscoreLabel": "C",
    "IsBio": false,
    "CountryOfOrigin": "EUROPA",
    "IsExclusivelySoldInLuxembourg": false,
    "OrderUnit": "P",
    "ShortName": "KELL SMACKS 600GR",
    "IsNew": false,
    "RecentQuanityOfStockUnits": "1",
    "LongName": "KELLOGG'S SMACKS 600g",
    "AlcoholVolume": "0",
    "FicCode": "E"
  },
  {
    "productId": "2742",
    "technicalArticleNumber": "1014204",
    "commercialArticleNumber": "15401",
    "name": "toast Toast 'n Chips knoflook",
    "description": "*Toast, rond,\nmet look",
    "brand": "HAUST",
    "seoBrand": "Haust",
    "thumbNail": "https://static.colruytgroup.com/images/200x200/std.lang.all/37/45/asset-3433745.jpg",
    "fullImage": "https://static.colruytgroup.com/images/500x500/std.lang.all/37/45/asset-3433745.jpg",
    "squareImage": "https://static.colruytgroup.com/images/500x500sq/std.lang.all/37/45/asset-3433745.jpg",
    "content": "125g",
    "walkRouteSequenceNumber": 4498,
    "price": {
      "basicPrice": 1.59,
      "recommendedQuantity": "1.0",
      "measurementUnitPrice": 12.72,
      "measurementUnit": "K",
      "isRedPrice": false,
      "pricePerUOM": 12.72,
      "activationDate": "14-02-2024",
      "recordSource": "Offline",
      "isPromoActive": "N",
      "priceChangeCode": "H"
    },
    "isAvailable": true,
    "isPriceAvailable": true,
    "inPromo": false,
    "gtin": [
      "08710445018486",
      "08710445018479",
      "08710445024272",
      "08710445311709",
      "08710445024142"
    ],
    "topCategoryName": "Brood/Ontbijt",
    "topCategoryId": "124",
    "businessDomain": "RETAIL_BE",
    "IsPrivateLabel": false,
    "IsBiffe": false,
    "WeightconversionFactor": "0",
    "IsWeightArticle": false,
    "nutriscoreLabel": "E",
    "IsBio": false,
    "CountryOfOrigin": "NEDERLAND",
    "IsExclusivelySoldInLuxembourg": false,
    "OrderUnit": "P",
    "ShortName": "HAUST TOAST CHI.LOOK125",
    "IsNew": false,
    "EcoscoreLabel": "B",
    "RecentQuanityOfStockUnits": "1,6",
    "LongName": "HAUST toast Toast 'n Chips knoflook 125g",
    "AlcoholVolume": "0",
    "FicCode": "E",
    "EcoscoreValue": "75"
  },
  {
    "productId": "780988",
    "technicalArticleNumber": "4577141",
    "commercialArticleNumber": "28833",
    "name": "pinsa",
    "description": "*Ovengebakken\nproduct",
    "brand": "PINSAMI",
    "seoBrand": "Pinsami",
    "thumbNail": "https://static.colruytgroup.com/images/200x200/std.lang.all/15/79/asset-3201579.jpg",
    "fullImage": "https://static.colruytgroup.com/images/500x500/std.lang.all/15/79/asset-3201579.jpg",
    "squareImage": "https://static.colruytgroup.com/images/500x500sq/std.lang.all/15/79/asset-3201579.jpg",
    "content": "230g",
    "walkRouteSequenceNumber": 9755,
    "price": {
      "basicPrice": 3.79,
      "recommendedQuantity": "1.0",
      "measurementUnitPrice": 16.48,
      "measurementUnit": "K",
      "isRedPrice": false,
      "pricePerUOM": 16.48,
      "activationDate": "12-03-2024",
      "recordSource": "Online",
      "isPromoActive": "N",
      "priceChangeCode": "L"
    },
    "isAvailable": true,
    "isPriceAvailable": true,
    "inPromo": false,
    "gtin": [
      "08055186190665",
      "18055186190662"
    ],
    "topCategoryName": "Brood/Ontbijt",
    "topCategoryId": "124",
    "businessDomain": "RETAIL_BE",
    "IsPrivateLabel": false,
    "IsBiffe": false,
    "WeightconversionFactor": "0",
    "IsWeightArticle": false,
    "nutriscoreLabel": "B",
    "IsBio": false,
    "CountryOfOrigin": "ITALIË",
    "IsExclusivelySoldInLuxembourg": false,
    "OrderUnit": "P",
    "ShortName": "PINS PINSA 230G",
    "InSeason": true,
    "IsNew": false,
    "EcoscoreLabel": "D",
    "RecentQuanityOfStockUnits": "1,10",
    "LongName": "PINSAMI pinsa 230g",
    "StartSeasonDate": "11/08/2022",
    "FicCode": "E",
    "EcoscoreValue": "37"
  },
  {
    "productId": "6107",
    "technicalArticleNumber": "1161500",
    "commercialArticleNumber": "16080",
    "name": "chocopasta Noir de Noir",
    "description": "*16 % magere\ncacaopoeder",
    "brand": "CÔTE D'OR",
    "seoBrand": "Côte d'Or",
    "thumbNail": "https://static.colruytgroup.com/images/200x200/std.lang.all/33/63/asset-393363.jpg",
    "fullImage": "https://static.colruytgroup.com/images/500x500/std.lang.all/33/63/asset-393363.jpg",
    "squareImage": "https://static.colruytgroup.com/images/500x500sq/std.lang.all/33/63/asset-393363.jpg",
    "content": "300g",
    "walkRouteSequenceNumber": 17636,
    "price": {
      "basicPrice": 4.49,
      "recommendedQuantity": "1.0",
      "measurementUnitPrice": 14.97,
      "measurementUnit": "K",
      "isRedPrice": false,
      "pricePerUOM": 14.97,
      "activationDate": "15-02-2024",
      "recordSource": "Offline",
      "isPromoActive": "N",
      "priceChangeCode": "E"
    },
    "isAvailable": true,
    "isPriceAvailable": true,
    "inPromo": false,
    "gtin": [
      "07622201511777",
      "07622201511784",
      "07622200253777",
      "07622400014635"
    ],
    "topCategoryName": "Brood/Ontbijt",
    "topCategoryId": "124",
    "businessDomain": "RETAIL_BE",
    "IsPrivateLabel": false,
    "IsBiffe": false,
    "WeightconversionFactor": "0",
    "IsWeightArticle": false,
    "nutriscoreLabel": "E",
    "IsBio": false,
    "CountryOfOrigin": "BELGIË",
    "IsExclusivelySoldInLuxembourg": false,
    "OrderUnit": "P",
    "ShortName": "CD SMEERPAS.PUUR300",
    "InSeason": true,
    "IsNew": false,
    "RecentQuanityOfStockUnits": "1",
    "LongName": "CÔTE D'OR chocopasta Noir de Noir 300g",
    "AlcoholVolume": "0",
    "StartSeasonDate": "05/06/2023",
    "FicCode": "E"
  },
  {
    "productId": "337960",
    "technicalArticleNumber": "3741114",
    "commercialArticleNumber": "15403",
    "name": "prot.gez.kar.noten GV",
    "description": "*Rijk aan vezels\n*Eiwitrijk\n*Glutenvrij",
    "brand": "NATURE VALLEY",
    "seoBrand": "Nature Valley",
    "thumbNail": "https://static.colruytgroup.com/images/200x200/std.lang.all/15/94/asset-1421594.jpg",
    "fullImage": "https://static.colruytgroup.com/images/500x500/std.lang.all/15/94/asset-1421594.jpg",
    "squareImage": "https://static.colruytgroup.com/images/500x500sq/std.lang.all/15/94/asset-1421594.jpg",
    "content": "160g",
    "walkRouteSequenceNumber": 2201,
    "price": {
      "basicPrice": 3.89,
      "recommendedQuantity": "1.0",
      "measurementUnitPrice": 24.32,
      "measurementUnit": "K",
      "isRedPrice": false,
      "pricePerUOM": 24.32,
      "activationDate": "20-01-2024",
      "recordSource": "Offline",
      "isPromoActive": "N",
      "priceChangeCode": "L"
    },
    "isAvailable": true,
    "isPriceAvailable": true,
    "inPromo": false,
    "gtin": [
      "08410076710826",
      "08410076610546"
    ],
    "topCategoryName": "Brood/Ontbijt",
    "topCategoryId": "124",
    "businessDomain": "RETAIL_BE",
    "IsPrivateLabel": false,
    "IsBiffe": false,
    "WeightconversionFactor": "0",
    "IsWeightArticle": false,
    "nutriscoreLabel": "D",
    "IsBio": false,
    "CountryOfOrigin": "SPANJE",
    "IsExclusivelySoldInLuxembourg": false,
    "OrderUnit": "P",
    "ShortName": "NAVA PROT.KAR.NOT.GV160",
    "IsNew": false,
    "EcoscoreLabel": "C",
    "RecentQuanityOfStockUnits": "1,8",
    "LongName": "NATURE VALLEY prot.gez.kar.noten GV 160g",
    "AlcoholVolume": "0",
    "FicCode": "E",
    "EcoscoreValue": "48"
  },
  {
    "productId": "1114",
    "technicalArticleNumber": "16640",
    "commercialArticleNumber": "16640",
    "name": "peperkoek met honing",
    "brand": "VONDELMOLEN",
    "seoBrand": "Vondelmolen",
    "thumbNail": "https://static.colruytgroup.com/images/200x200/std.lang.all/85/23/asset-2828523.jpg",
    "fullImage": "https://static.colruytgroup.com/images/500x500/std.lang.all/85/23/asset-2828523.jpg",
    "squareImage": "https://static.colruytgroup.com/images/500x500sq/std.lang.all/85/23/asset-2828523.jpg",
    "content": "500g",
    "walkRouteSequenceNumber": 17576,
    "price": {
      "basicPrice": 3.19,
      "recommendedQuantity": "1.0",
      "measurementUnitPrice": 6.38,
      "measurementUnit": "K",
      "isRedPrice": false,
      "pricePerUOM": 6.38,
      "activationDate": "13-03-2024",
      "isPromoActive": "N",
      "priceChangeCode": "E"
    },
    "isAvailable": true,
    "isPriceAvailable": true,
    "inPromo": false,
    "gtin": [
      "05410383011008",
      "15410383011005"
    ],
    "topCategoryName": "Brood/Ontbijt",
    "topCategoryId": "124",
    "businessDomain": "RETAIL_BE",
    "IsPrivateLabel": false,
    "IsBiffe": false,
    "WeightconversionFactor": "0",
    "IsWeightArticle": false,
    "nutriscoreLabel": "D",
    "IsBio": false,
    "CountryOfOrigin": "BELGIË",
    "IsExclusivelySoldInLuxembourg": false,
    "OrderUnit": "P",
    "ShortName": "VONDELM HONINGKOEK 500G",
    "IsNew": false,
    "EcoscoreLabel": "A",
    "RecentQuanityOfStockUnits": "1,12",
    "LongName": "VONDELMOLEN peperkoek met honing 500g",
    "AlcoholVolume": "0",
    "FicCode": "E",
    "EcoscoreValue": "84"
  },
  {
    "productId": "40539",
    "technicalArticleNumber": "2523447",
    "commercialArticleNumber": "12283",
    "name": "Loops",
    "description": "*Volkoren\ngranenringetjes met\nhoning",
    "brand": "KELLOGG'S MIEL POPS",
    "seoBrand": "Kellogg's Miel Pops",
    "thumbNail": "https://static.colruytgroup.com/images/200x200/std.lang.all/83/32/asset-3258332.jpg",
    "fullImage": "https://static.colruytgroup.com/images/500x500/std.lang.all/83/32/asset-3258332.jpg",
    "squareImage": "https://static.colruytgroup.com/images/500x500sq/std.lang.all/83/32/asset-3258332.jpg",
    "content": "600g",
    "walkRouteSequenceNumber": 17234,
    "price": {
      "basicPrice": 5.39,
      "recommendedQuantity": "1.0",
      "measurementUnitPrice": 8.99,
      "measurementUnit": "K",
      "isRedPrice": false,
      "pricePerUOM": 8.99,
      "activationDate": "29-02-2024",
      "recordSource": "Offline",
      "isPromoActive": "N",
      "priceChangeCode": "H"
    },
    "isAvailable": true,
    "isPriceAvailable": true,
    "inPromo": false,
    "gtin": [
      "05050083565632",
      "05053827105507"
    ],
    "topCategoryName": "Brood/Ontbijt",
    "topCategoryId": "124",
    "businessDomain": "RETAIL_BE",
    "IsPrivateLabel": false,
    "IsBiffe": false,
    "WeightconversionFactor": "0",
    "IsWeightArticle": false,
    "nutriscoreLabel": "B",
    "IsBio": false,
    "CountryOfOrigin": "EUROPA",
    "IsExclusivelySoldInLuxembourg": false,
    "OrderUnit": "P",
    "ShortName": "KELL HONEY LOOPS 600G",
    "IsNew": false,
    "RecentQuanityOfStockUnits": "1,14",
    "LongName": "KELLOGG'S MIEL POPS Loops 600g",
    "AlcoholVolume": "0",
    "FicCode": "E"
  },
  {
    "productId": "857439",
    "technicalArticleNumber": "4707436",
    "commercialArticleNumber": "31521",
    "name": "Crunchy naturel granola",
    "brand": "JORDANS",
    "seoBrand": "Jordans",
    "thumbNail": "https://static.colruytgroup.com/images/200x200/std.lang.all/95/02/asset-3169502.jpg",
    "fullImage": "https://static.colruytgroup.com/images/500x500/std.lang.all/95/02/asset-3169502.jpg",
    "squareImage": "https://static.colruytgroup.com/images/500x500sq/std.lang.all/95/02/asset-3169502.jpg",
    "content": "750g",
    "walkRouteSequenceNumber": 17486,
    "price": {
      "basicPrice": 3.99,
      "recommendedQuantity": "1.0",
      "measurementUnitPrice": 5.32,
      "measurementUnit": "K",
      "isRedPrice": false,
      "pricePerUOM": 5.32,
      "activationDate": "26-02-2024",
      "recordSource": "Offline",
      "isPromoActive": "N",
      "priceChangeCode": "E"
    },
    "isAvailable": true,
    "isPriceAvailable": true,
    "inPromo": false,
    "gtin": [
      "05010477363473",
      "15010477363487"
    ],
    "topCategoryName": "Brood/Ontbijt",
    "topCategoryId": "124",
    "businessDomain": "RETAIL_BE",
    "IsPrivateLabel": false,
    "IsBiffe": false,
    "WeightconversionFactor": "0",
    "IsWeightArticle": false,
    "nutriscoreLabel": "B",
    "IsBio": false,
    "CountryOfOrigin": "VERENIGD KONINKRIJK",
    "IsExclusivelySoldInLuxembourg": false,
    "OrderUnit": "P",
    "ShortName": "JORD CRUN.NATU.GRAN.750",
    "IsNew": false,
    "EcoscoreLabel": "B",
    "RecentQuanityOfStockUnits": "1,4",
    "LongName": "JORDANS Crunchy naturel granola 750g",
    "FicCode": "E",
    "EcoscoreValue": "61"
  },
  {
    "productId": "665205",
    "technicalArticleNumber": "4373444",
    "commercialArticleNumber": "22904",
    "name": "pindakaas crunchy",
    "brand": "BONI",
    "seoBrand": "Boni Selection",
    "thumbNail": "https://static.colruytgroup.com/images/200x200/std.lang.all/11/41/asset-3361141.jpg",
    "fullImage": "https://static.colruytgroup.com/images/500x500/std.lang.all/11/41/asset-3361141.jpg",
    "squareImage": "https://static.colruytgroup.com/images/500x500sq/std.lang.all/11/41/asset-3361141.jpg",
    "content": "350g",
    "walkRouteSequenceNumber": 17866,
    "price": {
      "basicPrice": 2.59,
      "recommendedQuantity": "1.0",
      "measurementUnitPrice": 7.4,
      "measurementUnit": "K",
      "isRedPrice": false,
      "pricePerUOM": 7.4,
      "activationDate": "13-03-2024",
      "recordSource": "Offline",
      "isPromoActive": "N",
      "priceChangeCode": "E"
    },
    "isAvailable": true,
    "isPriceAvailable": true,
    "inPromo": false,
    "gtin": [
      "15400141999225",
      "05400141999228",
      "15400141721550",
      "05400141721553",
      "15400141451600",
      "05400141451603"
    ],
    "topCategoryName": "Brood/Ontbijt",
    "topCategoryId": "124",
    "businessDomain": "RETAIL_BE",
    "IsPrivateLabel": true,
    "IsBiffe": false,
    "WeightconversionFactor": "0",
    "IsWeightArticle": false,
    "nutriscoreLabel": "B",
    "IsBio": false,
    "CountryOfOrigin": "NEDERLAND",
    "IsExclusivelySoldInLuxembourg": false,
    "OrderUnit": "P",
    "ShortName": "BONI PINDAKAAS CRUNC350",
    "InSeason": true,
    "IsNew": false,
    "EcoscoreLabel": "C",
    "RecentQuanityOfStockUnits": "1,12",
    "LongName": "BONI pindakaas crunchy 350g",
    "StartSeasonDate": "24/07/2023",
    "FicCode": "I",
    "EcoscoreValue": "47"
  },
  {
    "productId": "490216",
    "technicalArticleNumber": "4044650",
    "commercialArticleNumber": "3910",
    "name": "grissini picco.tom.ba",
    "brand": "DELI DI PAOLO",
    "seoBrand": "DELI DI PAOLO",
    "thumbNail": "https://static.colruytgroup.com/images/200x200/std.lang.all/79/76/asset-3347976.jpg",
    "fullImage": "https://static.colruytgroup.com/images/500x500/std.lang.all/79/76/asset-3347976.jpg",
    "squareImage": "https://static.colruytgroup.com/images/500x500sq/std.lang.all/79/76/asset-3347976.jpg",
    "content": "200g",
    "walkRouteSequenceNumber": 4487,
    "price": {
      "basicPrice": 2.99,
      "recommendedQuantity": "1.0",
      "measurementUnitPrice": 14.95,
      "measurementUnit": "K",
      "isRedPrice": false,
      "pricePerUOM": 14.95,
      "activationDate": "15-01-2024",
      "isPromoActive": "N",
      "priceChangeCode": "E"
    },
    "isAvailable": true,
    "isPriceAvailable": true,
    "inPromo": false,
    "gtin": [
      "08718247442553",
      "08718247442546"
    ],
    "topCategoryName": "Brood/Ontbijt",
    "topCategoryId": "124",
    "businessDomain": "RETAIL_BE",
    "IsPrivateLabel": false,
    "IsBiffe": false,
    "WeightconversionFactor": "0",
    "IsWeightArticle": false,
    "nutriscoreLabel": "D",
    "IsBio": false,
    "CountryOfOrigin": "ITALIË",
    "IsExclusivelySoldInLuxembourg": false,
    "OrderUnit": "P",
    "ShortName": "DELI GRIS.PI.T&B200",
    "InSeason": true,
    "IsNew": false,
    "EcoscoreLabel": "B",
    "RecentQuanityOfStockUnits": "1",
    "LongName": "DELI DI PAOLO grissini picco.tom.ba 200g",
    "StartSeasonDate": "08/03/2021",
    "FicCode": "E",
    "EcoscoreValue": "74"
  },
  {
    "productId": "613668",
    "technicalArticleNumber": "4288224",
    "commercialArticleNumber": "23253",
    "name": "confituur abrikoos",
    "brand": "EFFI",
    "seoBrand": "Effi",
    "thumbNail": "https://static.colruytgroup.com/images/200x200/std.lang.all/58/74/asset-2205874.jpg",
    "fullImage": "https://static.colruytgroup.com/images/500x500/std.lang.all/58/74/asset-2205874.jpg",
    "squareImage": "https://static.colruytgroup.com/images/500x500sq/std.lang.all/58/74/asset-2205874.jpg",
    "content": "350g",
    "walkRouteSequenceNumber": 17974,
    "price": {
      "basicPrice": 2.59,
      "recommendedQuantity": "1.0",
      "measurementUnitPrice": 7.4,
      "measurementUnit": "K",
      "isRedPrice": false,
      "pricePerUOM": 7.4,
      "activationDate": "29-02-2024",
      "recordSource": "Offline",
      "isPromoActive": "N",
      "priceChangeCode": "H"
    },
    "isAvailable": true,
    "isPriceAvailable": true,
    "inPromo": false,
    "gtin": [
      "08719200174023",
      "08719200174030"
    ],
    "topCategoryName": "Brood/Ontbijt",
    "topCategoryId": "124",
    "businessDomain": "RETAIL_BE",
    "IsPrivateLabel": false,
    "IsBiffe": false,
    "WeightconversionFactor": "0",
    "IsWeightArticle": false,
    "nutriscoreLabel": "C",
    "IsBio": false,
    "CountryOfOrigin": "NEDERLAND",
    "IsExclusivelySoldInLuxembourg": false,
    "OrderUnit": "P",
    "ShortName": "EFFI VR.BER.ABRIKOS350G",
    "IsNew": false,
    "EcoscoreLabel": "B",
    "RecentQuanityOfStockUnits": "1",
    "LongName": "EFFI confituur abrikoos 350g",
    "FicCode": "E",
    "EcoscoreValue": "60"
  },
  {
    "productId": "1109",
    "technicalArticleNumber": "16600",
    "commercialArticleNumber": "16600",
    "name": "honingkoek",
    "brand": "BONI",
    "seoBrand": "Boni Selection",
    "thumbNail": "https://static.colruytgroup.com/images/200x200/std.lang.all/37/71/asset-2093771.jpg",
    "fullImage": "https://static.colruytgroup.com/images/500x500/std.lang.all/37/71/asset-2093771.jpg",
    "squareImage": "https://static.colruytgroup.com/images/500x500sq/std.lang.all/37/71/asset-2093771.jpg",
    "content": "500g",
    "walkRouteSequenceNumber": 17574,
    "price": {
      "basicPrice": 1.7,
      "recommendedQuantity": "1.0",
      "measurementUnitPrice": 3.4,
      "measurementUnit": "K",
      "isRedPrice": false,
      "pricePerUOM": 3.4,
      "activationDate": "28-02-2024",
      "recordSource": "Offline",
      "isPromoActive": "N",
      "priceChangeCode": "L"
    },
    "isAvailable": true,
    "isPriceAvailable": true,
    "inPromo": false,
    "gtin": [
      "05400141321753",
      "05400141410259",
      "15400141321750",
      "15400141827702",
      "05400141166002",
      "05400141251951"
    ],
    "topCategoryName": "Brood/Ontbijt",
    "topCategoryId": "124",
    "businessDomain": "RETAIL_BE",
    "IsPrivateLabel": true,
    "IsBiffe": false,
    "WeightconversionFactor": "0",
    "IsWeightArticle": false,
    "nutriscoreLabel": "D",
    "IsBio": false,
    "CountryOfOrigin": "BELGIË",
    "IsExclusivelySoldInLuxembourg": false,
    "OrderUnit": "P",
    "ShortName": "BONI HONINGKOEK 500G",
    "IsNew": false,
    "EcoscoreLabel": "A",
    "RecentQuanityOfStockUnits": "1,12",
    "LongName": "BONI honingkoek 500g",
    "AlcoholVolume": "0",
    "FicCode": "I",
    "EcoscoreValue": "84"
  },
  {
    "productId": "607934",
    "technicalArticleNumber": "4279086",
    "commercialArticleNumber": "5151",
    "name": "cracotte gourmande 250 g V",
    "brand": "LU",
    "seoBrand": "LU",
    "thumbNail": "https://static.colruytgroup.com/images/200x200/std.lang.all/28/83/asset-2122883.jpg",
    "fullImage": "https://static.colruytgroup.com/images/500x500/std.lang.all/28/83/asset-2122883.jpg",
    "squareImage": "https://static.colruytgroup.com/images/500x500sq/std.lang.all/28/83/asset-2122883.jpg",
    "content": "250g",
    "walkRouteSequenceNumber": 17051,
    "price": {
      "basicPrice": 2.99,
      "recommendedQuantity": "1.0",
      "measurementUnitPrice": 11.96,
      "measurementUnit": "K",
      "isRedPrice": false,
      "pricePerUOM": 11.96,
      "activationDate": "01-03-2024",
      "recordSource": "Offline",
      "isPromoActive": "N",
      "priceChangeCode": "E"
    },
    "isAvailable": true,
    "isPriceAvailable": true,
    "inPromo": false,
    "gtin": [
      "07622201130510",
      "07622201130527",
      "65400141171848"
    ],
    "topCategoryName": "Brood/Ontbijt",
    "topCategoryId": "124",
    "businessDomain": "RETAIL_BE",
    "IsPrivateLabel": false,
    "IsBiffe": false,
    "WeightconversionFactor": "0",
    "IsWeightArticle": false,
    "nutriscoreLabel": "D",
    "IsBio": false,
    "CountryOfOrigin": "FRANKRIJK",
    "IsExclusivelySoldInLuxembourg": false,
    "OrderUnit": "P",
    "ShortName": "LU CRACOTTE GOURMAN250G",
    "IsNew": false,
    "RecentQuanityOfStockUnits": "1,2",
    "LongName": "LU cracotte gourmande 250 g V 250g",
    "FicCode": "E"
  },
  {
    "productId": "806692",
    "technicalArticleNumber": "4627185",
    "commercialArticleNumber": "6750",
    "name": "suikerbrood",
    "description": "*Vers voorverpakt\nbrood",
    "brand": "BONI",
    "seoBrand": "Boni Selection",
    "thumbNail": "https://static.colruytgroup.com/images/200x200/std.lang.all/42/04/asset-2894204.jpg",
    "fullImage": "https://static.colruytgroup.com/images/500x500/std.lang.all/42/04/asset-2894204.jpg",
    "squareImage": "https://static.colruytgroup.com/images/500x500sq/std.lang.all/42/04/asset-2894204.jpg",
    "content": "400g",
    "walkRouteSequenceNumber": 6582,
    "price": {
      "basicPrice": 2.99,
      "recommendedQuantity": "1.0",
      "measurementUnitPrice": 7.48,
      "measurementUnit": "K",
      "isRedPrice": false,
      "pricePerUOM": 7.48,
      "activationDate": "18-04-2023",
      "isPromoActive": "N",
      "priceChangeCode": "L"
    },
    "isAvailable": true,
    "isPriceAvailable": true,
    "inPromo": false,
    "topCategoryName": "Brood/Ontbijt",
    "topCategoryId": "124",
    "businessDomain": "RETAIL_BE",
    "IsPrivateLabel": true,
    "IsBiffe": false,
    "WeightconversionFactor": "0",
    "IsWeightArticle": false,
    "nutriscoreLabel": "D",
    "IsBio": false,
    "CountryOfOrigin": "BELGIË",
    "IsExclusivelySoldInLuxembourg": false,
    "OrderUnit": "P",
    "ShortName": "BONI SUIKERBROOD 400G",
    "IsNew": false,
    "EcoscoreLabel": "B",
    "RecentQuanityOfStockUnits": "1",
    "LongName": "BONI suikerbrood 400g",
    "FicCode": "I",
    "EcoscoreValue": "77"
  },
  {
    "productId": "856271",
    "technicalArticleNumber": "4705685",
    "commercialArticleNumber": "31405",
    "name": "cacao&hazelnootpasta Bio",
    "description": "*Hazelnootpasta met cacao\n*Met zonnebloemolie",
    "brand": "NOCCIOLATA",
    "seoBrand": "Nocciolata",
    "thumbNail": "https://static.colruytgroup.com/images/200x200/std.lang.all/21/98/asset-3182198.jpg",
    "fullImage": "https://static.colruytgroup.com/images/500x500/std.lang.all/21/98/asset-3182198.jpg",
    "squareImage": "https://static.colruytgroup.com/images/500x500sq/std.lang.all/21/98/asset-3182198.jpg",
    "content": "650g",
    "walkRouteSequenceNumber": 17617,
    "price": {
      "basicPrice": 8.99,
      "recommendedQuantity": "1.0",
      "measurementUnitPrice": 13.84,
      "measurementUnit": "K",
      "isRedPrice": false,
      "pricePerUOM": 13.84,
      "activationDate": "09-03-2024",
      "recordSource": "Offline",
      "isPromoActive": "N",
      "priceChangeCode": "L"
    },
    "isAvailable": true,
    "isPriceAvailable": true,
    "inPromo": false,
    "gtin": [
      "08052575090469",
      "08052575090384"
    ],
    "topCategoryName": "Brood/Ontbijt",
    "topCategoryId": "124",
    "businessDomain": "RETAIL_BE",
    "IsPrivateLabel": false,
    "IsBiffe": false,
    "WeightconversionFactor": "0",
    "IsWeightArticle": false,
    "nutriscoreLabel": "E",
    "IsBio": true,
    "CountryOfOrigin": "ITALIË",
    "IsExclusivelySoldInLuxembourg": false,
    "OrderUnit": "P",
    "ShortName": "NOCC CAC&HAZELNO.BIO650",
    "IsNew": false,
    "EcoscoreLabel": "D",
    "RecentQuanityOfStockUnits": "1",
    "LongName": "NOCCIOLATA cacao&hazelnootpasta Bio 650g",
    "FicCode": "E",
    "EcoscoreValue": "30"
  },
  {
    "productId": "780328",
    "technicalArticleNumber": "4574589",
    "commercialArticleNumber": "28680",
    "name": "4 noten",
    "description": "*Krokante muesli\n*Amandelen\n*Hazelnoten\n*Pecannoten\n*Paranoten",
    "brand": "QUAKER CRUESLI",
    "seoBrand": "Quaker Cruesli",
    "thumbNail": "https://static.colruytgroup.com/images/200x200/std.lang.all/09/92/asset-3180992.jpg",
    "fullImage": "https://static.colruytgroup.com/images/500x500/std.lang.all/09/92/asset-3180992.jpg",
    "squareImage": "https://static.colruytgroup.com/images/500x500sq/std.lang.all/09/92/asset-3180992.jpg",
    "content": "800g",
    "walkRouteSequenceNumber": 17525,
    "price": {
      "basicPrice": 4.99,
      "recommendedQuantity": "1.0",
      "measurementUnitPrice": 6.24,
      "measurementUnit": "K",
      "isRedPrice": false,
      "pricePerUOM": 6.24,
      "activationDate": "17-10-2023",
      "recordSource": "Offline",
      "isPromoActive": "N",
      "priceChangeCode": "E"
    },
    "isAvailable": true,
    "isPriceAvailable": true,
    "inPromo": false,
    "gtin": [
      "08710398524898",
      "08710398524904"
    ],
    "topCategoryName": "Brood/Ontbijt",
    "topCategoryId": "124",
    "businessDomain": "RETAIL_BE",
    "IsPrivateLabel": false,
    "IsBiffe": false,
    "WeightconversionFactor": "0",
    "IsWeightArticle": false,
    "nutriscoreLabel": "A",
    "IsBio": false,
    "CountryOfOrigin": "NEDERLAND",
    "IsExclusivelySoldInLuxembourg": false,
    "OrderUnit": "P",
    "ShortName": "QUAK CRUESLI 4 NOTEN800",
    "IsNew": false,
    "RecentQuanityOfStockUnits": "1,4",
    "LongName": "QUAKER CRUESLI 4 noten 800g",
    "FicCode": "E"
  },
  {
    "productId": "11417",
    "technicalArticleNumber": "1373364",
    "commercialArticleNumber": "15029",
    "name": "koeken granen",
    "description": "*Individueel verpakt",
    "brand": "LU GRANY",
    "seoBrand": "LU Grany",
    "thumbNail": "https://static.colruytgroup.com/images/200x200/std.lang.all/80/84/asset-1928084.jpg",
    "fullImage": "https://static.colruytgroup.com/images/500x500/std.lang.all/80/84/asset-1928084.jpg",
    "squareImage": "https://static.colruytgroup.com/images/500x500sq/std.lang.all/80/84/asset-1928084.jpg",
    "content": "6x28,5g",
    "walkRouteSequenceNumber": 2311,
    "price": {
      "basicPrice": 2.19,
      "recommendedQuantity": "2.0",
      "measurementUnitPrice": 12.81,
      "measurementUnit": "K",
      "isRedPrice": false,
      "pricePerUOM": 12.81,
      "activationDate": "13-03-2024",
      "recordSource": "Offline",
      "isPromoActive": "N",
      "priceChangeCode": "E"
    },
    "isAvailable": true,
    "isPriceAvailable": true,
    "inPromo": false,
    "gtin": [
      "05400141150292",
      "05410041196504",
      "15410041196501"
    ],
    "topCategoryName": "Brood/Ontbijt",
    "topCategoryId": "124",
    "businessDomain": "RETAIL_BE",
    "IsPrivateLabel": false,
    "IsBiffe": false,
    "WeightconversionFactor": "0",
    "IsWeightArticle": false,
    "nutriscoreLabel": "E",
    "IsBio": false,
    "CountryOfOrigin": "BELGIË",
    "IsExclusivelySoldInLuxembourg": false,
    "OrderUnit": "P",
    "ShortName": "LU GRANY GRAN KOEK 171G",
    "IsNew": false,
    "RecentQuanityOfStockUnits": "1,2,14",
    "LongName": "LU GRANY koeken granen 6x28,5g",
    "AlcoholVolume": "0",
    "FicCode": "E"
  },
  {
    "productId": "613700",
    "technicalArticleNumber": "4288256",
    "commercialArticleNumber": "23256",
    "name": "confituur kersen",
    "brand": "EFFI",
    "seoBrand": "Effi",
    "thumbNail": "https://static.colruytgroup.com/images/200x200/std.lang.all/58/76/asset-2205876.jpg",
    "fullImage": "https://static.colruytgroup.com/images/500x500/std.lang.all/58/76/asset-2205876.jpg",
    "squareImage": "https://static.colruytgroup.com/images/500x500sq/std.lang.all/58/76/asset-2205876.jpg",
    "content": "350g",
    "walkRouteSequenceNumber": 17959,
    "price": {
      "basicPrice": 2.59,
      "recommendedQuantity": "1.0",
      "measurementUnitPrice": 7.4,
      "measurementUnit": "K",
      "isRedPrice": false,
      "pricePerUOM": 7.4,
      "activationDate": "14-02-2024",
      "recordSource": "Offline",
      "isPromoActive": "N",
      "priceChangeCode": "E"
    },
    "isAvailable": true,
    "isPriceAvailable": true,
    "inPromo": false,
    "gtin": [
      "08719200173750",
      "08719200173767"
    ],
    "topCategoryName": "Brood/Ontbijt",
    "topCategoryId": "124",
    "businessDomain": "RETAIL_BE",
    "IsPrivateLabel": false,
    "IsBiffe": false,
    "WeightconversionFactor": "0",
    "IsWeightArticle": false,
    "nutriscoreLabel": "C",
    "IsBio": false,
    "CountryOfOrigin": "NEDERLAND",
    "IsExclusivelySoldInLuxembourg": false,
    "OrderUnit": "P",
    "ShortName": "EFFI VR.BER.KERSEN 350G",
    "IsNew": false,
    "EcoscoreLabel": "B",
    "RecentQuanityOfStockUnits": "1",
    "LongName": "EFFI confituur kersen 350g",
    "FicCode": "E",
    "EcoscoreValue": "60"
  },
  {
    "productId": "856194",
    "technicalArticleNumber": "4705594",
    "commercialArticleNumber": "31384",
    "name": "volkoren knackebrod",
    "brand": "BONI",
    "seoBrand": "Boni Selection",
    "thumbNail": "https://static.colruytgroup.com/images/200x200/std.lang.all/97/70/asset-3249770.jpg",
    "fullImage": "https://static.colruytgroup.com/images/500x500/std.lang.all/97/70/asset-3249770.jpg",
    "squareImage": "https://static.colruytgroup.com/images/500x500sq/std.lang.all/97/70/asset-3249770.jpg",
    "content": "375g",
    "walkRouteSequenceNumber": 17065,
    "price": {
      "basicPrice": 1.79,
      "recommendedQuantity": "1.0",
      "measurementUnitPrice": 4.78,
      "measurementUnit": "K",
      "isRedPrice": false,
      "pricePerUOM": 4.78,
      "activationDate": "08-11-2023",
      "recordSource": "Offline",
      "isPromoActive": "N",
      "priceChangeCode": "L"
    },
    "isAvailable": true,
    "isPriceAvailable": true,
    "inPromo": false,
    "gtin": [
      "05400141456950"
    ],
    "topCategoryName": "Brood/Ontbijt",
    "topCategoryId": "124",
    "businessDomain": "RETAIL_BE",
    "IsPrivateLabel": true,
    "IsBiffe": false,
    "WeightconversionFactor": "0",
    "IsWeightArticle": false,
    "nutriscoreLabel": "A",
    "IsBio": false,
    "CountryOfOrigin": "NEDERLAND",
    "IsExclusivelySoldInLuxembourg": false,
    "OrderUnit": "P",
    "ShortName": "BONI VOLK.KNACKEBROD375",
    "IsNew": false,
    "EcoscoreLabel": "B",
    "RecentQuanityOfStockUnits": "1,10",
    "LongName": "BONI volkoren knackebrod 375g",
    "FicCode": "N",
    "EcoscoreValue": "72"
  },
  {
    "productId": "378624",
    "technicalArticleNumber": "3843863",
    "commercialArticleNumber": "51296",
    "name": "intense abrikoos",
    "brand": "BONNE MAMAN",
    "seoBrand": "Bonne Maman",
    "thumbNail": "https://static.colruytgroup.com/images/200x200/std.lang.all/49/42/asset-2684942.jpg",
    "fullImage": "https://static.colruytgroup.com/images/500x500/std.lang.all/49/42/asset-2684942.jpg",
    "squareImage": "https://static.colruytgroup.com/images/500x500sq/std.lang.all/49/42/asset-2684942.jpg",
    "content": "335g",
    "walkRouteSequenceNumber": 17949,
    "price": {
      "basicPrice": 3.49,
      "recommendedQuantity": "1.0",
      "measurementUnitPrice": 10.42,
      "measurementUnit": "K",
      "isRedPrice": false,
      "pricePerUOM": 10.42,
      "activationDate": "17-02-2024",
      "recordSource": "Offline",
      "isPromoActive": "N",
      "priceChangeCode": "E"
    },
    "isAvailable": true,
    "isPriceAvailable": true,
    "inPromo": false,
    "gtin": [
      "03608589916681",
      "03608580916680",
      "03608588163925"
    ],
    "topCategoryName": "Brood/Ontbijt",
    "topCategoryId": "124",
    "businessDomain": "RETAIL_BE",
    "IsPrivateLabel": false,
    "IsBiffe": false,
    "WeightconversionFactor": "0",
    "IsWeightArticle": false,
    "IsBio": false,
    "CountryOfOrigin": "FRANKRIJK",
    "IsExclusivelySoldInLuxembourg": false,
    "OrderUnit": "P",
    "ShortName": "BONN CONF.INT.ABRIK335G",
    "IsNew": false,
    "RecentQuanityOfStockUnits": "1",
    "LongName": "BONNE MAMAN intense abrikoos 335g",
    "AlcoholVolume": "0",
    "FicCode": "E"
  },
  {
    "productId": "533044",
    "technicalArticleNumber": "4125517",
    "commercialArticleNumber": "9330",
    "name": "Baguette wit",
    "description": "*Biologische\nstokbrood met\nvloeibaar\ndesem op steen\ngebakken",
    "brand": "BONI BIO",
    "seoBrand": "Boni Selection Bio",
    "thumbNail": "https://static.colruytgroup.com/images/200x200/std.lang.all/10/77/asset-2181077.jpg",
    "fullImage": "https://static.colruytgroup.com/images/500x500/std.lang.all/10/77/asset-2181077.jpg",
    "squareImage": "https://static.colruytgroup.com/images/500x500sq/std.lang.all/10/77/asset-2181077.jpg",
    "content": "2x120g",
    "walkRouteSequenceNumber": 9760,
    "price": {
      "basicPrice": 1.52,
      "recommendedQuantity": "1.0",
      "measurementUnitPrice": 6.34,
      "measurementUnit": "K",
      "isRedPrice": false,
      "pricePerUOM": 6.34,
      "activationDate": "07-03-2024",
      "recordSource": "Offline",
      "isPromoActive": "N",
      "priceChangeCode": "H"
    },
    "isAvailable": true,
    "isPriceAvailable": true,
    "inPromo": false,
    "gtin": [
      "05400141564488",
      "35400141564489",
      "05400141385700",
      "15400141299868",
      "15400141385707",
      "05400141299854"
    ],
    "topCategoryName": "Brood/Ontbijt",
    "topCategoryId": "124",
    "businessDomain": "RETAIL_BE",
    "IsPrivateLabel": true,
    "IsBiffe": false,
    "WeightconversionFactor": "0",
    "IsWeightArticle": false,
    "nutriscoreLabel": "B",
    "IsBio": true,
    "CountryOfOrigin": "BELGIË",
    "IsExclusivelySoldInLuxembourg": false,
    "OrderUnit": "P",
    "ShortName": "BS BIO STOKBR WIT 240G",
    "IsNew": false,
    "EcoscoreLabel": "B",
    "RecentQuanityOfStockUnits": "1,10",
    "LongName": "BONI BIO Baguette wit 2x120g",
    "FicCode": "I",
    "EcoscoreValue": "79"
  },
  {
    "productId": "85623",
    "technicalArticleNumber": "3014915",
    "commercialArticleNumber": "2691",
    "name": "confituur ananas 61%",
    "description": "*61 % vruchten",
    "brand": "BONI",
    "seoBrand": "Boni Selection",
    "thumbNail": "https://static.colruytgroup.com/images/200x200/std.lang.all/77/96/asset-2857796.jpg",
    "fullImage": "https://static.colruytgroup.com/images/500x500/std.lang.all/77/96/asset-2857796.jpg",
    "squareImage": "https://static.colruytgroup.com/images/500x500sq/std.lang.all/77/96/asset-2857796.jpg",
    "content": "370g",
    "walkRouteSequenceNumber": 17901,
    "price": {
      "basicPrice": 2.09,
      "recommendedQuantity": "1.0",
      "measurementUnitPrice": 5.65,
      "measurementUnit": "K",
      "isRedPrice": false,
      "pricePerUOM": 5.65,
      "activationDate": "10-08-2023",
      "recordSource": "Offline",
      "isPromoActive": "N",
      "priceChangeCode": "E"
    },
    "isAvailable": true,
    "isPriceAvailable": true,
    "inPromo": false,
    "gtin": [
      "15400141228950",
      "05400141406511",
      "15400141835639",
      "05400141228953"
    ],
    "topCategoryName": "Brood/Ontbijt",
    "topCategoryId": "124",
    "businessDomain": "RETAIL_BE",
    "IsPrivateLabel": true,
    "IsBiffe": false,
    "WeightconversionFactor": "0",
    "IsWeightArticle": false,
    "nutriscoreLabel": "D",
    "IsBio": false,
    "CountryOfOrigin": "FRANKRIJK",
    "IsExclusivelySoldInLuxembourg": false,
    "OrderUnit": "P",
    "ShortName": "BONI ANANAS 61 370G",
    "InSeason": true,
    "IsNew": false,
    "EcoscoreLabel": "B",
    "RecentQuanityOfStockUnits": "1",
    "LongName": "BONI confituur ananas 61% 370g",
    "AlcoholVolume": "0",
    "StartSeasonDate": "11/05/2022",
    "FicCode": "I",
    "EcoscoreValue": "73"
  },
  {
    "productId": "377274",
    "technicalArticleNumber": "3843831",
    "commercialArticleNumber": "51298",
    "name": "intense aardbei",
    "brand": "BONNE MAMAN",
    "seoBrand": "Bonne Maman",
    "thumbNail": "https://static.colruytgroup.com/images/200x200/std.lang.all/47/77/asset-2684777.jpg",
    "fullImage": "https://static.colruytgroup.com/images/500x500/std.lang.all/47/77/asset-2684777.jpg",
    "squareImage": "https://static.colruytgroup.com/images/500x500sq/std.lang.all/47/77/asset-2684777.jpg",
    "content": "335g",
    "walkRouteSequenceNumber": 17919,
    "price": {
      "basicPrice": 3.19,
      "recommendedQuantity": "1.0",
      "measurementUnitPrice": 9.53,
      "measurementUnit": "K",
      "isRedPrice": false,
      "pricePerUOM": 9.53,
      "activationDate": "17-02-2024",
      "recordSource": "Offline",
      "isPromoActive": "N",
      "priceChangeCode": "E"
    },
    "isAvailable": true,
    "isPriceAvailable": true,
    "inPromo": false,
    "gtin": [
      "03608580916673",
      "03608589916674"
    ],
    "topCategoryName": "Brood/Ontbijt",
    "topCategoryId": "124",
    "businessDomain": "RETAIL_BE",
    "IsPrivateLabel": false,
    "IsBiffe": false,
    "WeightconversionFactor": "0",
    "IsWeightArticle": false,
    "nutriscoreLabel": "D",
    "IsBio": false,
    "CountryOfOrigin": "FRANKRIJK",
    "IsExclusivelySoldInLuxembourg": false,
    "OrderUnit": "P",
    "ShortName": "BONN CONF.INT.AARDB335G",
    "IsNew": false,
    "RecentQuanityOfStockUnits": "1",
    "LongName": "BONNE MAMAN intense aardbei 335g",
    "AlcoholVolume": "0",
    "FicCode": "E"
  },
  {
    "productId": "685541",
    "technicalArticleNumber": "4408110",
    "commercialArticleNumber": "24852",
    "name": "vierkante broodjes 7st",
    "description": "*Tarwebroodjes\nom te bakken",
    "brand": "BONI",
    "seoBrand": "Boni Selection",
    "thumbNail": "https://static.colruytgroup.com/images/200x200/std.lang.all/07/81/asset-2470781.jpg",
    "fullImage": "https://static.colruytgroup.com/images/500x500/std.lang.all/07/81/asset-2470781.jpg",
    "squareImage": "https://static.colruytgroup.com/images/500x500sq/std.lang.all/07/81/asset-2470781.jpg",
    "content": "560g",
    "walkRouteSequenceNumber": 9758,
    "price": {
      "basicPrice": 2.49,
      "recommendedQuantity": "1.0",
      "measurementUnitPrice": 4.45,
      "measurementUnit": "K",
      "isRedPrice": false,
      "pricePerUOM": 4.45,
      "activationDate": "17-11-2023",
      "isPromoActive": "N",
      "priceChangeCode": "H"
    },
    "isAvailable": true,
    "isPriceAvailable": true,
    "inPromo": false,
    "gtin": [
      "05400141608694",
      "15400141608691",
      "05400141947472",
      "15400141947479"
    ],
    "topCategoryName": "Brood/Ontbijt",
    "topCategoryId": "124",
    "businessDomain": "RETAIL_BE",
    "IsPrivateLabel": true,
    "IsBiffe": false,
    "WeightconversionFactor": "0",
    "IsWeightArticle": false,
    "IsBio": false,
    "CountryOfOrigin": "DUITSLAND",
    "IsExclusivelySoldInLuxembourg": false,
    "OrderUnit": "P",
    "ShortName": "BONI VIERKANTE.BR.560G",
    "IsNew": false,
    "RecentQuanityOfStockUnits": "12,1,1",
    "LongName": "BONI vierkante broodjes 7st 560g",
    "FicCode": "I"
  },
  {
    "productId": "85625",
    "technicalArticleNumber": "3014967",
    "commercialArticleNumber": "39830",
    "name": "confituur 4 zwarte vrucht.61%",
    "description": "*61 % vruchten",
    "brand": "BONI",
    "seoBrand": "Boni Selection",
    "thumbNail": "https://static.colruytgroup.com/images/200x200/std.lang.all/30/74/asset-3223074.jpg",
    "fullImage": "https://static.colruytgroup.com/images/500x500/std.lang.all/30/74/asset-3223074.jpg",
    "squareImage": "https://static.colruytgroup.com/images/500x500sq/std.lang.all/30/74/asset-3223074.jpg",
    "content": "370g",
    "walkRouteSequenceNumber": 17905,
    "price": {
      "basicPrice": 2.29,
      "recommendedQuantity": "1.0",
      "measurementUnitPrice": 6.19,
      "measurementUnit": "K",
      "isRedPrice": false,
      "pricePerUOM": 6.19,
      "activationDate": "03-01-2024",
      "isPromoActive": "N",
      "priceChangeCode": "H"
    },
    "isAvailable": true,
    "isPriceAvailable": true,
    "inPromo": false,
    "gtin": [
      "05400141699661",
      "05400141229059",
      "15400141229056",
      "05400141433227"
    ],
    "topCategoryName": "Brood/Ontbijt",
    "topCategoryId": "124",
    "businessDomain": "RETAIL_BE",
    "IsPrivateLabel": true,
    "IsBiffe": false,
    "WeightconversionFactor": "0",
    "IsWeightArticle": false,
    "nutriscoreLabel": "D",
    "IsBio": false,
    "CountryOfOrigin": "BELGIË",
    "IsExclusivelySoldInLuxembourg": false,
    "OrderUnit": "P",
    "ShortName": "BONI 4 ZWVRUCH 61% 370G",
    "InSeason": true,
    "IsNew": false,
    "EcoscoreLabel": "D",
    "RecentQuanityOfStockUnits": "1",
    "LongName": "BONI confituur 4 zwarte vrucht.61% 370g",
    "AlcoholVolume": "0",
    "StartSeasonDate": "22/03/2023",
    "FicCode": "I",
    "EcoscoreValue": "25"
  },
  {
    "productId": "153",
    "technicalArticleNumber": "15032",
    "commercialArticleNumber": "15032",
    "name": "Original",
    "description": "*Volkoren tarwe-,\nrijst-, gerstvlokken",
    "brand": "SPECIAL K",
    "seoBrand": "Kellogg's Special K",
    "thumbNail": "https://static.colruytgroup.com/images/200x200/std.lang.all/90/07/asset-1479007.jpg",
    "fullImage": "https://static.colruytgroup.com/images/500x500/std.lang.all/90/07/asset-1479007.jpg",
    "squareImage": "https://static.colruytgroup.com/images/500x500sq/std.lang.all/90/07/asset-1479007.jpg",
    "content": "750g",
    "walkRouteSequenceNumber": 17529,
    "price": {
      "basicPrice": 6.22,
      "recommendedQuantity": "1.0",
      "measurementUnitPrice": 8.3,
      "measurementUnit": "K",
      "isRedPrice": false,
      "pricePerUOM": 8.3,
      "activationDate": "07-03-2024",
      "recordSource": "Offline",
      "isPromoActive": "N",
      "priceChangeCode": "H"
    },
    "isAvailable": true,
    "isPriceAvailable": true,
    "inPromo": false,
    "gtin": [
      "05013503164396",
      "05400141150322",
      "05411789001884"
    ],
    "topCategoryName": "Brood/Ontbijt",
    "topCategoryId": "124",
    "businessDomain": "RETAIL_BE",
    "IsPrivateLabel": false,
    "IsBiffe": false,
    "WeightconversionFactor": "0",
    "IsWeightArticle": false,
    "nutriscoreLabel": "B",
    "IsBio": false,
    "CountryOfOrigin": "EUROPA",
    "IsExclusivelySoldInLuxembourg": false,
    "OrderUnit": "P",
    "ShortName": "KELL SP K ORIGINAL 750G",
    "IsNew": false,
    "RecentQuanityOfStockUnits": "1,12",
    "LongName": "SPECIAL K Original 750g",
    "AlcoholVolume": "0",
    "FicCode": "E"
  },
  {
    "productId": "148119",
    "technicalArticleNumber": "3303639",
    "commercialArticleNumber": "18117",
    "name": "cracker multigranen",
    "description": "*Toast, rechthoekig,\nmultigranen\n*Vershoudzakjes",
    "brand": "LU CRACOTTE",
    "seoBrand": "LU Cracotte",
    "thumbNail": "https://static.colruytgroup.com/images/200x200/std.lang.all/52/54/asset-645254.jpg",
    "fullImage": "https://static.colruytgroup.com/images/500x500/std.lang.all/52/54/asset-645254.jpg",
    "squareImage": "https://static.colruytgroup.com/images/500x500sq/std.lang.all/52/54/asset-645254.jpg",
    "content": "250g",
    "walkRouteSequenceNumber": 17050,
    "price": {
      "basicPrice": 2.99,
      "recommendedQuantity": "1.0",
      "measurementUnitPrice": 11.96,
      "measurementUnit": "K",
      "isRedPrice": false,
      "pricePerUOM": 11.96,
      "activationDate": "13-02-2024",
      "recordSource": "Offline",
      "isPromoActive": "N",
      "priceChangeCode": "E"
    },
    "isAvailable": true,
    "isPriceAvailable": true,
    "inPromo": false,
    "gtin": [
      "07622210422224",
      "07622210139153",
      "07622201130503",
      "07622201130497"
    ],
    "topCategoryName": "Brood/Ontbijt",
    "topCategoryId": "124",
    "businessDomain": "RETAIL_BE",
    "IsPrivateLabel": false,
    "IsBiffe": false,
    "WeightconversionFactor": "0",
    "IsWeightArticle": false,
    "nutriscoreLabel": "C",
    "IsBio": false,
    "CountryOfOrigin": "FRANKRIJK",
    "IsExclusivelySoldInLuxembourg": false,
    "OrderUnit": "P",
    "ShortName": "LU CRACOTTE MULTIGR 250",
    "InSeason": true,
    "IsNew": false,
    "RecentQuanityOfStockUnits": "1",
    "LongName": "LU CRACOTTE cracker multigranen 250g",
    "AlcoholVolume": "0",
    "StartSeasonDate": "10/06/2020",
    "FicCode": "E"
  },
  {
    "productId": "98656",
    "technicalArticleNumber": "2845868",
    "commercialArticleNumber": "33663",
    "name": "kandijsiroop top-down",
    "brand": "CANDICO",
    "seoBrand": "Candico",
    "thumbNail": "https://static.colruytgroup.com/images/200x200/std.lang.all/70/84/asset-1407084.jpg",
    "fullImage": "https://static.colruytgroup.com/images/500x500/std.lang.all/70/84/asset-1407084.jpg",
    "squareImage": "https://static.colruytgroup.com/images/500x500sq/std.lang.all/70/84/asset-1407084.jpg",
    "content": "400g",
    "walkRouteSequenceNumber": 9303,
    "price": {
      "basicPrice": 1.99,
      "recommendedQuantity": "1.0",
      "measurementUnitPrice": 4.98,
      "measurementUnit": "K",
      "isRedPrice": false,
      "pricePerUOM": 4.98,
      "activationDate": "23-03-2024",
      "recordSource": "Offline",
      "isPromoActive": "N",
      "priceChangeCode": "L"
    },
    "isAvailable": true,
    "isPriceAvailable": true,
    "inPromo": false,
    "gtin": [
      "05410256051117",
      "05410301151113"
    ],
    "topCategoryName": "Brood/Ontbijt",
    "topCategoryId": "124",
    "businessDomain": "RETAIL_BE",
    "IsPrivateLabel": false,
    "IsBiffe": false,
    "WeightconversionFactor": "0",
    "IsWeightArticle": false,
    "nutriscoreLabel": "D",
    "IsBio": false,
    "CountryOfOrigin": "BELGIË",
    "IsExclusivelySoldInLuxembourg": false,
    "OrderUnit": "P",
    "ShortName": "CANDICO KANDIJSIR 400GR",
    "IsNew": false,
    "EcoscoreLabel": "B",
    "RecentQuanityOfStockUnits": "1,12",
    "LongName": "CANDICO kandijsiroop top-down 400g",
    "AlcoholVolume": "0",
    "FicCode": "E",
    "EcoscoreValue": "77"
  },
  {
    "productId": "173274",
    "technicalArticleNumber": "3373682",
    "commercialArticleNumber": "23932",
    "name": "snack cups rond",
    "description": "*Toast, rond,\nmet opstaande rand",
    "brand": "HAUST",
    "seoBrand": "Haust",
    "thumbNail": "https://static.colruytgroup.com/images/200x200/std.lang.all/13/87/asset-3421387.jpg",
    "fullImage": "https://static.colruytgroup.com/images/500x500/std.lang.all/13/87/asset-3421387.jpg",
    "squareImage": "https://static.colruytgroup.com/images/500x500sq/std.lang.all/13/87/asset-3421387.jpg",
    "content": "130g",
    "walkRouteSequenceNumber": 4499,
    "price": {
      "basicPrice": 1.54,
      "recommendedQuantity": "2.0",
      "measurementUnitPrice": 11.85,
      "measurementUnit": "K",
      "isRedPrice": false,
      "pricePerUOM": 11.85,
      "activationDate": "20-03-2024",
      "recordSource": "Offline",
      "isPromoActive": "N",
      "priceChangeCode": "H"
    },
    "isAvailable": true,
    "isPriceAvailable": true,
    "inPromo": false,
    "gtin": [
      "08710445018165",
      "08710445024159",
      "08710445018158",
      "08710445019018",
      "08710445019025",
      "08710445024289"
    ],
    "topCategoryName": "Brood/Ontbijt",
    "topCategoryId": "124",
    "businessDomain": "RETAIL_BE",
    "IsPrivateLabel": false,
    "IsBiffe": false,
    "WeightconversionFactor": "0",
    "IsWeightArticle": false,
    "nutriscoreLabel": "E",
    "IsBio": false,
    "CountryOfOrigin": "BELGIË",
    "IsExclusivelySoldInLuxembourg": false,
    "OrderUnit": "P",
    "ShortName": "HAUST ROND SNACKCUP130G",
    "IsNew": false,
    "EcoscoreLabel": "B",
    "RecentQuanityOfStockUnits": "2,1",
    "LongName": "HAUST snack cups rond 130g",
    "AlcoholVolume": "0",
    "FicCode": "E",
    "EcoscoreValue": "75"
  },
  {
    "productId": "353719",
    "technicalArticleNumber": "3870414",
    "commercialArticleNumber": "22638",
    "name": "granola noten&zaden",
    "description": "*Ideaal bij ontbijt\n*Ontbijtgranen\n*Havermout",
    "brand": "QUAKER CRUESLI",
    "seoBrand": "Quaker Cruesli",
    "thumbNail": "https://static.colruytgroup.com/images/200x200/std.lang.all/46/28/asset-2834628.jpg",
    "fullImage": "https://static.colruytgroup.com/images/500x500/std.lang.all/46/28/asset-2834628.jpg",
    "squareImage": "https://static.colruytgroup.com/images/500x500sq/std.lang.all/46/28/asset-2834628.jpg",
    "content": "450g",
    "walkRouteSequenceNumber": 17526,
    "price": {
      "basicPrice": 3.29,
      "recommendedQuantity": "1.0",
      "measurementUnitPrice": 7.32,
      "measurementUnit": "K",
      "isRedPrice": false,
      "pricePerUOM": 7.32,
      "activationDate": "19-03-2024",
      "recordSource": "Offline",
      "isPromoActive": "N",
      "priceChangeCode": "H"
    },
    "isAvailable": true,
    "isPriceAvailable": true,
    "inPromo": false,
    "gtin": [
      "08710398508003",
      "08710398507990"
    ],
    "topCategoryName": "Brood/Ontbijt",
    "topCategoryId": "124",
    "businessDomain": "RETAIL_BE",
    "IsPrivateLabel": false,
    "IsBiffe": false,
    "WeightconversionFactor": "0",
    "IsWeightArticle": false,
    "nutriscoreLabel": "A",
    "IsBio": false,
    "CountryOfOrigin": "BELGIË",
    "IsExclusivelySoldInLuxembourg": false,
    "OrderUnit": "P",
    "ShortName": "QUAK GRANOLA NOT&ZAD450",
    "IsNew": false,
    "RecentQuanityOfStockUnits": "1,6",
    "LongName": "QUAKER CRUESLI granola noten&zaden 450g",
    "AlcoholVolume": "0",
    "FicCode": "E"
  },
  {
    "productId": "671497",
    "technicalArticleNumber": "4384887",
    "commercialArticleNumber": "24437",
    "name": "veggie wrap wortelen 25cm",
    "brand": "POCO LOCO",
    "seoBrand": "Poco Loco",
    "thumbNail": "https://static.colruytgroup.com/images/200x200/std.lang.all/13/80/asset-2821380.jpg",
    "fullImage": "https://static.colruytgroup.com/images/500x500/std.lang.all/13/80/asset-2821380.jpg",
    "squareImage": "https://static.colruytgroup.com/images/500x500sq/std.lang.all/13/80/asset-2821380.jpg",
    "content": "370g",
    "walkRouteSequenceNumber": 8578,
    "price": {
      "basicPrice": 3.39,
      "recommendedQuantity": "1.0",
      "measurementUnitPrice": 9.17,
      "measurementUnit": "K",
      "isRedPrice": false,
      "pricePerUOM": 9.17,
      "activationDate": "16-01-2024",
      "isPromoActive": "N",
      "priceChangeCode": "H"
    },
    "isAvailable": true,
    "isPriceAvailable": true,
    "inPromo": false,
    "gtin": [
      "05412514936921",
      "15412514936928"
    ],
    "topCategoryName": "Brood/Ontbijt",
    "topCategoryId": "124",
    "businessDomain": "RETAIL_BE",
    "IsPrivateLabel": false,
    "IsBiffe": false,
    "WeightconversionFactor": "0",
    "IsWeightArticle": false,
    "nutriscoreLabel": "C",
    "IsBio": false,
    "CountryOfOrigin": "VERENIGD KONINKRIJK",
    "IsExclusivelySoldInLuxembourg": false,
    "OrderUnit": "P",
    "ShortName": "POCO VEG.WRAP W.6S 370G",
    "IsNew": false,
    "EcoscoreLabel": "B",
    "RecentQuanityOfStockUnits": "1",
    "LongName": "POCO LOCO veggie wrap wortelen 25cm 370g",
    "FicCode": "E",
    "EcoscoreValue": "73"
  },
  {
    "productId": "847782",
    "technicalArticleNumber": "4694536",
    "commercialArticleNumber": "22216",
    "name": "Crun.Var.pack Fam.",
    "description": "*Haverkoek\n*Mix: Oats & Honey,\nCanadian Mapl syrup,\nOats & Dark chocolat",
    "brand": "NATURE VALLEY",
    "seoBrand": "Nature Valley",
    "thumbNail": "https://static.colruytgroup.com/images/200x200/std.lang.all/68/70/asset-3036870.jpg",
    "fullImage": "https://static.colruytgroup.com/images/500x500/std.lang.all/68/70/asset-3036870.jpg",
    "squareImage": "https://static.colruytgroup.com/images/500x500sq/std.lang.all/68/70/asset-3036870.jpg",
    "content": "10x42g",
    "walkRouteSequenceNumber": 2203,
    "price": {
      "basicPrice": 5.79,
      "recommendedQuantity": "1.0",
      "measurementUnitPrice": 13.79,
      "measurementUnit": "K",
      "isRedPrice": false,
      "pricePerUOM": 13.79,
      "activationDate": "29-02-2024",
      "isPromoActive": "N",
      "priceChangeCode": "H"
    },
    "isAvailable": true,
    "isPriceAvailable": true,
    "inPromo": false,
    "gtin": [
      "08410076601704",
      "08410076703194"
    ],
    "topCategoryName": "Brood/Ontbijt",
    "topCategoryId": "124",
    "businessDomain": "RETAIL_BE",
    "IsPrivateLabel": false,
    "IsBiffe": false,
    "WeightconversionFactor": "0",
    "IsWeightArticle": false,
    "nutriscoreLabel": "D",
    "IsBio": false,
    "CountryOfOrigin": "SPANJE",
    "IsExclusivelySoldInLuxembourg": false,
    "OrderUnit": "P",
    "ShortName": "NAVA CRUN VAR FAM 10X42",
    "IsNew": false,
    "EcoscoreLabel": "D",
    "RecentQuanityOfStockUnits": "1",
    "LongName": "NATURE VALLEY Crun.Var.pack Fam. 10x42g",
    "FicCode": "E",
    "EcoscoreValue": "35"
  },
  {
    "productId": "755349",
    "technicalArticleNumber": "4529970",
    "commercialArticleNumber": "6740",
    "name": "protein crunch granola",
    "brand": "HOLIE",
    "seoBrand": "Holie",
    "thumbNail": "https://static.colruytgroup.com/images/200x200/std.lang.all/41/06/asset-2994106.jpg",
    "fullImage": "https://static.colruytgroup.com/images/500x500/std.lang.all/41/06/asset-2994106.jpg",
    "squareImage": "https://static.colruytgroup.com/images/500x500sq/std.lang.all/41/06/asset-2994106.jpg",
    "content": "350g",
    "walkRouteSequenceNumber": 17482,
    "price": {
      "basicPrice": 3.69,
      "recommendedQuantity": "1.0",
      "measurementUnitPrice": 10.55,
      "measurementUnit": "K",
      "isRedPrice": false,
      "pricePerUOM": 10.55,
      "activationDate": "18-03-2024",
      "recordSource": "Offline",
      "isPromoActive": "N",
      "priceChangeCode": "E"
    },
    "isAvailable": true,
    "isPriceAvailable": true,
    "inPromo": false,
    "gtin": [
      "08719327097663",
      "08719327097649"
    ],
    "topCategoryName": "Brood/Ontbijt",
    "topCategoryId": "124",
    "businessDomain": "RETAIL_BE",
    "IsPrivateLabel": false,
    "IsBiffe": false,
    "WeightconversionFactor": "0",
    "IsWeightArticle": false,
    "nutriscoreLabel": "A",
    "IsBio": false,
    "CountryOfOrigin": "NEDERLAND",
    "IsExclusivelySoldInLuxembourg": false,
    "OrderUnit": "P",
    "ShortName": "HOLI PRO.CRUNCH GRAN350",
    "IsNew": false,
    "EcoscoreLabel": "B",
    "RecentQuanityOfStockUnits": "1,6",
    "LongName": "HOLIE protein crunch granola 350g",
    "FicCode": "E",
    "EcoscoreValue": "61"
  },
  {
    "productId": "56958",
    "technicalArticleNumber": "2328989",
    "commercialArticleNumber": "18485",
    "description": "*Gepofte maïs met\nhoning",
    "brand": "KELLOGG'S MIEL POPS",
    "seoBrand": "Kellogg's Miel Pops",
    "thumbNail": "https://static.colruytgroup.com/images/200x200/std.lang.all/32/79/asset-2203279.jpg",
    "fullImage": "https://static.colruytgroup.com/images/500x500/std.lang.all/32/79/asset-2203279.jpg",
    "squareImage": "https://static.colruytgroup.com/images/500x500sq/std.lang.all/32/79/asset-2203279.jpg",
    "content": "600g",
    "walkRouteSequenceNumber": 17272,
    "price": {
      "basicPrice": 4.7,
      "recommendedQuantity": "1.0",
      "measurementUnitPrice": 7.84,
      "measurementUnit": "K",
      "isRedPrice": false,
      "pricePerUOM": 7.84,
      "activationDate": "29-02-2024",
      "recordSource": "Offline",
      "isPromoActive": "N",
      "priceChangeCode": "H"
    },
    "isAvailable": true,
    "isPriceAvailable": true,
    "inPromo": false,
    "gtin": [
      "05053827104890",
      "05050083509605"
    ],
    "topCategoryName": "Brood/Ontbijt",
    "topCategoryId": "124",
    "businessDomain": "RETAIL_BE",
    "IsPrivateLabel": false,
    "IsBiffe": false,
    "WeightconversionFactor": "0",
    "IsWeightArticle": false,
    "nutriscoreLabel": "B",
    "IsBio": false,
    "CountryOfOrigin": "EUROPA",
    "IsExclusivelySoldInLuxembourg": false,
    "OrderUnit": "P",
    "ShortName": "KELL HONEY POPS 600GR",
    "IsNew": false,
    "RecentQuanityOfStockUnits": "1",
    "LongName": "KELLOGG'S MIEL POPS 600g",
    "AlcoholVolume": "0",
    "FicCode": "E"
  },
  {
    "productId": "1057",
    "technicalArticleNumber": "29972",
    "commercialArticleNumber": "29972",
    "name": "vruchtenbrood volkoren",
    "description": "*Met zuiderse\nvruchten en nootjes",
    "brand": "EXOSUD",
    "seoBrand": "Exosud",
    "thumbNail": "https://static.colruytgroup.com/images/200x200/std.lang.all/11/37/asset-3361137.jpg",
    "fullImage": "https://static.colruytgroup.com/images/500x500/std.lang.all/11/37/asset-3361137.jpg",
    "squareImage": "https://static.colruytgroup.com/images/500x500sq/std.lang.all/11/37/asset-3361137.jpg",
    "content": "400g",
    "walkRouteSequenceNumber": 6585,
    "price": {
      "basicPrice": 4.29,
      "recommendedQuantity": "1.0",
      "measurementUnitPrice": 10.73,
      "measurementUnit": "K",
      "isRedPrice": false,
      "pricePerUOM": 10.73,
      "activationDate": "28-02-2024",
      "recordSource": "Offline",
      "isPromoActive": "N",
      "priceChangeCode": "H"
    },
    "isAvailable": true,
    "isPriceAvailable": true,
    "inPromo": false,
    "gtin": [
      "05410724400911",
      "05410724600960",
      "05410724400119"
    ],
    "topCategoryName": "Brood/Ontbijt",
    "topCategoryId": "124",
    "businessDomain": "RETAIL_BE",
    "IsPrivateLabel": false,
    "IsBiffe": false,
    "WeightconversionFactor": "0",
    "IsWeightArticle": false,
    "nutriscoreLabel": "D",
    "IsBio": false,
    "CountryOfOrigin": "BELGIË",
    "IsExclusivelySoldInLuxembourg": false,
    "OrderUnit": "P",
    "ShortName": "EXO VRUCHTENBROOD 400G",
    "IsNew": false,
    "EcoscoreLabel": "A",
    "RecentQuanityOfStockUnits": "1",
    "LongName": "EXOSUD vruchtenbrood volkoren 400g",
    "AlcoholVolume": "0",
    "FicCode": "E",
    "EcoscoreValue": "100"
  },
  {
    "productId": "869928",
    "technicalArticleNumber": "4723375",
    "commercialArticleNumber": "20288",
    "name": "ontbijtgranen",
    "description": "*Ontbijtgranen met\nchocolade en karamel",
    "brand": "NESTLÉ LION",
    "seoBrand": "Nestlé Lion",
    "thumbNail": "https://static.colruytgroup.com/images/200x200/std.lang.all/74/00/asset-3207400.jpg",
    "fullImage": "https://static.colruytgroup.com/images/500x500/std.lang.all/74/00/asset-3207400.jpg",
    "squareImage": "https://static.colruytgroup.com/images/500x500sq/std.lang.all/74/00/asset-3207400.jpg",
    "content": "480g",
    "walkRouteSequenceNumber": 17194,
    "price": {
      "basicPrice": 4.49,
      "recommendedQuantity": "1.0",
      "measurementUnitPrice": 9.36,
      "measurementUnit": "K",
      "isRedPrice": false,
      "pricePerUOM": 9.36,
      "activationDate": "20-03-2024",
      "recordSource": "Offline",
      "isPromoActive": "N",
      "priceChangeCode": "L"
    },
    "isAvailable": true,
    "isPriceAvailable": true,
    "inPromo": false,
    "gtin": [
      "07613032192570",
      "08445290833150"
    ],
    "topCategoryName": "Brood/Ontbijt",
    "topCategoryId": "124",
    "businessDomain": "RETAIL_BE",
    "IsPrivateLabel": false,
    "IsBiffe": false,
    "WeightconversionFactor": "0",
    "IsWeightArticle": false,
    "nutriscoreLabel": "C",
    "IsBio": false,
    "CountryOfOrigin": "BELGIË",
    "IsExclusivelySoldInLuxembourg": false,
    "OrderUnit": "P",
    "ShortName": "NEST LION 480G",
    "IsNew": false,
    "RecentQuanityOfStockUnits": "1",
    "LongName": "NESTLÉ LION ontbijtgranen 480g",
    "AlcoholVolume": "0",
    "FicCode": "E"
  },
  {
    "productId": "16060",
    "technicalArticleNumber": "1539721",
    "commercialArticleNumber": "31045",
    "name": "eierkoek",
    "brand": "MESSELY",
    "seoBrand": "Messely",
    "thumbNail": "https://static.colruytgroup.com/images/200x200/std.lang.all/82/19/asset-3178219.jpg",
    "fullImage": "https://static.colruytgroup.com/images/500x500/std.lang.all/82/19/asset-3178219.jpg",
    "squareImage": "https://static.colruytgroup.com/images/500x500sq/std.lang.all/82/19/asset-3178219.jpg",
    "content": "350g",
    "walkRouteSequenceNumber": 9762,
    "price": {
      "basicPrice": 2.59,
      "recommendedQuantity": "1.0",
      "measurementUnitPrice": 7.4,
      "measurementUnit": "K",
      "isRedPrice": false,
      "pricePerUOM": 7.4,
      "activationDate": "13-03-2024",
      "isPromoActive": "N",
      "priceChangeCode": "E"
    },
    "isAvailable": true,
    "isPriceAvailable": true,
    "inPromo": false,
    "gtin": [
      "05412612023431",
      "15400141410454"
    ],
    "topCategoryName": "Brood/Ontbijt",
    "topCategoryId": "124",
    "businessDomain": "RETAIL_BE",
    "IsPrivateLabel": false,
    "IsBiffe": false,
    "WeightconversionFactor": "0",
    "IsWeightArticle": false,
    "nutriscoreLabel": "D",
    "IsBio": false,
    "CountryOfOrigin": "BELGIË",
    "IsExclusivelySoldInLuxembourg": false,
    "OrderUnit": "P",
    "ShortName": "RE WEVELG. EIERKOEKEN 5",
    "IsNew": false,
    "EcoscoreLabel": "C",
    "RecentQuanityOfStockUnits": "1",
    "LongName": "MESSELY eierkoek 350g",
    "AlcoholVolume": "0",
    "FicCode": "E",
    "EcoscoreValue": "49"
  },
  {
    "productId": "11926",
    "technicalArticleNumber": "1391747",
    "commercialArticleNumber": "16071",
    "name": "chocopasta wit",
    "brand": "KWATTA",
    "seoBrand": "Kwatta",
    "thumbNail": "https://static.colruytgroup.com/images/200x200/std.lang.all/68/63/asset-3036863.jpg",
    "fullImage": "https://static.colruytgroup.com/images/500x500/std.lang.all/68/63/asset-3036863.jpg",
    "squareImage": "https://static.colruytgroup.com/images/500x500sq/std.lang.all/68/63/asset-3036863.jpg",
    "content": "400g",
    "walkRouteSequenceNumber": 17641,
    "price": {
      "basicPrice": 4.35,
      "recommendedQuantity": "1.0",
      "measurementUnitPrice": 10.88,
      "measurementUnit": "K",
      "isRedPrice": false,
      "pricePerUOM": 10.88,
      "activationDate": "06-03-2024",
      "recordSource": "Offline",
      "isPromoActive": "N",
      "priceChangeCode": "H"
    },
    "isAvailable": true,
    "isPriceAvailable": true,
    "inPromo": false,
    "gtin": [
      "05410018970090",
      "05410018970083"
    ],
    "topCategoryName": "Brood/Ontbijt",
    "topCategoryId": "124",
    "businessDomain": "RETAIL_BE",
    "IsPrivateLabel": false,
    "IsBiffe": false,
    "WeightconversionFactor": "0",
    "IsWeightArticle": false,
    "nutriscoreLabel": "E",
    "IsBio": false,
    "CountryOfOrigin": "EUROPA",
    "IsExclusivelySoldInLuxembourg": false,
    "OrderUnit": "P",
    "ShortName": "KWATTA CHOCO WIT 400G",
    "IsNew": false,
    "EcoscoreLabel": "D",
    "RecentQuanityOfStockUnits": "1",
    "LongName": "KWATTA chocopasta wit 400g",
    "AlcoholVolume": "0",
    "FicCode": "E",
    "EcoscoreValue": "30"
  },
  {
    "productId": "851124",
    "technicalArticleNumber": "4699057",
    "commercialArticleNumber": "30925",
    "name": "Raw Bar framboos",
    "brand": "BONI",
    "seoBrand": "Boni Selection",
    "thumbNail": "https://static.colruytgroup.com/images/200x200/std.lang.all/38/73/asset-3253873.jpg",
    "fullImage": "https://static.colruytgroup.com/images/500x500/std.lang.all/38/73/asset-3253873.jpg",
    "squareImage": "https://static.colruytgroup.com/images/500x500sq/std.lang.all/38/73/asset-3253873.jpg",
    "content": "4x35g",
    "walkRouteSequenceNumber": 2169,
    "price": {
      "basicPrice": 2.49,
      "recommendedQuantity": "1.0",
      "measurementUnitPrice": 17.79,
      "measurementUnit": "K",
      "isRedPrice": false,
      "pricePerUOM": 17.79,
      "activationDate": "20-09-2023",
      "isPromoActive": "N",
      "priceChangeCode": "E"
    },
    "isAvailable": true,
    "isPriceAvailable": true,
    "inPromo": false,
    "gtin": [
      "15400141615385",
      "05400141615388"
    ],
    "topCategoryName": "Brood/Ontbijt",
    "topCategoryId": "124",
    "businessDomain": "RETAIL_BE",
    "IsPrivateLabel": true,
    "IsBiffe": false,
    "WeightconversionFactor": "0",
    "IsWeightArticle": false,
    "nutriscoreLabel": "D",
    "IsBio": false,
    "CountryOfOrigin": "TSJECHIË (REPUBLIEK)",
    "IsExclusivelySoldInLuxembourg": false,
    "OrderUnit": "P",
    "ShortName": "BONI RAW BAR FRAMBO4X35",
    "IsNew": false,
    "EcoscoreLabel": "D",
    "RecentQuanityOfStockUnits": "1,12",
    "LongName": "BONI Raw Bar framboos 4x35g",
    "FicCode": "I",
    "EcoscoreValue": "33"
  },
  {
    "productId": "1079",
    "technicalArticleNumber": "15950",
    "commercialArticleNumber": "15950",
    "name": "cracker tarwe",
    "description": "*Cracker, tarwe,\nrechthoekig\n*10 vershoudzakjes",
    "brand": "LU PAROVITA",
    "seoBrand": "LU Parovita",
    "thumbNail": "https://static.colruytgroup.com/images/200x200/std.lang.all/91/02/asset-1129102.jpg",
    "fullImage": "https://static.colruytgroup.com/images/500x500/std.lang.all/91/02/asset-1129102.jpg",
    "squareImage": "https://static.colruytgroup.com/images/500x500sq/std.lang.all/91/02/asset-1129102.jpg",
    "content": "330g",
    "walkRouteSequenceNumber": 17074,
    "price": {
      "basicPrice": 3.99,
      "recommendedQuantity": "1.0",
      "measurementUnitPrice": 12.1,
      "measurementUnit": "K",
      "isRedPrice": false,
      "pricePerUOM": 12.1,
      "activationDate": "23-03-2024",
      "recordSource": "Online",
      "isPromoActive": "N",
      "priceChangeCode": "E"
    },
    "isAvailable": true,
    "isPriceAvailable": true,
    "inPromo": false,
    "gtin": [
      "05410041188400",
      "15410041430506",
      "15410041008309"
    ],
    "topCategoryName": "Brood/Ontbijt",
    "topCategoryId": "124",
    "businessDomain": "RETAIL_BE",
    "IsPrivateLabel": false,
    "IsBiffe": false,
    "WeightconversionFactor": "0",
    "IsWeightArticle": false,
    "nutriscoreLabel": "D",
    "IsBio": false,
    "CountryOfOrigin": "POLEN",
    "IsExclusivelySoldInLuxembourg": false,
    "OrderUnit": "P",
    "ShortName": "LU PAROVITA TARWE 330GR",
    "IsNew": false,
    "RecentQuanityOfStockUnits": "1",
    "LongName": "LU PAROVITA cracker tarwe 330g",
    "AlcoholVolume": "0",
    "FicCode": "E"
  },
  {
    "productId": "807767",
    "technicalArticleNumber": "4629502",
    "commercialArticleNumber": "8302",
    "name": "zond.toe.suiker",
    "description": "*Bereid met 700g\nvruchten per 100g\n*Van nature aanwezige\nsuikers\n*Peren,appelen,dadels",
    "brand": "ECHTE LUIKSE SIROOP",
    "seoBrand": "Meurens",
    "thumbNail": "https://static.colruytgroup.com/images/200x200/nl_be/79/19/asset-2847919.jpg",
    "fullImage": "https://static.colruytgroup.com/images/500x500/nl_be/79/19/asset-2847919.jpg",
    "squareImage": "https://static.colruytgroup.com/images/500x500sq/nl_be/79/19/asset-2847919.jpg",
    "content": "450g",
    "walkRouteSequenceNumber": 17976,
    "price": {
      "basicPrice": 2.75,
      "recommendedQuantity": "1.0",
      "measurementUnitPrice": 6.12,
      "measurementUnit": "K",
      "isRedPrice": false,
      "pricePerUOM": 6.12,
      "activationDate": "09-01-2024",
      "recordSource": "Online",
      "isPromoActive": "N",
      "priceChangeCode": "L"
    },
    "isAvailable": true,
    "isPriceAvailable": true,
    "inPromo": false,
    "gtin": [
      "04008169334505",
      "04008169334123"
    ],
    "topCategoryName": "Brood/Ontbijt",
    "topCategoryId": "124",
    "businessDomain": "RETAIL_BE",
    "IsPrivateLabel": false,
    "IsBiffe": false,
    "WeightconversionFactor": "0",
    "IsWeightArticle": false,
    "nutriscoreLabel": "D",
    "IsBio": false,
    "CountryOfOrigin": "BELGIË",
    "IsExclusivelySoldInLuxembourg": false,
    "OrderUnit": "P",
    "ShortName": "ECHT.LUIK.SIR.ZO.SUI450",
    "IsNew": false,
    "RecentQuanityOfStockUnits": "1",
    "LongName": "ECHTE LUIKSE SIROOP zond.toe.suiker 450g",
    "AlcoholVolume": "0",
    "FicCode": "E"
  },
  {
    "productId": "850261",
    "technicalArticleNumber": "4697668",
    "commercialArticleNumber": "30853",
    "name": "Raw Bar bosbessen",
    "brand": "BONI",
    "seoBrand": "Boni Selection",
    "thumbNail": "https://static.colruytgroup.com/images/200x200/std.lang.all/72/34/asset-3257234.jpg",
    "fullImage": "https://static.colruytgroup.com/images/500x500/std.lang.all/72/34/asset-3257234.jpg",
    "squareImage": "https://static.colruytgroup.com/images/500x500sq/std.lang.all/72/34/asset-3257234.jpg",
    "content": "4x35g",
    "walkRouteSequenceNumber": 2167,
    "price": {
      "basicPrice": 2.49,
      "recommendedQuantity": "1.0",
      "measurementUnitPrice": 17.79,
      "measurementUnit": "K",
      "isRedPrice": false,
      "pricePerUOM": 17.79,
      "activationDate": "20-09-2023",
      "isPromoActive": "N",
      "priceChangeCode": "E"
    },
    "isAvailable": true,
    "isPriceAvailable": true,
    "inPromo": false,
    "gtin": [
      "05400141615364",
      "15400141615361"
    ],
    "topCategoryName": "Brood/Ontbijt",
    "topCategoryId": "124",
    "businessDomain": "RETAIL_BE",
    "IsPrivateLabel": true,
    "IsBiffe": false,
    "WeightconversionFactor": "0",
    "IsWeightArticle": false,
    "nutriscoreLabel": "D",
    "IsBio": false,
    "CountryOfOrigin": "TSJECHIË (REPUBLIEK)",
    "IsExclusivelySoldInLuxembourg": false,
    "OrderUnit": "P",
    "ShortName": "BONI RAW BAR BOSBES4X35",
    "IsNew": false,
    "EcoscoreLabel": "C",
    "RecentQuanityOfStockUnits": "1,12",
    "LongName": "BONI Raw Bar bosbessen 4x35g",
    "FicCode": "I",
    "EcoscoreValue": "53"
  },
  {
    "productId": "854544",
    "technicalArticleNumber": "4703560",
    "commercialArticleNumber": "31258",
    "name": "Melkchocolade",
    "description": "*Met 14% melkchocolade\n*",
    "brand": "SPECIAL K",
    "seoBrand": "Kellogg's Special K",
    "thumbNail": "https://static.colruytgroup.com/images/200x200/std.lang.all/10/84/asset-3211084.jpg",
    "fullImage": "https://static.colruytgroup.com/images/500x500/std.lang.all/10/84/asset-3211084.jpg",
    "squareImage": "https://static.colruytgroup.com/images/500x500sq/std.lang.all/10/84/asset-3211084.jpg",
    "content": "500g",
    "walkRouteSequenceNumber": 17503,
    "price": {
      "basicPrice": 4.16,
      "recommendedQuantity": "1.0",
      "measurementUnitPrice": 8.32,
      "measurementUnit": "K",
      "isRedPrice": false,
      "pricePerUOM": 8.32,
      "activationDate": "23-03-2024",
      "recordSource": "Folder",
      "isPromoActive": "N",
      "priceChangeCode": "E"
    },
    "isAvailable": true,
    "isPriceAvailable": true,
    "inPromo": false,
    "gtin": [
      "05059319027463",
      "05059319027739",
      "05059319025797"
    ],
    "topCategoryName": "Brood/Ontbijt",
    "topCategoryId": "124",
    "businessDomain": "RETAIL_BE",
    "IsPrivateLabel": false,
    "IsBiffe": false,
    "WeightconversionFactor": "0",
    "IsWeightArticle": false,
    "nutriscoreLabel": "C",
    "IsBio": false,
    "CountryOfOrigin": "VERENIGD KONINKRIJK",
    "IsExclusivelySoldInLuxembourg": false,
    "OrderUnit": "P",
    "ShortName": "KELL SPEC.K.MELKCHOC500",
    "IsNew": false,
    "RecentQuanityOfStockUnits": "2,1,12",
    "LongName": "SPECIAL K Melkchocolade 500g",
    "AlcoholVolume": "0",
    "FicCode": "E"
  },
  {
    "productId": "166",
    "technicalArticleNumber": "15405",
    "commercialArticleNumber": "15405",
    "name": "ger.brood volkoren",
    "description": "*Zweedse broodjes,\nvolkoren",
    "brand": "KRISPROLLS",
    "seoBrand": "Krisprolls",
    "thumbNail": "https://static.colruytgroup.com/images/200x200/std.lang.all/83/77/asset-2718377.jpg",
    "fullImage": "https://static.colruytgroup.com/images/500x500/std.lang.all/83/77/asset-2718377.jpg",
    "squareImage": "https://static.colruytgroup.com/images/500x500sq/std.lang.all/83/77/asset-2718377.jpg",
    "content": "400g",
    "walkRouteSequenceNumber": 17060,
    "price": {
      "basicPrice": 4.29,
      "recommendedQuantity": "1.0",
      "measurementUnitPrice": 10.73,
      "measurementUnit": "K",
      "isRedPrice": false,
      "pricePerUOM": 10.73,
      "activationDate": "23-03-2024",
      "recordSource": "Offline",
      "isPromoActive": "N",
      "priceChangeCode": "E"
    },
    "isAvailable": true,
    "isPriceAvailable": true,
    "inPromo": false,
    "gtin": [
      "07311070330908",
      "17311070330905"
    ],
    "topCategoryName": "Brood/Ontbijt",
    "topCategoryId": "124",
    "businessDomain": "RETAIL_BE",
    "IsPrivateLabel": false,
    "IsBiffe": false,
    "WeightconversionFactor": "0",
    "IsWeightArticle": false,
    "nutriscoreLabel": "C",
    "IsBio": false,
    "CountryOfOrigin": "ZWEDEN",
    "IsExclusivelySoldInLuxembourg": false,
    "OrderUnit": "P",
    "ShortName": "KRISPROLLS VOLKOREN 400",
    "IsNew": false,
    "EcoscoreLabel": "B",
    "RecentQuanityOfStockUnits": "1",
    "LongName": "KRISPROLLS ger.brood volkoren 400g",
    "AlcoholVolume": "0",
    "FicCode": "E",
    "EcoscoreValue": "62"
  },
  {
    "productId": "492581",
    "technicalArticleNumber": "4036368",
    "commercialArticleNumber": "5814",
    "name": "chia wraps 6st",
    "brand": "POCO LOCO",
    "seoBrand": "Poco Loco",
    "thumbNail": "https://static.colruytgroup.com/images/200x200/std.lang.all/84/53/asset-1758453.jpg",
    "fullImage": "https://static.colruytgroup.com/images/500x500/std.lang.all/84/53/asset-1758453.jpg",
    "squareImage": "https://static.colruytgroup.com/images/500x500sq/std.lang.all/84/53/asset-1758453.jpg",
    "content": "370g",
    "walkRouteSequenceNumber": 8586,
    "price": {
      "basicPrice": 2.89,
      "recommendedQuantity": "1.0",
      "measurementUnitPrice": 7.82,
      "measurementUnit": "K",
      "isRedPrice": false,
      "pricePerUOM": 7.82,
      "activationDate": "14-11-2023",
      "isPromoActive": "N",
      "priceChangeCode": "E"
    },
    "isAvailable": true,
    "isPriceAvailable": true,
    "inPromo": false,
    "gtin": [
      "05412514936426",
      "15412514936423"
    ],
    "topCategoryName": "Brood/Ontbijt",
    "topCategoryId": "124",
    "businessDomain": "RETAIL_BE",
    "IsPrivateLabel": false,
    "IsBiffe": false,
    "WeightconversionFactor": "0",
    "IsWeightArticle": false,
    "nutriscoreLabel": "C",
    "IsBio": false,
    "CountryOfOrigin": "BELGIË",
    "IsExclusivelySoldInLuxembourg": false,
    "OrderUnit": "P",
    "ShortName": "POCO CHIA WRAPS 6ST370G",
    "IsNew": false,
    "EcoscoreLabel": "B",
    "RecentQuanityOfStockUnits": "1,14",
    "LongName": "POCO LOCO chia wraps 6st 370g",
    "FicCode": "E",
    "EcoscoreValue": "73"
  },
  {
    "productId": "212163",
    "technicalArticleNumber": "3507548",
    "commercialArticleNumber": "50572",
    "name": "gelei aalbessen 61%",
    "description": "*61 vruchten",
    "brand": "BONI",
    "seoBrand": "Boni Selection",
    "thumbNail": "https://static.colruytgroup.com/images/200x200/std.lang.all/87/93/asset-2478793.jpg",
    "fullImage": "https://static.colruytgroup.com/images/500x500/std.lang.all/87/93/asset-2478793.jpg",
    "squareImage": "https://static.colruytgroup.com/images/500x500sq/std.lang.all/87/93/asset-2478793.jpg",
    "content": "370g",
    "walkRouteSequenceNumber": 17904,
    "price": {
      "basicPrice": 1.85,
      "recommendedQuantity": "1.0",
      "measurementUnitPrice": 5,
      "measurementUnit": "K",
      "isRedPrice": false,
      "pricePerUOM": 5,
      "activationDate": "19-03-2024",
      "recordSource": "Offline",
      "isPromoActive": "N",
      "priceChangeCode": "E"
    },
    "isAvailable": true,
    "isPriceAvailable": true,
    "inPromo": false,
    "gtin": [
      "05400141348552",
      "15400141348559",
      "15400141838593",
      "05400141404241",
      "15400141974758",
      "05400141974751"
    ],
    "topCategoryName": "Brood/Ontbijt",
    "topCategoryId": "124",
    "businessDomain": "RETAIL_BE",
    "IsPrivateLabel": true,
    "IsBiffe": false,
    "WeightconversionFactor": "0",
    "IsWeightArticle": false,
    "nutriscoreLabel": "D",
    "IsBio": false,
    "CountryOfOrigin": "FRANKRIJK",
    "IsExclusivelySoldInLuxembourg": false,
    "OrderUnit": "P",
    "ShortName": "BONI AALBESGELEI61%370G",
    "IsNew": false,
    "EcoscoreLabel": "B",
    "RecentQuanityOfStockUnits": "1",
    "LongName": "BONI gelei aalbessen 61% 370g",
    "AlcoholVolume": "0",
    "FicCode": "I",
    "EcoscoreValue": "76"
  },
  {
    "productId": "96638",
    "technicalArticleNumber": "2799214",
    "commercialArticleNumber": "8922",
    "name": "chocopasta melk",
    "brand": "KWATTA",
    "seoBrand": "Kwatta",
    "thumbNail": "https://static.colruytgroup.com/images/200x200/std.lang.all/94/77/asset-589477.jpg",
    "fullImage": "https://static.colruytgroup.com/images/500x500/std.lang.all/94/77/asset-589477.jpg",
    "squareImage": "https://static.colruytgroup.com/images/500x500sq/std.lang.all/94/77/asset-589477.jpg",
    "content": "600g",
    "walkRouteSequenceNumber": 17640,
    "price": {
      "basicPrice": 4.99,
      "recommendedQuantity": "1.0",
      "measurementUnitPrice": 8.32,
      "measurementUnit": "K",
      "isRedPrice": false,
      "pricePerUOM": 8.32,
      "activationDate": "06-03-2024",
      "recordSource": "Offline",
      "isPromoActive": "N",
      "priceChangeCode": "H"
    },
    "isAvailable": true,
    "isPriceAvailable": true,
    "inPromo": false,
    "gtin": [
      "05410018792029",
      "05410018792135",
      "05410018797468",
      "05410018792319",
      "05410018797413",
      "05410018792302"
    ],
    "topCategoryName": "Brood/Ontbijt",
    "topCategoryId": "124",
    "businessDomain": "RETAIL_BE",
    "IsPrivateLabel": false,
    "IsBiffe": false,
    "WeightconversionFactor": "0",
    "IsWeightArticle": false,
    "nutriscoreLabel": "E",
    "IsBio": false,
    "CountryOfOrigin": "EUROPA",
    "IsExclusivelySoldInLuxembourg": false,
    "OrderUnit": "P",
    "ShortName": "KWATTA CHOCO MELK 600G",
    "IsNew": false,
    "EcoscoreLabel": "D",
    "RecentQuanityOfStockUnits": "1",
    "LongName": "KWATTA chocopasta melk 600g",
    "AlcoholVolume": "0",
    "FicCode": "E",
    "EcoscoreValue": "30"
  },
  {
    "productId": "563176",
    "technicalArticleNumber": "4202599",
    "commercialArticleNumber": "15584",
    "name": "granola nuts&seeds",
    "brand": "HOLIE",
    "seoBrand": "Holie",
    "thumbNail": "https://static.colruytgroup.com/images/200x200/std.lang.all/41/05/asset-2994105.jpg",
    "fullImage": "https://static.colruytgroup.com/images/500x500/std.lang.all/41/05/asset-2994105.jpg",
    "squareImage": "https://static.colruytgroup.com/images/500x500sq/std.lang.all/41/05/asset-2994105.jpg",
    "content": "350g",
    "walkRouteSequenceNumber": 17481,
    "price": {
      "basicPrice": 2.99,
      "recommendedQuantity": "1.0",
      "measurementUnitPrice": 8.55,
      "measurementUnit": "K",
      "isRedPrice": false,
      "pricePerUOM": 8.55,
      "activationDate": "18-03-2024",
      "recordSource": "Offline",
      "isPromoActive": "N",
      "priceChangeCode": "E"
    },
    "isAvailable": true,
    "isPriceAvailable": true,
    "inPromo": false,
    "gtin": [
      "08719327044384",
      "08719327044353"
    ],
    "topCategoryName": "Brood/Ontbijt",
    "topCategoryId": "124",
    "businessDomain": "RETAIL_BE",
    "IsPrivateLabel": false,
    "IsBiffe": false,
    "WeightconversionFactor": "0",
    "IsWeightArticle": false,
    "nutriscoreLabel": "A",
    "IsBio": false,
    "CountryOfOrigin": "NEDERLAND",
    "IsExclusivelySoldInLuxembourg": false,
    "OrderUnit": "P",
    "ShortName": "HOLI GRANOL.NUT&SEED350",
    "IsNew": false,
    "EcoscoreLabel": "B",
    "RecentQuanityOfStockUnits": "1,6",
    "LongName": "HOLIE granola nuts&seeds 350g",
    "FicCode": "E",
    "EcoscoreValue": "61"
  },
  {
    "productId": "787936",
    "technicalArticleNumber": "4590668",
    "commercialArticleNumber": "24435",
    "name": "freshpack speculoos",
    "brand": "BONI",
    "seoBrand": "Boni Selection",
    "thumbNail": "https://static.colruytgroup.com/images/200x200/std.lang.all/79/78/asset-2877978.jpg",
    "fullImage": "https://static.colruytgroup.com/images/500x500/std.lang.all/79/78/asset-2877978.jpg",
    "squareImage": "https://static.colruytgroup.com/images/500x500sq/std.lang.all/79/78/asset-2877978.jpg",
    "content": "3x250g",
    "walkRouteSequenceNumber": 2129,
    "price": {
      "basicPrice": 3.69,
      "recommendedQuantity": "1.0",
      "measurementUnitPrice": 4.92,
      "measurementUnit": "K",
      "isRedPrice": false,
      "pricePerUOM": 4.92,
      "activationDate": "08-12-2023",
      "isPromoActive": "N",
      "priceChangeCode": "L"
    },
    "isAvailable": true,
    "isPriceAvailable": true,
    "inPromo": false,
    "gtin": [
      "05400141677706",
      "15400141677703"
    ],
    "topCategoryName": "Brood/Ontbijt",
    "topCategoryId": "124",
    "businessDomain": "RETAIL_BE",
    "IsPrivateLabel": true,
    "IsBiffe": false,
    "WeightconversionFactor": "0",
    "IsWeightArticle": false,
    "nutriscoreLabel": "E",
    "IsBio": false,
    "CountryOfOrigin": "BELGIË",
    "IsExclusivelySoldInLuxembourg": false,
    "OrderUnit": "P",
    "ShortName": "BONI FRESHP.SPEC.3X250G",
    "IsNew": false,
    "EcoscoreLabel": "C",
    "RecentQuanityOfStockUnits": "1",
    "LongName": "BONI freshpack speculoos 3x250g",
    "FicCode": "I",
    "EcoscoreValue": "57"
  },
  {
    "productId": "159",
    "technicalArticleNumber": "15063",
    "commercialArticleNumber": "15063",
    "name": "muesli",
    "description": "*Biologische muesli\nmet fruit en noten",
    "brand": "BONI BIO",
    "seoBrand": "Boni Selection Bio",
    "thumbNail": "https://static.colruytgroup.com/images/200x200/std.lang.all/35/84/asset-3363584.jpg",
    "fullImage": "https://static.colruytgroup.com/images/500x500/std.lang.all/35/84/asset-3363584.jpg",
    "squareImage": "https://static.colruytgroup.com/images/500x500sq/std.lang.all/35/84/asset-3363584.jpg",
    "content": "1kg",
    "walkRouteSequenceNumber": 17292,
    "price": {
      "basicPrice": 5.18,
      "recommendedQuantity": "1.0",
      "measurementUnitPrice": 5.18,
      "measurementUnit": "K",
      "isRedPrice": false,
      "pricePerUOM": 5.18,
      "activationDate": "16-03-2024",
      "recordSource": "Offline",
      "isPromoActive": "N",
      "priceChangeCode": "H"
    },
    "isAvailable": true,
    "isPriceAvailable": true,
    "inPromo": false,
    "gtin": [
      "05400141766165",
      "05400141799644",
      "05400141038118",
      "05400141038873",
      "05400141136685",
      "05400141143539",
      "05400141210897",
      "05400141368246",
      "15400141038870",
      "15400141143536",
      "15400141368243"
    ],
    "topCategoryName": "Brood/Ontbijt",
    "topCategoryId": "124",
    "businessDomain": "RETAIL_BE",
    "IsPrivateLabel": true,
    "IsBiffe": false,
    "WeightconversionFactor": "0",
    "IsWeightArticle": false,
    "nutriscoreLabel": "A",
    "IsBio": true,
    "CountryOfOrigin": "BELGIË",
    "IsExclusivelySoldInLuxembourg": false,
    "OrderUnit": "P",
    "ShortName": "BS BIO MUESLI 1 KG",
    "InSeason": true,
    "IsNew": false,
    "EcoscoreLabel": "A",
    "RecentQuanityOfStockUnits": "1,6",
    "LongName": "BONI BIO muesli 1kg",
    "AlcoholVolume": "0",
    "StartSeasonDate": "30/04/2015",
    "FicCode": "I",
    "EcoscoreValue": "89"
  },
  {
    "productId": "110929",
    "technicalArticleNumber": "3095085",
    "commercialArticleNumber": "42350",
    "name": "brood wit Classic glutenvrij",
    "description": "*Glutenvrij\n*Lactosevrij\n*Gesneden",
    "brand": "SCHÄR",
    "seoBrand": "Schär",
    "thumbNail": "https://static.colruytgroup.com/images/200x200/std.lang.all/88/50/asset-3448850.jpg",
    "fullImage": "https://static.colruytgroup.com/images/500x500/std.lang.all/88/50/asset-3448850.jpg",
    "squareImage": "https://static.colruytgroup.com/images/500x500sq/std.lang.all/88/50/asset-3448850.jpg",
    "content": "300g",
    "walkRouteSequenceNumber": 9749,
    "price": {
      "basicPrice": 2.99,
      "recommendedQuantity": "1.0",
      "measurementUnitPrice": 9.97,
      "measurementUnit": "K",
      "isRedPrice": false,
      "pricePerUOM": 9.97,
      "activationDate": "15-03-2024",
      "recordSource": "Offline",
      "isPromoActive": "N",
      "priceChangeCode": "L"
    },
    "isAvailable": true,
    "isPriceAvailable": true,
    "inPromo": false,
    "gtin": [
      "08008698010853",
      "08008698005576"
    ],
    "topCategoryName": "Brood/Ontbijt",
    "topCategoryId": "124",
    "businessDomain": "RETAIL_BE",
    "IsPrivateLabel": false,
    "IsBiffe": false,
    "WeightconversionFactor": "0",
    "IsWeightArticle": false,
    "nutriscoreLabel": "A",
    "IsBio": false,
    "CountryOfOrigin": "DUITSLAND",
    "IsExclusivelySoldInLuxembourg": false,
    "OrderUnit": "P",
    "ShortName": "SCHAR BROOD WIT GV 300G",
    "IsNew": false,
    "EcoscoreLabel": "B",
    "RecentQuanityOfStockUnits": "1,3",
    "LongName": "SCHÄR brood wit Classic glutenvrij 300g",
    "AlcoholVolume": "0",
    "FicCode": "E",
    "EcoscoreValue": "68"
  },
  {
    "productId": "346939",
    "technicalArticleNumber": "3740503",
    "commercialArticleNumber": "14173",
    "name": "crunchy haver&honing",
    "description": "*Vegan\n*Volkoren",
    "brand": "NATURE VALLEY",
    "seoBrand": "Nature Valley",
    "thumbNail": "https://static.colruytgroup.com/images/200x200/std.lang.all/15/93/asset-1421593.jpg",
    "fullImage": "https://static.colruytgroup.com/images/500x500/std.lang.all/15/93/asset-1421593.jpg",
    "squareImage": "https://static.colruytgroup.com/images/500x500sq/std.lang.all/15/93/asset-1421593.jpg",
    "content": "210g",
    "walkRouteSequenceNumber": 2204,
    "price": {
      "basicPrice": 2.99,
      "recommendedQuantity": "1.0",
      "measurementUnitPrice": 14.24,
      "measurementUnit": "K",
      "isRedPrice": false,
      "pricePerUOM": 14.24,
      "activationDate": "23-02-2024",
      "recordSource": "Offline",
      "isPromoActive": "N",
      "priceChangeCode": "H"
    },
    "isAvailable": true,
    "isPriceAvailable": true,
    "inPromo": false,
    "gtin": [
      "08410076601414",
      "08410076702418"
    ],
    "topCategoryName": "Brood/Ontbijt",
    "topCategoryId": "124",
    "businessDomain": "RETAIL_BE",
    "IsPrivateLabel": false,
    "IsBiffe": false,
    "WeightconversionFactor": "0",
    "IsWeightArticle": false,
    "nutriscoreLabel": "D",
    "IsBio": false,
    "CountryOfOrigin": "SPANJE",
    "IsExclusivelySoldInLuxembourg": false,
    "OrderUnit": "P",
    "ShortName": "NAVA CRUNCH HA&HON.210",
    "IsNew": false,
    "EcoscoreLabel": "D",
    "RecentQuanityOfStockUnits": "1,5",
    "LongName": "NATURE VALLEY crunchy haver&honing 210g",
    "AlcoholVolume": "0",
    "FicCode": "E",
    "EcoscoreValue": "35"
  },
  {
    "productId": "10124",
    "technicalArticleNumber": "1384441",
    "commercialArticleNumber": "15437",
    "name": "volkoren zon.toeg.suiker",
    "description": "*Zweedse broodjes,\nvolkoren\n*Zonder toegevoegde\nsuiker",
    "brand": "KRISPROLLS",
    "seoBrand": "Krisprolls",
    "thumbNail": "https://static.colruytgroup.com/images/200x200/std.lang.all/13/62/asset-2821362.jpg",
    "fullImage": "https://static.colruytgroup.com/images/500x500/std.lang.all/13/62/asset-2821362.jpg",
    "squareImage": "https://static.colruytgroup.com/images/500x500sq/std.lang.all/13/62/asset-2821362.jpg",
    "content": "225g",
    "walkRouteSequenceNumber": 17064,
    "price": {
      "basicPrice": 2.94,
      "recommendedQuantity": "1.0",
      "measurementUnitPrice": 13.07,
      "measurementUnit": "K",
      "isRedPrice": false,
      "pricePerUOM": 13.07,
      "activationDate": "23-02-2024",
      "recordSource": "Offline",
      "isPromoActive": "N",
      "priceChangeCode": "H"
    },
    "isAvailable": true,
    "isPriceAvailable": true,
    "inPromo": false,
    "gtin": [
      "17311070331421",
      "07311070331318"
    ],
    "topCategoryName": "Brood/Ontbijt",
    "topCategoryId": "124",
    "businessDomain": "RETAIL_BE",
    "IsPrivateLabel": false,
    "IsBiffe": false,
    "WeightconversionFactor": "0",
    "IsWeightArticle": false,
    "nutriscoreLabel": "A",
    "IsBio": false,
    "CountryOfOrigin": "ZWEDEN",
    "IsExclusivelySoldInLuxembourg": false,
    "OrderUnit": "P",
    "ShortName": "KRISPROLLS Z.T.SUIK.225",
    "IsNew": false,
    "EcoscoreLabel": "B",
    "RecentQuanityOfStockUnits": "1,15",
    "LongName": "KRISPROLLS volkoren zon.toeg.suiker 225g",
    "AlcoholVolume": "0",
    "FicCode": "E",
    "EcoscoreValue": "62"
  },
  {
    "productId": "99141",
    "technicalArticleNumber": "2806862",
    "commercialArticleNumber": "13040",
    "name": "melkchocolade",
    "description": "*Graankoekje gevuld met melkchocolade",
    "brand": "KELLOGG'S TRÉSOR",
    "seoBrand": "Kellogg's Trésor",
    "thumbNail": "https://static.colruytgroup.com/images/200x200/std.lang.all/69/92/asset-2046992.jpg",
    "fullImage": "https://static.colruytgroup.com/images/500x500/std.lang.all/69/92/asset-2046992.jpg",
    "squareImage": "https://static.colruytgroup.com/images/500x500sq/std.lang.all/69/92/asset-2046992.jpg",
    "content": "1kg",
    "walkRouteSequenceNumber": 17183,
    "price": {
      "basicPrice": 9.92,
      "recommendedQuantity": "1.0",
      "measurementUnitPrice": 9.92,
      "measurementUnit": "K",
      "isRedPrice": false,
      "pricePerUOM": 9.92,
      "activationDate": "13-03-2024",
      "recordSource": "Folder",
      "isPromoActive": "N",
      "priceChangeCode": "L"
    },
    "isAvailable": true,
    "isPriceAvailable": true,
    "inPromo": true,
    "promotion": [
      {
        "techPromoId": "100902COLR",
        "promotionId": "100902",
        "promotionType": "3",
        "isPersonalized": "N",
        "publicationStartDate": "13-03-2024",
        "publicationEndDate": "26-03-2024"
      }
    ],
    "gtin": [
      "05050083542428",
      "05050083713873",
      "05050083542411"
    ],
    "topCategoryName": "Brood/Ontbijt",
    "topCategoryId": "124",
    "businessDomain": "RETAIL_BE",
    "IsPrivateLabel": false,
    "IsBiffe": false,
    "WeightconversionFactor": "0",
    "IsWeightArticle": false,
    "nutriscoreLabel": "D",
    "IsBio": false,
    "CountryOfOrigin": "SPANJE",
    "IsExclusivelySoldInLuxembourg": false,
    "OrderUnit": "P",
    "ShortName": "KEL TRES MELKCH 1KG",
    "IsNew": false,
    "RecentQuanityOfStockUnits": "1",
    "LongName": "KELLOGG'S TRÉSOR melkchocolade 1kg",
    "AlcoholVolume": "0",
    "FicCode": "E"
  },
  {
    "productId": "777755",
    "technicalArticleNumber": "4570666",
    "commercialArticleNumber": "20687",
    "name": "hazelnootpasta",
    "brand": "BONNE MAMAN",
    "seoBrand": "Bonne Maman",
    "thumbNail": "https://static.colruytgroup.com/images/200x200/std.lang.all/63/67/asset-2746367.jpg",
    "fullImage": "https://static.colruytgroup.com/images/500x500/std.lang.all/63/67/asset-2746367.jpg",
    "squareImage": "https://static.colruytgroup.com/images/500x500sq/std.lang.all/63/67/asset-2746367.jpg",
    "content": "360g",
    "walkRouteSequenceNumber": 17628,
    "price": {
      "basicPrice": 4.39,
      "recommendedQuantity": "1.0",
      "measurementUnitPrice": 12.2,
      "measurementUnit": "K",
      "isRedPrice": false,
      "pricePerUOM": 12.2,
      "activationDate": "17-02-2024",
      "recordSource": "Offline",
      "isPromoActive": "N",
      "priceChangeCode": "E"
    },
    "isAvailable": true,
    "isPriceAvailable": true,
    "inPromo": false,
    "gtin": [
      "03608580070771",
      "03608580070764"
    ],
    "topCategoryName": "Brood/Ontbijt",
    "topCategoryId": "124",
    "businessDomain": "RETAIL_BE",
    "IsPrivateLabel": false,
    "IsBiffe": false,
    "WeightconversionFactor": "0",
    "IsWeightArticle": false,
    "nutriscoreLabel": "D",
    "IsBio": false,
    "CountryOfOrigin": "FRANKRIJK",
    "IsExclusivelySoldInLuxembourg": false,
    "OrderUnit": "P",
    "ShortName": "BONN HAZELNOOTPASTA 360",
    "IsNew": false,
    "RecentQuanityOfStockUnits": "1,6",
    "LongName": "BONNE MAMAN hazelnootpasta 360g",
    "FicCode": "E"
  },
  {
    "productId": "671501",
    "technicalArticleNumber": "4384891",
    "commercialArticleNumber": "24438",
    "name": "veggie wrap rod.biet 25cm",
    "brand": "POCO LOCO",
    "seoBrand": "Poco Loco",
    "thumbNail": "https://static.colruytgroup.com/images/200x200/std.lang.all/88/32/asset-2458832.jpg",
    "fullImage": "https://static.colruytgroup.com/images/500x500/std.lang.all/88/32/asset-2458832.jpg",
    "squareImage": "https://static.colruytgroup.com/images/500x500sq/std.lang.all/88/32/asset-2458832.jpg",
    "content": "370g",
    "walkRouteSequenceNumber": 8577,
    "price": {
      "basicPrice": 3.39,
      "recommendedQuantity": "1.0",
      "measurementUnitPrice": 9.17,
      "measurementUnit": "K",
      "isRedPrice": false,
      "pricePerUOM": 9.17,
      "activationDate": "16-01-2024",
      "isPromoActive": "N",
      "priceChangeCode": "H"
    },
    "isAvailable": true,
    "isPriceAvailable": true,
    "inPromo": false,
    "gtin": [
      "15412514936911",
      "05412514936914"
    ],
    "topCategoryName": "Brood/Ontbijt",
    "topCategoryId": "124",
    "businessDomain": "RETAIL_BE",
    "IsPrivateLabel": false,
    "IsBiffe": false,
    "WeightconversionFactor": "0",
    "IsWeightArticle": false,
    "nutriscoreLabel": "C",
    "IsBio": false,
    "CountryOfOrigin": "VERENIGD KONINKRIJK",
    "IsExclusivelySoldInLuxembourg": false,
    "OrderUnit": "P",
    "ShortName": "POCO V.WR.R.BIET6 370G",
    "IsNew": false,
    "EcoscoreLabel": "B",
    "RecentQuanityOfStockUnits": "1,14",
    "LongName": "POCO LOCO veggie wrap rod.biet 25cm 370g",
    "FicCode": "E",
    "EcoscoreValue": "73"
  },
  {
    "productId": "506183",
    "technicalArticleNumber": "4080375",
    "commercialArticleNumber": "7663",
    "name": "chunky bak.Original",
    "description": "*Ideaal bij ontbijt\n*Ontbijtgranen\n*Havermout",
    "brand": "QUAKER CRUESLI",
    "seoBrand": "Quaker Cruesli",
    "thumbNail": "https://static.colruytgroup.com/images/200x200/std.lang.all/71/38/asset-2827138.jpg",
    "fullImage": "https://static.colruytgroup.com/images/500x500/std.lang.all/71/38/asset-2827138.jpg",
    "squareImage": "https://static.colruytgroup.com/images/500x500sq/std.lang.all/71/38/asset-2827138.jpg",
    "content": "450g",
    "walkRouteSequenceNumber": 17558,
    "price": {
      "basicPrice": 3.19,
      "recommendedQuantity": "1.0",
      "measurementUnitPrice": 7.09,
      "measurementUnit": "K",
      "isRedPrice": false,
      "pricePerUOM": 7.09,
      "activationDate": "29-01-2024",
      "recordSource": "Offline",
      "isPromoActive": "N",
      "priceChangeCode": "E"
    },
    "isAvailable": true,
    "isPriceAvailable": true,
    "inPromo": false,
    "gtin": [
      "08710398503183",
      "08710398503190"
    ],
    "topCategoryName": "Brood/Ontbijt",
    "topCategoryId": "124",
    "businessDomain": "RETAIL_BE",
    "IsPrivateLabel": false,
    "IsBiffe": false,
    "WeightconversionFactor": "0",
    "IsWeightArticle": false,
    "nutriscoreLabel": "A",
    "IsBio": false,
    "CountryOfOrigin": "BELGIË",
    "IsExclusivelySoldInLuxembourg": false,
    "OrderUnit": "P",
    "ShortName": "QUAK GRAN.CH.BAK.ORI450",
    "IsNew": false,
    "RecentQuanityOfStockUnits": "1",
    "LongName": "QUAKER CRUESLI chunky bak.Original 450g",
    "AlcoholVolume": "0",
    "FicCode": "E"
  },
  {
    "productId": "1087",
    "technicalArticleNumber": "16172",
    "commercialArticleNumber": "16172",
    "name": "honing vloeibaar squeeze",
    "description": "*Vloeibaar",
    "brand": "MELI",
    "seoBrand": "Meli",
    "thumbNail": "https://static.colruytgroup.com/images/200x200/std.lang.all/88/86/asset-1758886.jpg",
    "fullImage": "https://static.colruytgroup.com/images/500x500/std.lang.all/88/86/asset-1758886.jpg",
    "squareImage": "https://static.colruytgroup.com/images/500x500sq/std.lang.all/88/86/asset-1758886.jpg",
    "content": "450g",
    "walkRouteSequenceNumber": 18002,
    "price": {
      "basicPrice": 5.64,
      "recommendedQuantity": "1.0",
      "measurementUnitPrice": 12.54,
      "measurementUnit": "K",
      "isRedPrice": false,
      "pricePerUOM": 12.54,
      "activationDate": "21-03-2024",
      "recordSource": "Folder",
      "isPromoActive": "Y",
      "priceChangeCode": "L"
    },
    "isAvailable": true,
    "isPriceAvailable": true,
    "inPromo": true,
    "promotion": [
      {
        "techPromoId": "100875COLR",
        "promotionId": "100875",
        "promotionType": "3",
        "isPersonalized": "N",
        "publicationStartDate": "13-03-2024",
        "publicationEndDate": "26-03-2024"
      }
    ],
    "gtin": [
      "05410038102112",
      "05410038102471"
    ],
    "topCategoryName": "Brood/Ontbijt",
    "topCategoryId": "124",
    "businessDomain": "RETAIL_BE",
    "IsPrivateLabel": false,
    "IsBiffe": false,
    "WeightconversionFactor": "0",
    "IsWeightArticle": false,
    "nutriscoreLabel": "D",
    "IsBio": false,
    "CountryOfOrigin": "BELGIË",
    "IsExclusivelySoldInLuxembourg": false,
    "OrderUnit": "P",
    "ShortName": "MELI HONING DOSI 450G",
    "IsNew": false,
    "EcoscoreLabel": "B",
    "RecentQuanityOfStockUnits": "1,8",
    "LongName": "MELI honing vloeibaar squeeze 450g",
    "AlcoholVolume": "0",
    "FicCode": "E",
    "EcoscoreValue": "72"
  },
  {
    "productId": "779112",
    "technicalArticleNumber": "4573048",
    "commercialArticleNumber": "28605",
    "name": "confituur aardbei",
    "brand": "NOSTALGIE",
    "seoBrand": "Materne Nostalgie",
    "thumbNail": "https://static.colruytgroup.com/images/200x200/std.lang.all/52/67/asset-2755267.jpg",
    "fullImage": "https://static.colruytgroup.com/images/500x500/std.lang.all/52/67/asset-2755267.jpg",
    "squareImage": "https://static.colruytgroup.com/images/500x500sq/std.lang.all/52/67/asset-2755267.jpg",
    "content": "265g",
    "walkRouteSequenceNumber": 17945,
    "price": {
      "basicPrice": 2.59,
      "recommendedQuantity": "1.0",
      "measurementUnitPrice": 9.78,
      "measurementUnit": "K",
      "isRedPrice": false,
      "pricePerUOM": 9.78,
      "activationDate": "19-03-2024",
      "recordSource": "Offline",
      "isPromoActive": "N",
      "priceChangeCode": "E"
    },
    "isAvailable": true,
    "isPriceAvailable": true,
    "inPromo": false,
    "gtin": [
      "05410046800918",
      "05410046000509"
    ],
    "topCategoryName": "Brood/Ontbijt",
    "topCategoryId": "124",
    "businessDomain": "RETAIL_BE",
    "IsPrivateLabel": false,
    "IsBiffe": false,
    "WeightconversionFactor": "0",
    "IsWeightArticle": false,
    "nutriscoreLabel": "D",
    "IsBio": false,
    "CountryOfOrigin": "BELGIË",
    "IsExclusivelySoldInLuxembourg": false,
    "OrderUnit": "P",
    "ShortName": "NOST CONF.AARDBEI 265G",
    "IsNew": false,
    "RecentQuanityOfStockUnits": "1,6",
    "LongName": "NOSTALGIE confituur aardbei 265g",
    "FicCode": "E"
  },
  {
    "productId": "857478",
    "technicalArticleNumber": "4707489",
    "commercialArticleNumber": "31530",
    "name": "Super Berry granola",
    "brand": "JORDANS",
    "seoBrand": "Jordans",
    "thumbNail": "https://static.colruytgroup.com/images/200x200/std.lang.all/95/04/asset-3169504.jpg",
    "fullImage": "https://static.colruytgroup.com/images/500x500/std.lang.all/95/04/asset-3169504.jpg",
    "squareImage": "https://static.colruytgroup.com/images/500x500sq/std.lang.all/95/04/asset-3169504.jpg",
    "content": "400g",
    "walkRouteSequenceNumber": 17479,
    "price": {
      "basicPrice": 5.35,
      "recommendedQuantity": "1.0",
      "measurementUnitPrice": 13.38,
      "measurementUnit": "K",
      "isRedPrice": false,
      "pricePerUOM": 13.38,
      "activationDate": "15-03-2024",
      "recordSource": "Offline",
      "isPromoActive": "N",
      "priceChangeCode": "H"
    },
    "isAvailable": true,
    "isPriceAvailable": true,
    "inPromo": false,
    "gtin": [
      "05010477363510"
    ],
    "topCategoryName": "Brood/Ontbijt",
    "topCategoryId": "124",
    "businessDomain": "RETAIL_BE",
    "IsPrivateLabel": false,
    "IsBiffe": false,
    "WeightconversionFactor": "0",
    "IsWeightArticle": false,
    "nutriscoreLabel": "A",
    "IsBio": false,
    "CountryOfOrigin": "VERENIGD KONINKRIJK",
    "IsExclusivelySoldInLuxembourg": false,
    "OrderUnit": "P",
    "ShortName": "JORD SUP.BERRY GRAN.400",
    "IsNew": false,
    "EcoscoreLabel": "B",
    "RecentQuanityOfStockUnits": "1,4",
    "LongName": "JORDANS Super Berry granola 400g",
    "AlcoholVolume": "0",
    "FicCode": "E",
    "EcoscoreValue": "61"
  },
  {
    "productId": "445206",
    "technicalArticleNumber": "3980779",
    "commercialArticleNumber": "3743",
    "name": "Cassonade",
    "description": "*Ideaal bij ontbijt\n*Ontbijtgranen\n*Havermout\n*Suikersiroop smaak",
    "brand": "QUAKER OATS EXPRESS",
    "seoBrand": "Quaker Oats Express",
    "thumbNail": "https://static.colruytgroup.com/images/200x200/std.lang.all/81/83/asset-3178183.jpg",
    "fullImage": "https://static.colruytgroup.com/images/500x500/std.lang.all/81/83/asset-3178183.jpg",
    "squareImage": "https://static.colruytgroup.com/images/500x500sq/std.lang.all/81/83/asset-3178183.jpg",
    "content": "360g",
    "walkRouteSequenceNumber": 17559,
    "price": {
      "basicPrice": 4.49,
      "recommendedQuantity": "1.0",
      "measurementUnitPrice": 12.48,
      "measurementUnit": "K",
      "isRedPrice": false,
      "pricePerUOM": 12.48,
      "activationDate": "15-02-2024",
      "recordSource": "Offline",
      "isPromoActive": "N",
      "priceChangeCode": "E"
    },
    "isAvailable": true,
    "isPriceAvailable": true,
    "inPromo": false,
    "gtin": [
      "08710398164025",
      "08710398513335",
      "05000108444275"
    ],
    "topCategoryName": "Brood/Ontbijt",
    "topCategoryId": "124",
    "businessDomain": "RETAIL_BE",
    "IsPrivateLabel": false,
    "IsBiffe": false,
    "WeightconversionFactor": "0",
    "IsWeightArticle": false,
    "nutriscoreLabel": "B",
    "IsBio": false,
    "CountryOfOrigin": "EUROPA",
    "IsExclusivelySoldInLuxembourg": false,
    "OrderUnit": "P",
    "ShortName": "QUAK OATS EXP.CASSON360",
    "IsNew": false,
    "RecentQuanityOfStockUnits": "1",
    "LongName": "QUAKER OATS EXPRESS Cassonade 360g",
    "AlcoholVolume": "0",
    "FicCode": "E"
  },
  {
    "productId": "1113",
    "technicalArticleNumber": "16635",
    "commercialArticleNumber": "16635",
    "name": "peperkoek honing suiker",
    "brand": "VONDELMOLEN",
    "seoBrand": "Vondelmolen",
    "thumbNail": "https://static.colruytgroup.com/images/200x200/std.lang.all/85/22/asset-2828522.jpg",
    "fullImage": "https://static.colruytgroup.com/images/500x500/std.lang.all/85/22/asset-2828522.jpg",
    "squareImage": "https://static.colruytgroup.com/images/500x500sq/std.lang.all/85/22/asset-2828522.jpg",
    "content": "500g",
    "walkRouteSequenceNumber": 17575,
    "price": {
      "basicPrice": 4.89,
      "recommendedQuantity": "1.0",
      "measurementUnitPrice": 9.78,
      "measurementUnit": "K",
      "isRedPrice": false,
      "pricePerUOM": 9.78,
      "activationDate": "13-03-2024",
      "recordSource": "Offline",
      "isPromoActive": "N",
      "priceChangeCode": "E"
    },
    "isAvailable": true,
    "isPriceAvailable": true,
    "inPromo": false,
    "gtin": [
      "05410383011015",
      "15410383011012"
    ],
    "topCategoryName": "Brood/Ontbijt",
    "topCategoryId": "124",
    "businessDomain": "RETAIL_BE",
    "IsPrivateLabel": false,
    "IsBiffe": false,
    "WeightconversionFactor": "0",
    "IsWeightArticle": false,
    "nutriscoreLabel": "E",
    "IsBio": false,
    "CountryOfOrigin": "BELGIË",
    "IsExclusivelySoldInLuxembourg": false,
    "OrderUnit": "P",
    "ShortName": "VONDEL HONINGK.SUIK500G",
    "IsNew": false,
    "EcoscoreLabel": "A",
    "RecentQuanityOfStockUnits": "1,12",
    "LongName": "VONDELMOLEN peperkoek honing suiker 500g",
    "AlcoholVolume": "0",
    "FicCode": "E",
    "EcoscoreValue": "84"
  },
  {
    "productId": "851123",
    "technicalArticleNumber": "4699056",
    "commercialArticleNumber": "30923",
    "name": "Raw Bar chocolade",
    "brand": "BONI",
    "seoBrand": "Boni Selection",
    "thumbNail": "https://static.colruytgroup.com/images/200x200/std.lang.all/85/93/asset-3328593.jpg",
    "fullImage": "https://static.colruytgroup.com/images/500x500/std.lang.all/85/93/asset-3328593.jpg",
    "squareImage": "https://static.colruytgroup.com/images/500x500sq/std.lang.all/85/93/asset-3328593.jpg",
    "content": "4x35g",
    "walkRouteSequenceNumber": 2168,
    "price": {
      "basicPrice": 2.49,
      "recommendedQuantity": "1.0",
      "measurementUnitPrice": 17.79,
      "measurementUnit": "K",
      "isRedPrice": false,
      "pricePerUOM": 17.79,
      "activationDate": "17-01-2024",
      "isPromoActive": "N",
      "priceChangeCode": "E"
    },
    "isAvailable": true,
    "isPriceAvailable": true,
    "inPromo": false,
    "gtin": [
      "05400141615371",
      "15400141615378"
    ],
    "topCategoryName": "Brood/Ontbijt",
    "topCategoryId": "124",
    "businessDomain": "RETAIL_BE",
    "IsPrivateLabel": true,
    "IsBiffe": false,
    "WeightconversionFactor": "0",
    "IsWeightArticle": false,
    "nutriscoreLabel": "D",
    "IsBio": false,
    "CountryOfOrigin": "TSJECHIË (REPUBLIEK)",
    "IsExclusivelySoldInLuxembourg": false,
    "OrderUnit": "P",
    "ShortName": "BONI RAW BAR CHOCO 4X35",
    "IsNew": false,
    "EcoscoreLabel": "D",
    "RecentQuanityOfStockUnits": "1,12",
    "LongName": "BONI Raw Bar chocolade 4x35g",
    "FicCode": "I",
    "EcoscoreValue": "33"
  },
  {
    "productId": "240774",
    "technicalArticleNumber": "3530271",
    "commercialArticleNumber": "50670",
    "name": "confituur aardbeien Maltitol",
    "description": "*50 % fruit\n*met zoetstoffen",
    "brand": "BONI",
    "seoBrand": "Boni Selection",
    "thumbNail": "https://static.colruytgroup.com/images/200x200/std.lang.all/35/96/asset-1123596.jpg",
    "fullImage": "https://static.colruytgroup.com/images/500x500/std.lang.all/35/96/asset-1123596.jpg",
    "squareImage": "https://static.colruytgroup.com/images/500x500sq/std.lang.all/35/96/asset-1123596.jpg",
    "content": "440g",
    "walkRouteSequenceNumber": 17942,
    "price": {
      "basicPrice": 2.52,
      "recommendedQuantity": "1.0",
      "measurementUnitPrice": 5.73,
      "measurementUnit": "K",
      "isRedPrice": false,
      "pricePerUOM": 5.73,
      "activationDate": "05-03-2024",
      "recordSource": "Offline",
      "isPromoActive": "N",
      "priceChangeCode": "H"
    },
    "isAvailable": true,
    "isPriceAvailable": true,
    "inPromo": false,
    "gtin": [
      "05400141332261",
      "15400141332268",
      "05400141424621",
      "15400141798101"
    ],
    "topCategoryName": "Brood/Ontbijt",
    "topCategoryId": "124",
    "businessDomain": "RETAIL_BE",
    "IsPrivateLabel": true,
    "IsBiffe": false,
    "WeightconversionFactor": "0",
    "IsWeightArticle": false,
    "nutriscoreLabel": "A",
    "IsBio": false,
    "CountryOfOrigin": "BELGIË",
    "IsExclusivelySoldInLuxembourg": false,
    "OrderUnit": "P",
    "ShortName": "BONI AARDBEIENCONF.440G",
    "IsNew": false,
    "EcoscoreLabel": "B",
    "RecentQuanityOfStockUnits": "1,6",
    "LongName": "BONI confituur aardbeien Maltitol 440g",
    "AlcoholVolume": "0",
    "FicCode": "I",
    "EcoscoreValue": "76"
  },
  {
    "productId": "250803",
    "technicalArticleNumber": "3614285",
    "commercialArticleNumber": "18962",
    "name": "Ontb.koek hon-cho-hazel",
    "description": "*Individueel verpakt",
    "brand": "LU BELVITA",
    "seoBrand": "LU belVita",
    "thumbNail": "https://static.colruytgroup.com/images/200x200/std.lang.all/59/36/asset-1105936.jpg",
    "fullImage": "https://static.colruytgroup.com/images/500x500/std.lang.all/59/36/asset-1105936.jpg",
    "squareImage": "https://static.colruytgroup.com/images/500x500sq/std.lang.all/59/36/asset-1105936.jpg",
    "content": "6x50g",
    "walkRouteSequenceNumber": 2317,
    "price": {
      "basicPrice": 2.59,
      "recommendedQuantity": "1.0",
      "measurementUnitPrice": 8.64,
      "measurementUnit": "K",
      "isRedPrice": false,
      "pricePerUOM": 8.64,
      "activationDate": "06-03-2024",
      "recordSource": "Offline",
      "isPromoActive": "N",
      "priceChangeCode": "H"
    },
    "isAvailable": true,
    "isPriceAvailable": true,
    "inPromo": false,
    "gtin": [
      "07622202020049",
      "07622210707598",
      "07622210707581"
    ],
    "topCategoryName": "Brood/Ontbijt",
    "topCategoryId": "124",
    "businessDomain": "RETAIL_BE",
    "IsPrivateLabel": false,
    "IsBiffe": false,
    "WeightconversionFactor": "0",
    "IsWeightArticle": false,
    "IsBio": false,
    "CountryOfOrigin": "TSJECHIË (REPUBLIEK)",
    "IsExclusivelySoldInLuxembourg": false,
    "OrderUnit": "P",
    "ShortName": "LU BELV.HON.CHOC.HAZ300",
    "IsNew": false,
    "RecentQuanityOfStockUnits": "1",
    "LongName": "LU BELVITA Ontb.koek hon-cho-hazel 6x50g",
    "AlcoholVolume": "0",
    "FicCode": "E"
  },
  {
    "productId": "139308",
    "technicalArticleNumber": "3183485",
    "commercialArticleNumber": "43966",
    "name": "rice krisps",
    "description": "*Gepofte\nrijstkorrels",
    "brand": "BONI",
    "seoBrand": "Boni Selection",
    "thumbNail": "https://static.colruytgroup.com/images/200x200/std.lang.all/97/66/asset-3249766.jpg",
    "fullImage": "https://static.colruytgroup.com/images/500x500/std.lang.all/97/66/asset-3249766.jpg",
    "squareImage": "https://static.colruytgroup.com/images/500x500sq/std.lang.all/97/66/asset-3249766.jpg",
    "content": "500g",
    "walkRouteSequenceNumber": 17226,
    "price": {
      "basicPrice": 3.79,
      "recommendedQuantity": "1.0",
      "measurementUnitPrice": 7.58,
      "measurementUnit": "K",
      "isRedPrice": false,
      "pricePerUOM": 7.58,
      "activationDate": "17-11-2023",
      "isPromoActive": "N",
      "priceChangeCode": "H"
    },
    "isAvailable": true,
    "isPriceAvailable": true,
    "inPromo": false,
    "gtin": [
      "15400141806561",
      "05400141168501",
      "15400141953289",
      "15400141279969",
      "05400141279962",
      "05400141806564"
    ],
    "topCategoryName": "Brood/Ontbijt",
    "topCategoryId": "124",
    "businessDomain": "RETAIL_BE",
    "IsPrivateLabel": true,
    "IsBiffe": false,
    "WeightconversionFactor": "0",
    "IsWeightArticle": false,
    "nutriscoreLabel": "C",
    "IsBio": false,
    "CountryOfOrigin": "EUROPA",
    "IsExclusivelySoldInLuxembourg": false,
    "OrderUnit": "P",
    "ShortName": "BONI RICE KRISPS 500G",
    "IsNew": false,
    "EcoscoreLabel": "C",
    "RecentQuanityOfStockUnits": "8,1,1",
    "LongName": "BONI rice krisps 500g",
    "AlcoholVolume": "0",
    "FicCode": "I",
    "EcoscoreValue": "41"
  },
  {
    "productId": "568247",
    "technicalArticleNumber": "4211779",
    "commercialArticleNumber": "16447",
    "name": "meerzaden beschuit",
    "brand": "BONI",
    "seoBrand": "Boni Selection",
    "thumbNail": "https://static.colruytgroup.com/images/200x200/std.lang.all/28/30/asset-3352830.jpg",
    "fullImage": "https://static.colruytgroup.com/images/500x500/std.lang.all/28/30/asset-3352830.jpg",
    "squareImage": "https://static.colruytgroup.com/images/500x500sq/std.lang.all/28/30/asset-3352830.jpg",
    "content": "230g",
    "walkRouteSequenceNumber": 17009,
    "price": {
      "basicPrice": 2.69,
      "recommendedQuantity": "1.0",
      "measurementUnitPrice": 11.7,
      "measurementUnit": "K",
      "isRedPrice": false,
      "pricePerUOM": 11.7,
      "activationDate": "25-05-2023",
      "recordSource": "Offline",
      "isPromoActive": "N",
      "priceChangeCode": "H"
    },
    "isAvailable": true,
    "isPriceAvailable": true,
    "inPromo": false,
    "gtin": [
      "05400141929119",
      "05400141348958",
      "15400141348955"
    ],
    "topCategoryName": "Brood/Ontbijt",
    "topCategoryId": "124",
    "businessDomain": "RETAIL_BE",
    "IsPrivateLabel": true,
    "IsBiffe": false,
    "WeightconversionFactor": "0",
    "IsWeightArticle": false,
    "nutriscoreLabel": "C",
    "IsBio": false,
    "CountryOfOrigin": "NEDERLAND",
    "IsExclusivelySoldInLuxembourg": false,
    "OrderUnit": "P",
    "ShortName": "BONI MEERZ.BESCHUIT230",
    "IsNew": false,
    "EcoscoreLabel": "A",
    "RecentQuanityOfStockUnits": "1,9",
    "LongName": "BONI meerzaden beschuit 230g",
    "FicCode": "I",
    "EcoscoreValue": "92"
  },
  {
    "productId": "12413",
    "technicalArticleNumber": "1225451",
    "commercialArticleNumber": "16650",
    "name": "honingkoek 10x2st",
    "description": "*Individueel verpakt",
    "brand": "MELI",
    "seoBrand": "Meli",
    "thumbNail": "https://static.colruytgroup.com/images/200x200/std.lang.all/83/80/asset-1758380.jpg",
    "fullImage": "https://static.colruytgroup.com/images/500x500/std.lang.all/83/80/asset-1758380.jpg",
    "squareImage": "https://static.colruytgroup.com/images/500x500sq/std.lang.all/83/80/asset-1758380.jpg",
    "content": "400g",
    "walkRouteSequenceNumber": 17578,
    "price": {
      "basicPrice": 3.45,
      "recommendedQuantity": "1.0",
      "measurementUnitPrice": 8.63,
      "measurementUnit": "K",
      "isRedPrice": false,
      "pricePerUOM": 8.63,
      "activationDate": "21-03-2024",
      "recordSource": "Folder",
      "isPromoActive": "N",
      "priceChangeCode": "L"
    },
    "isAvailable": true,
    "isPriceAvailable": true,
    "inPromo": true,
    "promotion": [
      {
        "techPromoId": "100875COLR",
        "promotionId": "100875",
        "promotionType": "3",
        "isPersonalized": "N",
        "publicationStartDate": "13-03-2024",
        "publicationEndDate": "26-03-2024"
      }
    ],
    "gtin": [
      "05410038403004",
      "05410038403011"
    ],
    "topCategoryName": "Brood/Ontbijt",
    "topCategoryId": "124",
    "businessDomain": "RETAIL_BE",
    "IsPrivateLabel": false,
    "IsBiffe": false,
    "WeightconversionFactor": "0",
    "IsWeightArticle": false,
    "nutriscoreLabel": "D",
    "IsBio": false,
    "CountryOfOrigin": "BELGIË",
    "IsExclusivelySoldInLuxembourg": false,
    "OrderUnit": "P",
    "ShortName": "MELINETTE 10X2SN. 400G",
    "IsNew": false,
    "EcoscoreLabel": "B",
    "RecentQuanityOfStockUnits": "1,12",
    "LongName": "MELI honingkoek 10x2st 400g",
    "AlcoholVolume": "0",
    "FicCode": "E",
    "EcoscoreValue": "66"
  },
  {
    "productId": "162",
    "technicalArticleNumber": "15109",
    "commercialArticleNumber": "15109",
    "name": "Tartinettes fondantchocolade",
    "description": "*Rijstwafel,\nvierkant, met pure\nchocolade",
    "brand": "BOSTO",
    "seoBrand": "Bosto",
    "thumbNail": "https://static.colruytgroup.com/images/200x200/std.lang.all/00/42/asset-2620042.jpg",
    "fullImage": "https://static.colruytgroup.com/images/500x500/std.lang.all/00/42/asset-2620042.jpg",
    "squareImage": "https://static.colruytgroup.com/images/500x500sq/std.lang.all/00/42/asset-2620042.jpg",
    "content": "90g",
    "walkRouteSequenceNumber": 17123,
    "price": {
      "basicPrice": 2.35,
      "recommendedQuantity": "2.0",
      "measurementUnitPrice": 26.12,
      "measurementUnit": "K",
      "isRedPrice": false,
      "pricePerUOM": 26.12,
      "activationDate": "20-03-2024",
      "recordSource": "Offline",
      "isPromoActive": "N",
      "priceChangeCode": "H"
    },
    "isAvailable": true,
    "isPriceAvailable": true,
    "inPromo": false,
    "gtin": [
      "05400141148459",
      "05410106095483",
      "15410106095480"
    ],
    "topCategoryName": "Brood/Ontbijt",
    "topCategoryId": "124",
    "businessDomain": "RETAIL_BE",
    "IsPrivateLabel": false,
    "IsBiffe": false,
    "WeightconversionFactor": "0",
    "IsWeightArticle": false,
    "nutriscoreLabel": "D",
    "IsBio": false,
    "CountryOfOrigin": "BELGIË",
    "IsExclusivelySoldInLuxembourg": false,
    "OrderUnit": "P",
    "ShortName": "BOST.TARTINET.PUUR 90GR",
    "InSeason": true,
    "IsNew": false,
    "EcoscoreLabel": "C",
    "RecentQuanityOfStockUnits": "2,1",
    "LongName": "BOSTO Tartinettes fondantchocolade 90g",
    "AlcoholVolume": "0",
    "StartSeasonDate": "18/07/2000",
    "FicCode": "E",
    "EcoscoreValue": "57"
  },
  {
    "productId": "11147",
    "technicalArticleNumber": "1405150",
    "commercialArticleNumber": "15014",
    "name": "Original volkoren tarwe",
    "description": "*Volkoren\ntarwekoeken",
    "brand": "WEETABIX",
    "seoBrand": "Weetabix",
    "thumbNail": "https://static.colruytgroup.com/images/200x200/std.lang.all/62/62/asset-2196262.jpg",
    "fullImage": "https://static.colruytgroup.com/images/500x500/std.lang.all/62/62/asset-2196262.jpg",
    "squareImage": "https://static.colruytgroup.com/images/500x500sq/std.lang.all/62/62/asset-2196262.jpg",
    "content": "430g",
    "walkRouteSequenceNumber": 17539,
    "price": {
      "basicPrice": 3.29,
      "recommendedQuantity": "1.0",
      "measurementUnitPrice": 7.66,
      "measurementUnit": "K",
      "isRedPrice": false,
      "pricePerUOM": 7.66,
      "activationDate": "17-01-2024",
      "recordSource": "Offline",
      "isPromoActive": "N",
      "priceChangeCode": "E"
    },
    "isAvailable": true,
    "isPriceAvailable": true,
    "inPromo": false,
    "gtin": [
      "05010029000023",
      "05010029203745"
    ],
    "topCategoryName": "Brood/Ontbijt",
    "topCategoryId": "124",
    "businessDomain": "RETAIL_BE",
    "IsPrivateLabel": false,
    "IsBiffe": false,
    "WeightconversionFactor": "0",
    "IsWeightArticle": false,
    "nutriscoreLabel": "A",
    "IsBio": false,
    "CountryOfOrigin": "VERENIGD KONINKRIJK",
    "IsExclusivelySoldInLuxembourg": false,
    "OrderUnit": "P",
    "ShortName": "WEETABIX ORIGINAL 430GR",
    "IsNew": false,
    "EcoscoreLabel": "D",
    "RecentQuanityOfStockUnits": "1,14",
    "LongName": "WEETABIX Original volkoren tarwe 430g",
    "AlcoholVolume": "0",
    "FicCode": "E",
    "EcoscoreValue": "25"
  },
  {
    "productId": "161",
    "technicalArticleNumber": "15094",
    "commercialArticleNumber": "15094",
    "name": "koeken amandel-abrikoos",
    "description": "*Individueel verpakt",
    "brand": "LU GRANY",
    "seoBrand": "LU Grany",
    "thumbNail": "https://static.colruytgroup.com/images/200x200/std.lang.all/14/67/asset-2421467.jpg",
    "fullImage": "https://static.colruytgroup.com/images/500x500/std.lang.all/14/67/asset-2421467.jpg",
    "squareImage": "https://static.colruytgroup.com/images/500x500sq/std.lang.all/14/67/asset-2421467.jpg",
    "content": "6x32,5g",
    "walkRouteSequenceNumber": 2315,
    "price": {
      "basicPrice": 3.69,
      "recommendedQuantity": "1.0",
      "measurementUnitPrice": 18.93,
      "measurementUnit": "K",
      "isRedPrice": false,
      "pricePerUOM": 18.93,
      "activationDate": "08-03-2024",
      "recordSource": "Offline",
      "isPromoActive": "N",
      "priceChangeCode": "H"
    },
    "isAvailable": true,
    "isPriceAvailable": true,
    "inPromo": false,
    "gtin": [
      "00000025150940",
      "05400141350944",
      "05410041162103",
      "13017760569016",
      "15410041395409",
      "15410041405207"
    ],
    "topCategoryName": "Brood/Ontbijt",
    "topCategoryId": "124",
    "businessDomain": "RETAIL_BE",
    "IsPrivateLabel": false,
    "IsBiffe": false,
    "WeightconversionFactor": "0",
    "IsWeightArticle": false,
    "nutriscoreLabel": "E",
    "IsBio": false,
    "CountryOfOrigin": "BELGIË",
    "IsExclusivelySoldInLuxembourg": false,
    "OrderUnit": "P",
    "ShortName": "LU GRANY ZACHT AMAN195G",
    "InSeason": true,
    "IsNew": false,
    "RecentQuanityOfStockUnits": "2,1",
    "LongName": "LU GRANY koeken amandel-abrikoos 6x32,5g",
    "AlcoholVolume": "0",
    "StartSeasonDate": "08/04/1999",
    "FicCode": "E"
  },
  {
    "productId": "348926",
    "technicalArticleNumber": "3869906",
    "commercialArticleNumber": "16181",
    "name": "eiwit packed 3x45g GV",
    "description": "*Rijk aan vezels\n*Bron van eiwitten\n*Glutenvrij",
    "brand": "EAT NATURAL",
    "seoBrand": "Eat Natural",
    "thumbNail": "https://static.colruytgroup.com/images/200x200/std.lang.all/37/38/asset-1493738.jpg",
    "fullImage": "https://static.colruytgroup.com/images/500x500/std.lang.all/37/38/asset-1493738.jpg",
    "squareImage": "https://static.colruytgroup.com/images/500x500sq/std.lang.all/37/38/asset-1493738.jpg",
    "content": "135g",
    "walkRouteSequenceNumber": 2184,
    "price": {
      "basicPrice": 2.89,
      "recommendedQuantity": "1.0",
      "measurementUnitPrice": 21.41,
      "measurementUnit": "K",
      "isRedPrice": false,
      "pricePerUOM": 21.41,
      "activationDate": "15-03-2024",
      "recordSource": "Offline",
      "isPromoActive": "N",
      "priceChangeCode": "E"
    },
    "isAvailable": true,
    "isPriceAvailable": true,
    "inPromo": false,
    "gtin": [
      "05013803991982",
      "05013803888817"
    ],
    "topCategoryName": "Brood/Ontbijt",
    "topCategoryId": "124",
    "businessDomain": "RETAIL_BE",
    "IsPrivateLabel": false,
    "IsBiffe": false,
    "WeightconversionFactor": "0",
    "IsWeightArticle": false,
    "IsBio": false,
    "CountryOfOrigin": "VERENIGD KONINKRIJK",
    "IsExclusivelySoldInLuxembourg": false,
    "OrderUnit": "P",
    "ShortName": "EATN NATUR.EIWIT GV 135",
    "IsNew": false,
    "RecentQuanityOfStockUnits": "1,12",
    "LongName": "EAT NATURAL eiwit packed 3x45g GV 135g",
    "AlcoholVolume": "0",
    "FicCode": "E"
  },
  {
    "productId": "206939",
    "technicalArticleNumber": "3515556",
    "commercialArticleNumber": "50609",
    "name": "Soft Baked choc.stukjes",
    "brand": "LU BELVITA",
    "seoBrand": "LU belVita",
    "thumbNail": "https://static.colruytgroup.com/images/200x200/std.lang.all/34/75/asset-1033475.jpg",
    "fullImage": "https://static.colruytgroup.com/images/500x500/std.lang.all/34/75/asset-1033475.jpg",
    "squareImage": "https://static.colruytgroup.com/images/500x500sq/std.lang.all/34/75/asset-1033475.jpg",
    "content": "5x50g",
    "walkRouteSequenceNumber": 2321,
    "price": {
      "basicPrice": 2.99,
      "recommendedQuantity": "2.0",
      "measurementUnitPrice": 11.96,
      "measurementUnit": "K",
      "isRedPrice": false,
      "pricePerUOM": 11.96,
      "activationDate": "12-03-2024",
      "recordSource": "Offline",
      "isPromoActive": "N",
      "priceChangeCode": "L"
    },
    "isAvailable": true,
    "isPriceAvailable": true,
    "inPromo": false,
    "gtin": [
      "07622210444141",
      "07622210444172",
      "05400141383218"
    ],
    "topCategoryName": "Brood/Ontbijt",
    "topCategoryId": "124",
    "businessDomain": "RETAIL_BE",
    "IsPrivateLabel": false,
    "IsBiffe": false,
    "WeightconversionFactor": "0",
    "IsWeightArticle": false,
    "nutriscoreLabel": "C",
    "IsBio": false,
    "CountryOfOrigin": "TSJECHIË (REPUBLIEK)",
    "IsExclusivelySoldInLuxembourg": false,
    "OrderUnit": "P",
    "ShortName": "BELVITA SOFT CHOCO 250G",
    "IsNew": false,
    "RecentQuanityOfStockUnits": "2,1",
    "LongName": "LU BELVITA Soft Baked choc.stukjes 5x50g",
    "AlcoholVolume": "0",
    "FicCode": "E"
  },
  {
    "productId": "9622",
    "technicalArticleNumber": "1123570",
    "commercialArticleNumber": "15431",
    "name": "toast melba sesam",
    "description": "*Toast, rechthoekig,\n7% sesamzaadjes\n*Vershoudzakjes\n5x6 stuks",
    "brand": "BONI BIO",
    "seoBrand": "Boni Selection Bio",
    "thumbNail": "https://static.colruytgroup.com/images/200x200/std.lang.all/21/84/asset-3342184.jpg",
    "fullImage": "https://static.colruytgroup.com/images/500x500/std.lang.all/21/84/asset-3342184.jpg",
    "squareImage": "https://static.colruytgroup.com/images/500x500sq/std.lang.all/21/84/asset-3342184.jpg",
    "content": "5x6st",
    "walkRouteSequenceNumber": 4494,
    "price": {
      "basicPrice": 0.99,
      "recommendedQuantity": "1.0",
      "measurementUnitPrice": 9.9,
      "measurementUnit": "K",
      "isRedPrice": false,
      "pricePerUOM": 9.9,
      "activationDate": "06-01-2024",
      "recordSource": "Offline",
      "isPromoActive": "N",
      "priceChangeCode": "L"
    },
    "isAvailable": true,
    "isPriceAvailable": true,
    "inPromo": false,
    "gtin": [
      "15400141929109",
      "05400141929102",
      "05400141368260",
      "15400141956402",
      "05400141154313",
      "05400141168921",
      "05400141254310",
      "05400141424744",
      "15400141368267"
    ],
    "topCategoryName": "Brood/Ontbijt",
    "topCategoryId": "124",
    "businessDomain": "RETAIL_BE",
    "IsPrivateLabel": true,
    "IsBiffe": false,
    "WeightconversionFactor": "0",
    "IsWeightArticle": false,
    "nutriscoreLabel": "C",
    "IsBio": true,
    "CountryOfOrigin": "NEDERLAND",
    "IsExclusivelySoldInLuxembourg": false,
    "OrderUnit": "P",
    "ShortName": "BSBIO MEL.TOAST SES.100",
    "IsNew": false,
    "EcoscoreLabel": "B",
    "RecentQuanityOfStockUnits": "1,14,1",
    "LongName": "BONI BIO toast melba sesam 5x6st",
    "AlcoholVolume": "0",
    "FicCode": "I",
    "EcoscoreValue": "79"
  },
  {
    "productId": "1080",
    "technicalArticleNumber": "15951",
    "commercialArticleNumber": "15951",
    "name": "cracker sesam",
    "description": "*Cracker, sesam,\nrechthoekig\n*10 vershoudzakjes",
    "brand": "LU PAROVITA",
    "seoBrand": "LU Parovita",
    "thumbNail": "https://static.colruytgroup.com/images/200x200/std.lang.all/34/93/asset-1903493.jpg",
    "fullImage": "https://static.colruytgroup.com/images/500x500/std.lang.all/34/93/asset-1903493.jpg",
    "squareImage": "https://static.colruytgroup.com/images/500x500sq/std.lang.all/34/93/asset-1903493.jpg",
    "content": "330g",
    "walkRouteSequenceNumber": 17073,
    "price": {
      "basicPrice": 3.99,
      "recommendedQuantity": "1.0",
      "measurementUnitPrice": 12.1,
      "measurementUnit": "K",
      "isRedPrice": false,
      "pricePerUOM": 12.1,
      "activationDate": "15-02-2024",
      "recordSource": "Offline",
      "isPromoActive": "N",
      "priceChangeCode": "E"
    },
    "isAvailable": true,
    "isPriceAvailable": true,
    "inPromo": false,
    "gtin": [
      "25410041430503",
      "00000025159516",
      "05410041188509"
    ],
    "topCategoryName": "Brood/Ontbijt",
    "topCategoryId": "124",
    "businessDomain": "RETAIL_BE",
    "IsPrivateLabel": false,
    "IsBiffe": false,
    "WeightconversionFactor": "0",
    "IsWeightArticle": false,
    "nutriscoreLabel": "D",
    "IsBio": false,
    "CountryOfOrigin": "POLEN",
    "IsExclusivelySoldInLuxembourg": false,
    "OrderUnit": "P",
    "ShortName": "LU PAROVITA SESAM 330GR",
    "IsNew": false,
    "RecentQuanityOfStockUnits": "1",
    "LongName": "LU PAROVITA cracker sesam 330g",
    "AlcoholVolume": "0",
    "FicCode": "E"
  },
  {
    "productId": "854566",
    "technicalArticleNumber": "4703592",
    "commercialArticleNumber": "31266",
    "name": "Original",
    "brand": "KELLOGG'S EXTRA",
    "seoBrand": "Kellogg's Extra",
    "thumbNail": "https://static.colruytgroup.com/images/200x200/std.lang.all/10/86/asset-3211086.jpg",
    "fullImage": "https://static.colruytgroup.com/images/500x500/std.lang.all/10/86/asset-3211086.jpg",
    "squareImage": "https://static.colruytgroup.com/images/500x500sq/std.lang.all/10/86/asset-3211086.jpg",
    "content": "375g",
    "walkRouteSequenceNumber": 17518,
    "price": {
      "basicPrice": 3.99,
      "recommendedQuantity": "1.0",
      "measurementUnitPrice": 10.64,
      "measurementUnit": "K",
      "isRedPrice": false,
      "pricePerUOM": 10.64,
      "activationDate": "13-03-2024",
      "recordSource": "Offline",
      "isPromoActive": "N",
      "priceChangeCode": "H"
    },
    "isAvailable": true,
    "isPriceAvailable": true,
    "inPromo": false,
    "gtin": [
      "05059319022352",
      "75400141472072",
      "05059319022345"
    ],
    "topCategoryName": "Brood/Ontbijt",
    "topCategoryId": "124",
    "businessDomain": "RETAIL_BE",
    "IsPrivateLabel": false,
    "IsBiffe": false,
    "WeightconversionFactor": "0",
    "IsWeightArticle": false,
    "nutriscoreLabel": "D",
    "IsBio": false,
    "CountryOfOrigin": "EUROPA",
    "IsExclusivelySoldInLuxembourg": false,
    "OrderUnit": "P",
    "ShortName": "KELL EXTRA ORIGINAL375G",
    "IsNew": false,
    "RecentQuanityOfStockUnits": "2,1",
    "LongName": "KELLOGG'S EXTRA Original 375g",
    "AlcoholVolume": "0",
    "FicCode": "E"
  },
  {
    "productId": "26833",
    "technicalArticleNumber": "1979522",
    "commercialArticleNumber": "15325",
    "name": "beschuit 6granen",
    "description": "*Beschuiten,\nvierkant, meergranen\n*Met 93 % granen",
    "brand": "LU HEUDEBERT",
    "seoBrand": "LU Heudebert",
    "thumbNail": "https://static.colruytgroup.com/images/200x200/std.lang.all/09/48/asset-350948.jpg",
    "fullImage": "https://static.colruytgroup.com/images/500x500/std.lang.all/09/48/asset-350948.jpg",
    "squareImage": "https://static.colruytgroup.com/images/500x500sq/std.lang.all/09/48/asset-350948.jpg",
    "content": "300g",
    "walkRouteSequenceNumber": 17100,
    "price": {
      "basicPrice": 3.99,
      "recommendedQuantity": "1.0",
      "measurementUnitPrice": 13.3,
      "measurementUnit": "K",
      "isRedPrice": false,
      "pricePerUOM": 13.3,
      "activationDate": "20-03-2024",
      "recordSource": "Offline",
      "isPromoActive": "N",
      "priceChangeCode": "H"
    },
    "isAvailable": true,
    "isPriceAvailable": true,
    "inPromo": false,
    "gtin": [
      "05410041145700",
      "25410041145704"
    ],
    "topCategoryName": "Brood/Ontbijt",
    "topCategoryId": "124",
    "businessDomain": "RETAIL_BE",
    "IsPrivateLabel": false,
    "IsBiffe": false,
    "WeightconversionFactor": "0",
    "IsWeightArticle": false,
    "nutriscoreLabel": "D",
    "IsBio": false,
    "CountryOfOrigin": "FRANKRIJK",
    "IsExclusivelySoldInLuxembourg": false,
    "OrderUnit": "P",
    "ShortName": "LU HEUDEB BESCH 6GR300G",
    "IsNew": false,
    "RecentQuanityOfStockUnits": "1",
    "LongName": "LU HEUDEBERT beschuit 6granen 300g",
    "AlcoholVolume": "0",
    "FicCode": "E"
  },
  {
    "productId": "10660",
    "technicalArticleNumber": "1396255",
    "commercialArticleNumber": "15435",
    "name": "reep pure choc.",
    "description": "*Graanreep met 15%\nchocoladekorrels\n*Rijk aan vezels",
    "brand": "SPECIAL K",
    "seoBrand": "Kellogg's Special K",
    "thumbNail": "https://static.colruytgroup.com/images/200x200/std.lang.all/57/41/asset-2105741.jpg",
    "fullImage": "https://static.colruytgroup.com/images/500x500/std.lang.all/57/41/asset-2105741.jpg",
    "squareImage": "https://static.colruytgroup.com/images/500x500sq/std.lang.all/57/41/asset-2105741.jpg",
    "content": "6st",
    "walkRouteSequenceNumber": 2160,
    "price": {
      "basicPrice": 3.95,
      "recommendedQuantity": "2.0",
      "measurementUnitPrice": 30.63,
      "measurementUnit": "K",
      "isRedPrice": false,
      "pricePerUOM": 30.63,
      "activationDate": "13-03-2024",
      "recordSource": "Offline",
      "isPromoActive": "N",
      "priceChangeCode": "H"
    },
    "isAvailable": true,
    "isPriceAvailable": true,
    "inPromo": false,
    "gtin": [
      "05400141154351",
      "05050083166419",
      "03159470204412"
    ],
    "topCategoryName": "Brood/Ontbijt",
    "topCategoryId": "124",
    "businessDomain": "RETAIL_BE",
    "IsPrivateLabel": false,
    "IsBiffe": false,
    "WeightconversionFactor": "0",
    "IsWeightArticle": false,
    "nutriscoreLabel": "D",
    "IsBio": false,
    "CountryOfOrigin": "EUROPA",
    "IsExclusivelySoldInLuxembourg": false,
    "OrderUnit": "P",
    "ShortName": "KELL SP K CHOCO 6X21.5G",
    "IsNew": false,
    "RecentQuanityOfStockUnits": "1,2",
    "LongName": "SPECIAL K reep pure choc. 6st",
    "AlcoholVolume": "0",
    "FicCode": "E"
  },
  {
    "productId": "811035",
    "technicalArticleNumber": "4635760",
    "commercialArticleNumber": "4611",
    "name": "m.griss.wave par.kaas",
    "description": "*Grissini met\nparmezaanse kaas\n& zout\n*Eindejaars-\nassortiment",
    "brand": "DELI DI PAOLO",
    "seoBrand": "DELI DI PAOLO",
    "thumbNail": "https://static.colruytgroup.com/images/200x200/std.lang.all/41/53/asset-2854153.jpg",
    "fullImage": "https://static.colruytgroup.com/images/500x500/std.lang.all/41/53/asset-2854153.jpg",
    "squareImage": "https://static.colruytgroup.com/images/500x500sq/std.lang.all/41/53/asset-2854153.jpg",
    "content": "150g",
    "walkRouteSequenceNumber": 4488,
    "price": {
      "basicPrice": 2.49,
      "recommendedQuantity": "1.0",
      "measurementUnitPrice": 16.6,
      "measurementUnit": "K",
      "isRedPrice": false,
      "pricePerUOM": 16.6,
      "activationDate": "14-11-2023",
      "isPromoActive": "N",
      "priceChangeCode": "E"
    },
    "isAvailable": true,
    "isPriceAvailable": true,
    "inPromo": false,
    "gtin": [
      "08718247442676",
      "08718247442683"
    ],
    "topCategoryName": "Brood/Ontbijt",
    "topCategoryId": "124",
    "businessDomain": "RETAIL_BE",
    "IsPrivateLabel": false,
    "IsBiffe": false,
    "WeightconversionFactor": "0",
    "IsWeightArticle": false,
    "nutriscoreLabel": "D",
    "IsBio": false,
    "CountryOfOrigin": "ITALIË",
    "IsExclusivelySoldInLuxembourg": false,
    "OrderUnit": "P",
    "ShortName": "DEDP GRISS.PAR.KAAS150G",
    "IsNew": false,
    "EcoscoreLabel": "B",
    "RecentQuanityOfStockUnits": "1",
    "LongName": "DELI DI PAOLO m.griss.wave par.kaas 150g",
    "FicCode": "E",
    "EcoscoreValue": "67"
  },
  {
    "productId": "38989",
    "technicalArticleNumber": "1675044",
    "commercialArticleNumber": "21101",
    "name": "Ontbijtkoek mul.granen",
    "description": "*Individueel verpakt",
    "brand": "LU BELVITA",
    "seoBrand": "LU",
    "thumbNail": "https://static.colruytgroup.com/images/200x200/std.lang.all/14/89/asset-851489.jpg",
    "fullImage": "https://static.colruytgroup.com/images/500x500/std.lang.all/14/89/asset-851489.jpg",
    "squareImage": "https://static.colruytgroup.com/images/500x500sq/std.lang.all/14/89/asset-851489.jpg",
    "content": "15st",
    "walkRouteSequenceNumber": 2318,
    "price": {
      "basicPrice": 3.45,
      "recommendedQuantity": "2.0",
      "measurementUnitPrice": 11.5,
      "measurementUnit": "K",
      "isRedPrice": false,
      "pricePerUOM": 11.5,
      "activationDate": "13-03-2024",
      "recordSource": "Offline",
      "isPromoActive": "N",
      "priceChangeCode": "E"
    },
    "isAvailable": true,
    "isPriceAvailable": true,
    "inPromo": false,
    "gtin": [
      "05410041371000",
      "05400141383829",
      "15410041371007",
      "05410041000740"
    ],
    "topCategoryName": "Brood/Ontbijt",
    "topCategoryId": "124",
    "businessDomain": "RETAIL_BE",
    "IsPrivateLabel": false,
    "IsBiffe": false,
    "WeightconversionFactor": "0",
    "IsWeightArticle": false,
    "nutriscoreLabel": "D",
    "IsBio": false,
    "CountryOfOrigin": "BELGIË",
    "IsExclusivelySoldInLuxembourg": false,
    "OrderUnit": "P",
    "ShortName": "BELVITA MULTIGRA 300G",
    "IsNew": false,
    "RecentQuanityOfStockUnits": "1,2,10",
    "LongName": "LU BELVITA Ontbijtkoek mul.granen 15st",
    "AlcoholVolume": "0",
    "FicCode": "E"
  },
  {
    "productId": "869929",
    "technicalArticleNumber": "4723376",
    "commercialArticleNumber": "20466",
    "name": "cereal",
    "brand": "NESTLÉ NESQUIK",
    "seoBrand": "Nestlé Nesquik",
    "thumbNail": "https://static.colruytgroup.com/images/200x200/std.lang.all/07/96/asset-3220796.jpg",
    "fullImage": "https://static.colruytgroup.com/images/500x500/std.lang.all/07/96/asset-3220796.jpg",
    "squareImage": "https://static.colruytgroup.com/images/500x500sq/std.lang.all/07/96/asset-3220796.jpg",
    "content": "450g",
    "walkRouteSequenceNumber": 17191,
    "price": {
      "basicPrice": 4.16,
      "recommendedQuantity": "1.0",
      "measurementUnitPrice": 9.25,
      "measurementUnit": "K",
      "isRedPrice": false,
      "pricePerUOM": 9.25,
      "activationDate": "20-03-2024",
      "recordSource": "Offline",
      "isPromoActive": "N",
      "priceChangeCode": "L"
    },
    "isAvailable": true,
    "isPriceAvailable": true,
    "inPromo": false,
    "gtin": [
      "05900020016195",
      "05900020016201"
    ],
    "topCategoryName": "Brood/Ontbijt",
    "topCategoryId": "124",
    "businessDomain": "RETAIL_BE",
    "IsPrivateLabel": false,
    "IsBiffe": false,
    "WeightconversionFactor": "0",
    "IsWeightArticle": false,
    "nutriscoreLabel": "A",
    "IsBio": false,
    "CountryOfOrigin": "FRANKRIJK",
    "IsExclusivelySoldInLuxembourg": false,
    "OrderUnit": "P",
    "ShortName": "NEST NESQUIK CEREAL 450",
    "IsNew": false,
    "RecentQuanityOfStockUnits": "1",
    "LongName": "NESTLÉ NESQUIK cereal 450g",
    "FicCode": "E"
  },
  {
    "productId": "1083",
    "technicalArticleNumber": "16060",
    "commercialArticleNumber": "16060",
    "name": "chocopasta hazelnoot",
    "description": "*13 % hazelnoten",
    "brand": "BECEL",
    "seoBrand": "Becel",
    "thumbNail": "https://static.colruytgroup.com/images/200x200/std.lang.all/84/77/asset-2418477.jpg",
    "fullImage": "https://static.colruytgroup.com/images/500x500/std.lang.all/84/77/asset-2418477.jpg",
    "squareImage": "https://static.colruytgroup.com/images/500x500sq/std.lang.all/84/77/asset-2418477.jpg",
    "content": "350g",
    "walkRouteSequenceNumber": 17627,
    "price": {
      "basicPrice": 3.89,
      "recommendedQuantity": "1.0",
      "measurementUnitPrice": 11.12,
      "measurementUnit": "K",
      "isRedPrice": false,
      "pricePerUOM": 11.12,
      "activationDate": "02-02-2024",
      "recordSource": "Offline",
      "isPromoActive": "N",
      "priceChangeCode": "E"
    },
    "isAvailable": true,
    "isPriceAvailable": true,
    "inPromo": false,
    "gtin": [
      "05410003000658",
      "08719200020184",
      "08719200020191",
      "08719200194915",
      "08719200194908"
    ],
    "topCategoryName": "Brood/Ontbijt",
    "topCategoryId": "124",
    "businessDomain": "RETAIL_BE",
    "IsPrivateLabel": false,
    "IsBiffe": false,
    "WeightconversionFactor": "0",
    "IsWeightArticle": false,
    "nutriscoreLabel": "E",
    "IsBio": false,
    "CountryOfOrigin": "BELGIË",
    "IsExclusivelySoldInLuxembourg": false,
    "OrderUnit": "P",
    "ShortName": "BECEL CHOCO NUT 350 GR",
    "IsNew": false,
    "EcoscoreLabel": "D",
    "RecentQuanityOfStockUnits": "1",
    "LongName": "BECEL chocopasta hazelnoot 350g",
    "AlcoholVolume": "0",
    "FicCode": "E",
    "EcoscoreValue": "30"
  },
  {
    "productId": "99493",
    "technicalArticleNumber": "2916152",
    "commercialArticleNumber": "34012",
    "name": "geroosterd brood",
    "description": "*Sneetjes geroosterd tarwebrood\n*Met 97 % granen",
    "brand": "LU HEUDEBERT",
    "seoBrand": "LU Heudebert",
    "thumbNail": "https://static.colruytgroup.com/images/200x200/std.lang.all/37/17/asset-2723717.jpg",
    "fullImage": "https://static.colruytgroup.com/images/500x500/std.lang.all/37/17/asset-2723717.jpg",
    "squareImage": "https://static.colruytgroup.com/images/500x500sq/std.lang.all/37/17/asset-2723717.jpg",
    "content": "500g",
    "walkRouteSequenceNumber": 17079,
    "price": {
      "basicPrice": 4.55,
      "recommendedQuantity": "1.0",
      "measurementUnitPrice": 9.1,
      "measurementUnit": "K",
      "isRedPrice": false,
      "pricePerUOM": 9.1,
      "activationDate": "17-02-2024",
      "recordSource": "Offline",
      "isPromoActive": "N",
      "priceChangeCode": "E"
    },
    "isAvailable": true,
    "isPriceAvailable": true,
    "inPromo": false,
    "gtin": [
      "07622210100580",
      "07622210191106"
    ],
    "topCategoryName": "Brood/Ontbijt",
    "topCategoryId": "124",
    "businessDomain": "RETAIL_BE",
    "IsPrivateLabel": false,
    "IsBiffe": false,
    "WeightconversionFactor": "0",
    "IsWeightArticle": false,
    "nutriscoreLabel": "D",
    "IsBio": false,
    "CountryOfOrigin": "FRANKRIJK",
    "IsExclusivelySoldInLuxembourg": false,
    "OrderUnit": "P",
    "ShortName": "LU HEUD.GER.BROOD 500G",
    "InSeason": true,
    "IsNew": false,
    "RecentQuanityOfStockUnits": "1",
    "LongName": "LU HEUDEBERT geroosterd brood 500g",
    "AlcoholVolume": "0",
    "StartSeasonDate": "10/06/2020",
    "FicCode": "E"
  },
  {
    "productId": "51264",
    "technicalArticleNumber": "2304015",
    "commercialArticleNumber": "2515",
    "name": "hagelslag puur",
    "description": "*Minstens 44 %\ncacaobestanddelen",
    "brand": "JACQUES",
    "seoBrand": "Jacques",
    "thumbNail": "https://static.colruytgroup.com/images/200x200/std.lang.all/91/84/asset-2429184.jpg",
    "fullImage": "https://static.colruytgroup.com/images/500x500/std.lang.all/91/84/asset-2429184.jpg",
    "squareImage": "https://static.colruytgroup.com/images/500x500sq/std.lang.all/91/84/asset-2429184.jpg",
    "content": "350g",
    "walkRouteSequenceNumber": 17882,
    "price": {
      "basicPrice": 7.96,
      "recommendedQuantity": "2.0",
      "measurementUnitPrice": 22.75,
      "measurementUnit": "K",
      "isRedPrice": false,
      "pricePerUOM": 22.75,
      "activationDate": "19-03-2024",
      "recordSource": "Offline",
      "isPromoActive": "N",
      "priceChangeCode": "H"
    },
    "isAvailable": true,
    "isPriceAvailable": true,
    "inPromo": false,
    "gtin": [
      "05410059033143",
      "05410059068169",
      "15410059068166"
    ],
    "topCategoryName": "Brood/Ontbijt",
    "topCategoryId": "124",
    "businessDomain": "RETAIL_BE",
    "IsPrivateLabel": false,
    "IsBiffe": false,
    "WeightconversionFactor": "0",
    "IsWeightArticle": false,
    "nutriscoreLabel": "E",
    "IsBio": false,
    "CountryOfOrigin": "BELGIË",
    "IsExclusivelySoldInLuxembourg": false,
    "OrderUnit": "P",
    "ShortName": "JAC HAGELSLAG PUUR 350G",
    "IsNew": false,
    "EcoscoreLabel": "D",
    "RecentQuanityOfStockUnits": "2,1",
    "LongName": "JACQUES hagelslag puur 350g",
    "AlcoholVolume": "0",
    "FicCode": "E",
    "EcoscoreValue": "32"
  },
  {
    "productId": "1020475",
    "technicalArticleNumber": "4789340",
    "commercialArticleNumber": "12566",
    "name": "Tompaas",
    "brand": "BONI",
    "seoBrand": "Boni Selection",
    "thumbNail": "https://static.colruytgroup.com/images/200x200/std.lang.all/84/30/asset-3438430.jpg",
    "fullImage": "https://static.colruytgroup.com/images/500x500/std.lang.all/84/30/asset-3438430.jpg",
    "squareImage": "https://static.colruytgroup.com/images/500x500sq/std.lang.all/84/30/asset-3438430.jpg",
    "content": "2st",
    "walkRouteSequenceNumber": 6089,
    "price": {
      "basicPrice": 2.07,
      "recommendedQuantity": "1.0",
      "measurementUnitPrice": 8.28,
      "measurementUnit": "K",
      "isRedPrice": false,
      "pricePerUOM": 8.28,
      "activationDate": "19-03-2024",
      "isPromoActive": "Y",
      "priceChangeCode": "E"
    },
    "isAvailable": true,
    "isPriceAvailable": true,
    "inPromo": false,
    "gtin": [
      "05400141698411"
    ],
    "topCategoryName": "Brood/Ontbijt",
    "topCategoryId": "124",
    "businessDomain": "RETAIL_BE",
    "IsPrivateLabel": true,
    "IsBiffe": false,
    "WeightconversionFactor": "0",
    "IsWeightArticle": false,
    "IsBio": false,
    "CountryOfOrigin": "BELGIË",
    "IsExclusivelySoldInLuxembourg": false,
    "OrderUnit": "P",
    "ShortName": "BONI TOMPAAS 2ST",
    "IsNew": true,
    "RecentQuanityOfStockUnits": "1",
    "LongName": "BONI Tompaas 2st",
    "AlcoholVolume": "0",
    "FicCode": "I"
  },
  {
    "productId": "106980",
    "technicalArticleNumber": "3109025",
    "commercialArticleNumber": "40247",
    "name": "chocopasta puur sv",
    "description": "*Met zoetstoffen:\nmaltitol",
    "brand": "BOERINNEKE",
    "seoBrand": "Boerinneke",
    "thumbNail": "https://static.colruytgroup.com/images/200x200/std.lang.all/26/75/asset-2092675.jpg",
    "fullImage": "https://static.colruytgroup.com/images/500x500/std.lang.all/26/75/asset-2092675.jpg",
    "squareImage": "https://static.colruytgroup.com/images/500x500sq/std.lang.all/26/75/asset-2092675.jpg",
    "content": "400g",
    "walkRouteSequenceNumber": 17625,
    "price": {
      "basicPrice": 6.85,
      "recommendedQuantity": "1.0",
      "measurementUnitPrice": 17.13,
      "measurementUnit": "K",
      "isRedPrice": false,
      "pricePerUOM": 17.13,
      "activationDate": "07-12-2023",
      "recordSource": "Offline",
      "isPromoActive": "N",
      "priceChangeCode": "H"
    },
    "isAvailable": true,
    "isPriceAvailable": true,
    "inPromo": false,
    "gtin": [
      "05411146223195",
      "05411146223188"
    ],
    "topCategoryName": "Brood/Ontbijt",
    "topCategoryId": "124",
    "businessDomain": "RETAIL_BE",
    "IsPrivateLabel": false,
    "IsBiffe": false,
    "WeightconversionFactor": "0",
    "IsWeightArticle": false,
    "nutriscoreLabel": "D",
    "IsBio": false,
    "CountryOfOrigin": "BELGIË",
    "IsExclusivelySoldInLuxembourg": false,
    "OrderUnit": "P",
    "ShortName": "BOERIN.CHOCO SV 400G",
    "IsNew": false,
    "EcoscoreLabel": "D",
    "RecentQuanityOfStockUnits": "1",
    "LongName": "BOERINNEKE chocopasta puur sv 400g",
    "AlcoholVolume": "0",
    "FicCode": "E",
    "EcoscoreValue": "32"
  },
  {
    "productId": "640415",
    "technicalArticleNumber": "4333329",
    "commercialArticleNumber": "15256",
    "name": "witgrof",
    "description": "*Een zachtwitte\nkruim en een vleugje\ngeplette volkoren",
    "brand": "BOERKENS'",
    "seoBrand": "Boerkens'",
    "thumbNail": "https://static.colruytgroup.com/images/200x200/std.lang.all/46/97/asset-2274697.jpg",
    "fullImage": "https://static.colruytgroup.com/images/500x500/std.lang.all/46/97/asset-2274697.jpg",
    "squareImage": "https://static.colruytgroup.com/images/500x500sq/std.lang.all/46/97/asset-2274697.jpg",
    "content": "600g",
    "walkRouteSequenceNumber": 6579,
    "price": {
      "basicPrice": 3.79,
      "recommendedQuantity": "1.0",
      "measurementUnitPrice": 6.32,
      "measurementUnit": "K",
      "isRedPrice": false,
      "pricePerUOM": 6.32,
      "activationDate": "13-03-2024",
      "recordSource": "Offline",
      "isPromoActive": "N",
      "priceChangeCode": "E"
    },
    "isAvailable": true,
    "isPriceAvailable": true,
    "inPromo": false,
    "gtin": [
      "05410724600137"
    ],
    "topCategoryName": "Brood/Ontbijt",
    "topCategoryId": "124",
    "businessDomain": "RETAIL_BE",
    "IsPrivateLabel": false,
    "IsBiffe": false,
    "WeightconversionFactor": "0",
    "IsWeightArticle": false,
    "nutriscoreLabel": "C",
    "IsBio": false,
    "CountryOfOrigin": "BELGIË",
    "IsExclusivelySoldInLuxembourg": false,
    "OrderUnit": "P",
    "ShortName": "BOER WITGROF 600G",
    "IsNew": false,
    "EcoscoreLabel": "A",
    "RecentQuanityOfStockUnits": "1",
    "LongName": "BOERKENS' witgrof 600g",
    "FicCode": "E",
    "EcoscoreValue": "100"
  },
  {
    "productId": "1089",
    "technicalArticleNumber": "16279",
    "commercialArticleNumber": "16279",
    "name": "confituur aardbei-rabarber",
    "description": "*50 % vruchten",
    "brand": "MATERNE",
    "seoBrand": "Materne",
    "thumbNail": "https://static.colruytgroup.com/images/200x200/nl_be/25/32/asset-2732532.jpg",
    "fullImage": "https://static.colruytgroup.com/images/500x500/nl_be/25/32/asset-2732532.jpg",
    "squareImage": "https://static.colruytgroup.com/images/500x500sq/nl_be/25/32/asset-2732532.jpg",
    "content": "450g",
    "walkRouteSequenceNumber": 17934,
    "price": {
      "basicPrice": 3.49,
      "recommendedQuantity": "1.0",
      "measurementUnitPrice": 7.76,
      "measurementUnit": "K",
      "isRedPrice": false,
      "pricePerUOM": 7.76,
      "activationDate": "27-02-2024",
      "recordSource": "Offline",
      "isPromoActive": "N",
      "priceChangeCode": "E"
    },
    "isAvailable": true,
    "isPriceAvailable": true,
    "inPromo": false,
    "gtin": [
      "05410046000189",
      "05410046804282"
    ],
    "topCategoryName": "Brood/Ontbijt",
    "topCategoryId": "124",
    "businessDomain": "RETAIL_BE",
    "IsPrivateLabel": false,
    "IsBiffe": false,
    "WeightconversionFactor": "0",
    "IsWeightArticle": false,
    "nutriscoreLabel": "D",
    "IsBio": false,
    "CountryOfOrigin": "BELGIË",
    "IsExclusivelySoldInLuxembourg": false,
    "OrderUnit": "P",
    "ShortName": "MATERNE AARD.RABA.450GR",
    "IsNew": false,
    "RecentQuanityOfStockUnits": "1",
    "LongName": "MATERNE confituur aardbei-rabarber 450g",
    "AlcoholVolume": "0",
    "FicCode": "E"
  },
  {
    "productId": "885794",
    "technicalArticleNumber": "4744839",
    "commercialArticleNumber": "32630",
    "name": "Soirees",
    "brand": "BONI",
    "seoBrand": "Boni Selection",
    "thumbNail": "https://static.colruytgroup.com/images/200x200/std.lang.all/42/09/asset-3354209.jpg",
    "fullImage": "https://static.colruytgroup.com/images/500x500/std.lang.all/42/09/asset-3354209.jpg",
    "squareImage": "https://static.colruytgroup.com/images/500x500sq/std.lang.all/42/09/asset-3354209.jpg",
    "content": "4x2st",
    "walkRouteSequenceNumber": 6094,
    "price": {
      "basicPrice": 4.99,
      "recommendedQuantity": "1.0",
      "measurementUnitPrice": 36.97,
      "measurementUnit": "K",
      "isRedPrice": false,
      "pricePerUOM": 36.97,
      "activationDate": "13-12-2023",
      "isPromoActive": "N",
      "priceChangeCode": "E"
    },
    "isAvailable": true,
    "isPriceAvailable": true,
    "inPromo": false,
    "gtin": [
      "15400141756521",
      "05400141756524"
    ],
    "topCategoryName": "Brood/Ontbijt",
    "topCategoryId": "124",
    "businessDomain": "RETAIL_BE",
    "IsPrivateLabel": true,
    "IsBiffe": false,
    "WeightconversionFactor": "0",
    "IsWeightArticle": false,
    "nutriscoreLabel": "E",
    "IsBio": false,
    "CountryOfOrigin": "BELGIË",
    "IsExclusivelySoldInLuxembourg": false,
    "OrderUnit": "P",
    "ShortName": "BONI SOIREES 4X2 ST",
    "IsNew": false,
    "RecentQuanityOfStockUnits": "1",
    "LongName": "BONI Soirees 4x2st",
    "FicCode": "I"
  },
  {
    "productId": "112697",
    "technicalArticleNumber": "3049083",
    "commercialArticleNumber": "22869",
    "name": "tortillas maïs 8st",
    "description": "*8 tortilla's o.b.v.\ntarwe en maïs",
    "brand": "POCO LOCO",
    "seoBrand": "Poco Loco",
    "thumbNail": "https://static.colruytgroup.com/images/200x200/std.lang.all/53/15/asset-695315.jpg",
    "fullImage": "https://static.colruytgroup.com/images/500x500/std.lang.all/53/15/asset-695315.jpg",
    "squareImage": "https://static.colruytgroup.com/images/500x500sq/std.lang.all/53/15/asset-695315.jpg",
    "content": "320g",
    "walkRouteSequenceNumber": 8579,
    "price": {
      "basicPrice": 2.69,
      "recommendedQuantity": "1.0",
      "measurementUnitPrice": 8.41,
      "measurementUnit": "K",
      "isRedPrice": false,
      "pricePerUOM": 8.41,
      "activationDate": "02-11-2022",
      "isPromoActive": "N",
      "priceChangeCode": "E"
    },
    "isAvailable": true,
    "isPriceAvailable": true,
    "inPromo": false,
    "gtin": [
      "15412514931114",
      "05412514931117"
    ],
    "topCategoryName": "Brood/Ontbijt",
    "topCategoryId": "124",
    "businessDomain": "RETAIL_BE",
    "IsPrivateLabel": false,
    "IsBiffe": false,
    "WeightconversionFactor": "0",
    "IsWeightArticle": false,
    "nutriscoreLabel": "C",
    "IsBio": false,
    "CountryOfOrigin": "BELGIË",
    "IsExclusivelySoldInLuxembourg": false,
    "OrderUnit": "P",
    "ShortName": "PL 8 TORTILLAS CORN320G",
    "IsNew": false,
    "EcoscoreLabel": "B",
    "RecentQuanityOfStockUnits": "1,14",
    "LongName": "POCO LOCO tortillas maïs 8st 320g",
    "AlcoholVolume": "0",
    "FicCode": "E",
    "EcoscoreValue": "73"
  },
  {
    "productId": "831020",
    "technicalArticleNumber": "4670835",
    "commercialArticleNumber": "7014",
    "name": "vloeibare honing",
    "description": "*Vloeibaar",
    "brand": "BONI BIO",
    "seoBrand": "Boni Selection Bio",
    "thumbNail": "https://static.colruytgroup.com/images/200x200/std.lang.all/27/91/asset-3172791.jpg",
    "fullImage": "https://static.colruytgroup.com/images/500x500/std.lang.all/27/91/asset-3172791.jpg",
    "squareImage": "https://static.colruytgroup.com/images/500x500sq/std.lang.all/27/91/asset-3172791.jpg",
    "content": "250g",
    "walkRouteSequenceNumber": 17998,
    "price": {
      "basicPrice": 3.69,
      "recommendedQuantity": "1.0",
      "measurementUnitPrice": 14.76,
      "measurementUnit": "K",
      "isRedPrice": false,
      "pricePerUOM": 14.76,
      "activationDate": "21-02-2024",
      "isPromoActive": "N",
      "priceChangeCode": "H"
    },
    "isAvailable": true,
    "isPriceAvailable": true,
    "inPromo": false,
    "gtin": [
      "15400141846574",
      "05400141846577"
    ],
    "topCategoryName": "Brood/Ontbijt",
    "topCategoryId": "124",
    "businessDomain": "RETAIL_BE",
    "IsPrivateLabel": true,
    "IsBiffe": false,
    "WeightconversionFactor": "0",
    "IsWeightArticle": false,
    "nutriscoreLabel": "D",
    "IsBio": true,
    "CountryOfOrigin": "BELGIË",
    "IsExclusivelySoldInLuxembourg": false,
    "OrderUnit": "P",
    "ShortName": "BONI BIO HONING 250G",
    "IsNew": false,
    "EcoscoreLabel": "A",
    "RecentQuanityOfStockUnits": "1",
    "LongName": "BONI BIO vloeibare honing 250g",
    "FicCode": "I",
    "EcoscoreValue": "99"
  },
  {
    "productId": "887215",
    "technicalArticleNumber": "4746527",
    "commercialArticleNumber": "32753",
    "name": "peperkoek minder suiker",
    "brand": "LOTUS",
    "seoBrand": "Lotus",
    "thumbNail": "https://static.colruytgroup.com/images/200x200/std.lang.all/81/95/asset-3308195.jpg",
    "fullImage": "https://static.colruytgroup.com/images/500x500/std.lang.all/81/95/asset-3308195.jpg",
    "squareImage": "https://static.colruytgroup.com/images/500x500sq/std.lang.all/81/95/asset-3308195.jpg",
    "content": "455g",
    "walkRouteSequenceNumber": 17579,
    "price": {
      "basicPrice": 3.96,
      "recommendedQuantity": "1.0",
      "measurementUnitPrice": 8.71,
      "measurementUnit": "K",
      "isRedPrice": false,
      "pricePerUOM": 8.71,
      "activationDate": "02-02-2024",
      "recordSource": "Offline",
      "isPromoActive": "N",
      "priceChangeCode": "E"
    },
    "isAvailable": true,
    "isPriceAvailable": true,
    "inPromo": false,
    "gtin": [
      "15410126301530",
      "05410126301533"
    ],
    "topCategoryName": "Brood/Ontbijt",
    "topCategoryId": "124",
    "businessDomain": "RETAIL_BE",
    "IsPrivateLabel": false,
    "IsBiffe": false,
    "WeightconversionFactor": "0",
    "IsWeightArticle": false,
    "nutriscoreLabel": "A",
    "IsBio": false,
    "CountryOfOrigin": "NEDERLAND",
    "IsExclusivelySoldInLuxembourg": false,
    "OrderUnit": "P",
    "ShortName": "LOTU PEPERK.M.SUIKER455",
    "IsNew": false,
    "RecentQuanityOfStockUnits": "1",
    "LongName": "LOTUS peperkoek minder suiker 455g",
    "FicCode": "E"
  },
  {
    "productId": "854535",
    "technicalArticleNumber": "4703547",
    "commercialArticleNumber": "31256",
    "name": "rode vruchten",
    "description": "*Met 4,5% rode vruchten\n*Rijk aan vezels",
    "brand": "SPECIAL K",
    "seoBrand": "Kellogg's Special K",
    "thumbNail": "https://static.colruytgroup.com/images/200x200/std.lang.all/10/83/asset-3211083.jpg",
    "fullImage": "https://static.colruytgroup.com/images/500x500/std.lang.all/10/83/asset-3211083.jpg",
    "squareImage": "https://static.colruytgroup.com/images/500x500sq/std.lang.all/10/83/asset-3211083.jpg",
    "content": "450g",
    "walkRouteSequenceNumber": 17494,
    "price": {
      "basicPrice": 3.75,
      "recommendedQuantity": "1.0",
      "measurementUnitPrice": 8.34,
      "measurementUnit": "K",
      "isRedPrice": false,
      "pricePerUOM": 8.34,
      "activationDate": "23-03-2024",
      "recordSource": "Folder",
      "isPromoActive": "N",
      "priceChangeCode": "E"
    },
    "isAvailable": true,
    "isPriceAvailable": true,
    "inPromo": false,
    "gtin": [
      "05059319024349",
      "05059319025971"
    ],
    "topCategoryName": "Brood/Ontbijt",
    "topCategoryId": "124",
    "businessDomain": "RETAIL_BE",
    "IsPrivateLabel": false,
    "IsBiffe": false,
    "WeightconversionFactor": "0",
    "IsWeightArticle": false,
    "nutriscoreLabel": "B",
    "IsBio": false,
    "CountryOfOrigin": "VERENIGD KONINKRIJK",
    "IsExclusivelySoldInLuxembourg": false,
    "OrderUnit": "P",
    "ShortName": "KELL SPEC.K RO.FRUIT450",
    "IsNew": false,
    "RecentQuanityOfStockUnits": "1,10",
    "LongName": "SPECIAL K rode vruchten 450g",
    "AlcoholVolume": "0",
    "FicCode": "E"
  },
  {
    "productId": "13570",
    "technicalArticleNumber": "1616696",
    "commercialArticleNumber": "22951",
    "name": "Ontbijt choc.stukjes",
    "description": "*Individueel verpakt",
    "brand": "LU BELVITA",
    "seoBrand": "LU belVita",
    "thumbNail": "https://static.colruytgroup.com/images/200x200/std.lang.all/04/41/asset-3140441.jpg",
    "fullImage": "https://static.colruytgroup.com/images/500x500/std.lang.all/04/41/asset-3140441.jpg",
    "squareImage": "https://static.colruytgroup.com/images/500x500sq/std.lang.all/04/41/asset-3140441.jpg",
    "content": "6x50g",
    "walkRouteSequenceNumber": 2316,
    "price": {
      "basicPrice": 4.95,
      "recommendedQuantity": "1.0",
      "measurementUnitPrice": 16.5,
      "measurementUnit": "K",
      "isRedPrice": false,
      "pricePerUOM": 16.5,
      "activationDate": "06-03-2024",
      "recordSource": "Offline",
      "isPromoActive": "N",
      "priceChangeCode": "H"
    },
    "isAvailable": true,
    "isPriceAvailable": true,
    "inPromo": false,
    "gtin": [
      "03017760472890",
      "13017765286635"
    ],
    "topCategoryName": "Brood/Ontbijt",
    "topCategoryId": "124",
    "businessDomain": "RETAIL_BE",
    "IsPrivateLabel": false,
    "IsBiffe": false,
    "WeightconversionFactor": "0",
    "IsWeightArticle": false,
    "nutriscoreLabel": "D",
    "IsBio": false,
    "CountryOfOrigin": "BELGIË",
    "IsExclusivelySoldInLuxembourg": false,
    "OrderUnit": "P",
    "ShortName": "BELVIT.CHOC STUKJES300G",
    "IsNew": false,
    "RecentQuanityOfStockUnits": "1",
    "LongName": "LU BELVITA Ontbijt choc.stukjes 6x50g",
    "AlcoholVolume": "0",
    "FicCode": "E"
  },
  {
    "productId": "630494",
    "technicalArticleNumber": "4316021",
    "commercialArticleNumber": "8495",
    "name": "naanbrood mini 4st",
    "brand": "BONI",
    "seoBrand": "Boni Selection",
    "thumbNail": "https://static.colruytgroup.com/images/200x200/std.lang.all/41/90/asset-2414190.jpg",
    "fullImage": "https://static.colruytgroup.com/images/500x500/std.lang.all/41/90/asset-2414190.jpg",
    "squareImage": "https://static.colruytgroup.com/images/500x500sq/std.lang.all/41/90/asset-2414190.jpg",
    "content": "280g",
    "walkRouteSequenceNumber": 8681,
    "price": {
      "basicPrice": 1.85,
      "recommendedQuantity": "1.0",
      "measurementUnitPrice": 6.61,
      "measurementUnit": "K",
      "isRedPrice": false,
      "pricePerUOM": 6.61,
      "activationDate": "04-01-2023",
      "isPromoActive": "N",
      "priceChangeCode": "H"
    },
    "isAvailable": true,
    "isPriceAvailable": true,
    "inPromo": false,
    "gtin": [
      "05400141477887",
      "15400141477884"
    ],
    "topCategoryName": "Brood/Ontbijt",
    "topCategoryId": "124",
    "businessDomain": "RETAIL_BE",
    "IsPrivateLabel": true,
    "IsBiffe": false,
    "WeightconversionFactor": "0",
    "IsWeightArticle": false,
    "nutriscoreLabel": "C",
    "IsBio": false,
    "CountryOfOrigin": "NEDERLAND",
    "IsExclusivelySoldInLuxembourg": false,
    "OrderUnit": "P",
    "ShortName": "BONI MINI NAANBROOD280G",
    "IsNew": false,
    "EcoscoreLabel": "B",
    "RecentQuanityOfStockUnits": "1,12",
    "LongName": "BONI naanbrood mini 4st 280g",
    "FicCode": "I",
    "EcoscoreValue": "77"
  },
  {
    "productId": "378635",
    "technicalArticleNumber": "3843874",
    "commercialArticleNumber": "51295",
    "name": "intense framboos",
    "brand": "BONNE MAMAN",
    "seoBrand": "Bonne Maman",
    "thumbNail": "https://static.colruytgroup.com/images/200x200/std.lang.all/49/43/asset-2684943.jpg",
    "fullImage": "https://static.colruytgroup.com/images/500x500/std.lang.all/49/43/asset-2684943.jpg",
    "squareImage": "https://static.colruytgroup.com/images/500x500sq/std.lang.all/49/43/asset-2684943.jpg",
    "content": "335g",
    "walkRouteSequenceNumber": 17946,
    "price": {
      "basicPrice": 3.49,
      "recommendedQuantity": "1.0",
      "measurementUnitPrice": 10.42,
      "measurementUnit": "K",
      "isRedPrice": false,
      "pricePerUOM": 10.42,
      "activationDate": "17-02-2024",
      "recordSource": "Offline",
      "isPromoActive": "N",
      "priceChangeCode": "E"
    },
    "isAvailable": true,
    "isPriceAvailable": true,
    "inPromo": false,
    "gtin": [
      "03608589916698",
      "03608580916697"
    ],
    "topCategoryName": "Brood/Ontbijt",
    "topCategoryId": "124",
    "businessDomain": "RETAIL_BE",
    "IsPrivateLabel": false,
    "IsBiffe": false,
    "WeightconversionFactor": "0",
    "IsWeightArticle": false,
    "IsBio": false,
    "CountryOfOrigin": "FRANKRIJK",
    "IsExclusivelySoldInLuxembourg": false,
    "OrderUnit": "P",
    "ShortName": "BONN CONF.INT.FRAMB335G",
    "IsNew": false,
    "RecentQuanityOfStockUnits": "1",
    "LongName": "BONNE MAMAN intense framboos 335g",
    "AlcoholVolume": "0",
    "FicCode": "E"
  },
  {
    "productId": "857411",
    "technicalArticleNumber": "4707393",
    "commercialArticleNumber": "31502",
    "name": "chocolate&hazelnut granola",
    "description": "*Met 16% pure chocolade\n*Met 6% hazelnoten",
    "brand": "JORDANS",
    "seoBrand": "Jordans",
    "thumbNail": "https://static.colruytgroup.com/images/200x200/std.lang.all/94/99/asset-3169499.jpg",
    "fullImage": "https://static.colruytgroup.com/images/500x500/std.lang.all/94/99/asset-3169499.jpg",
    "squareImage": "https://static.colruytgroup.com/images/500x500sq/std.lang.all/94/99/asset-3169499.jpg",
    "content": "400g",
    "walkRouteSequenceNumber": 17477,
    "price": {
      "basicPrice": 5.78,
      "recommendedQuantity": "1.0",
      "measurementUnitPrice": 14.45,
      "measurementUnit": "K",
      "isRedPrice": false,
      "pricePerUOM": 14.45,
      "activationDate": "16-02-2024",
      "recordSource": "Offline",
      "isPromoActive": "N",
      "priceChangeCode": "H"
    },
    "isAvailable": true,
    "isPriceAvailable": true,
    "inPromo": false,
    "gtin": [
      "15010477363425",
      "05010477363411"
    ],
    "topCategoryName": "Brood/Ontbijt",
    "topCategoryId": "124",
    "businessDomain": "RETAIL_BE",
    "IsPrivateLabel": false,
    "IsBiffe": false,
    "WeightconversionFactor": "0",
    "IsWeightArticle": false,
    "nutriscoreLabel": "C",
    "IsBio": false,
    "CountryOfOrigin": "VERENIGD KONINKRIJK",
    "IsExclusivelySoldInLuxembourg": false,
    "OrderUnit": "P",
    "ShortName": "JORD CHO&HAZEL.GRAN.400",
    "IsNew": false,
    "EcoscoreLabel": "B",
    "RecentQuanityOfStockUnits": "1",
    "LongName": "JORDANS chocolate&hazelnut granola 400g",
    "FicCode": "E",
    "EcoscoreValue": "61"
  },
  {
    "productId": "15268",
    "technicalArticleNumber": "1597101",
    "commercialArticleNumber": "16021",
    "name": "chocopasta puur",
    "brand": "BOERINNEKE",
    "seoBrand": "Boerinneke",
    "thumbNail": "https://static.colruytgroup.com/images/200x200/std.lang.all/88/63/asset-568863.jpg",
    "fullImage": "https://static.colruytgroup.com/images/500x500/std.lang.all/88/63/asset-568863.jpg",
    "squareImage": "https://static.colruytgroup.com/images/500x500sq/std.lang.all/88/63/asset-568863.jpg",
    "content": "1kg",
    "walkRouteSequenceNumber": 17638,
    "price": {
      "basicPrice": 8.59,
      "recommendedQuantity": "1.0",
      "measurementUnitPrice": 8.59,
      "measurementUnit": "K",
      "isRedPrice": false,
      "pricePerUOM": 8.59,
      "activationDate": "21-03-2024",
      "isPromoActive": "N",
      "priceChangeCode": "H"
    },
    "isAvailable": true,
    "isPriceAvailable": true,
    "inPromo": false,
    "gtin": [
      "05411146536721",
      "05411146589314"
    ],
    "topCategoryName": "Brood/Ontbijt",
    "topCategoryId": "124",
    "businessDomain": "RETAIL_BE",
    "IsPrivateLabel": false,
    "IsBiffe": false,
    "WeightconversionFactor": "0",
    "IsWeightArticle": false,
    "nutriscoreLabel": "E",
    "IsBio": false,
    "CountryOfOrigin": "BELGIË",
    "IsExclusivelySoldInLuxembourg": false,
    "OrderUnit": "P",
    "ShortName": "T BOERINNEKE CHOCO 1 KG",
    "IsNew": false,
    "EcoscoreLabel": "D",
    "RecentQuanityOfStockUnits": "1,6",
    "LongName": "BOERINNEKE chocopasta puur 1kg",
    "AlcoholVolume": "0",
    "FicCode": "E",
    "EcoscoreValue": "32"
  },
  {
    "productId": "1097",
    "technicalArticleNumber": "16457",
    "commercialArticleNumber": "16457",
    "name": "siroop luik met fruit",
    "description": "*Bereid met 726g\nvruchten per 100g\nstroop",
    "brand": "LAMBERT",
    "seoBrand": "Lambert",
    "thumbNail": "https://static.colruytgroup.com/images/200x200/std.lang.all/34/94/asset-1903494.jpg",
    "fullImage": "https://static.colruytgroup.com/images/500x500/std.lang.all/34/94/asset-1903494.jpg",
    "squareImage": "https://static.colruytgroup.com/images/500x500sq/std.lang.all/34/94/asset-1903494.jpg",
    "content": "450g",
    "walkRouteSequenceNumber": 17977,
    "price": {
      "basicPrice": 4.79,
      "recommendedQuantity": "1.0",
      "measurementUnitPrice": 10.65,
      "measurementUnit": "K",
      "isRedPrice": false,
      "pricePerUOM": 10.65,
      "activationDate": "27-02-2024",
      "recordSource": "Offline",
      "isPromoActive": "N",
      "priceChangeCode": "H"
    },
    "isAvailable": true,
    "isPriceAvailable": true,
    "inPromo": false,
    "gtin": [
      "05410461450200",
      "08710742111903",
      "08710742211900"
    ],
    "topCategoryName": "Brood/Ontbijt",
    "topCategoryId": "124",
    "businessDomain": "RETAIL_BE",
    "IsPrivateLabel": false,
    "IsBiffe": false,
    "WeightconversionFactor": "0",
    "IsWeightArticle": false,
    "nutriscoreLabel": "D",
    "IsBio": false,
    "CountryOfOrigin": "BELGIË",
    "IsExclusivelySoldInLuxembourg": false,
    "OrderUnit": "P",
    "ShortName": "LAMBERT SIROOP Z.S.450G",
    "IsNew": false,
    "RecentQuanityOfStockUnits": "1",
    "LongName": "LAMBERT siroop luik met fruit 450g",
    "AlcoholVolume": "0",
    "FicCode": "E"
  },
  {
    "productId": "851512",
    "technicalArticleNumber": "4699577",
    "commercialArticleNumber": "30955",
    "name": "bake rolls tomaat&olijf",
    "brand": "TUC",
    "seoBrand": "LU Tuc",
    "thumbNail": "https://static.colruytgroup.com/images/200x200/std.lang.all/04/52/asset-3140452.jpg",
    "fullImage": "https://static.colruytgroup.com/images/500x500/std.lang.all/04/52/asset-3140452.jpg",
    "squareImage": "https://static.colruytgroup.com/images/500x500sq/std.lang.all/04/52/asset-3140452.jpg",
    "content": "150g",
    "walkRouteSequenceNumber": 4467,
    "price": {
      "basicPrice": 1.99,
      "recommendedQuantity": "1.0",
      "measurementUnitPrice": 13.27,
      "measurementUnit": "K",
      "isRedPrice": false,
      "pricePerUOM": 13.27,
      "activationDate": "04-03-2024",
      "recordSource": "Offline",
      "isPromoActive": "N",
      "priceChangeCode": "E"
    },
    "isAvailable": true,
    "isPriceAvailable": true,
    "inPromo": false,
    "gtin": [
      "07622201748241",
      "07622201748258"
    ],
    "topCategoryName": "Brood/Ontbijt",
    "topCategoryId": "124",
    "businessDomain": "RETAIL_BE",
    "IsPrivateLabel": false,
    "IsBiffe": false,
    "WeightconversionFactor": "0",
    "IsWeightArticle": false,
    "nutriscoreLabel": "D",
    "IsBio": false,
    "CountryOfOrigin": "POLEN",
    "IsExclusivelySoldInLuxembourg": false,
    "OrderUnit": "P",
    "ShortName": "TUC BAKE ROL.TOM&OLI150",
    "IsNew": false,
    "RecentQuanityOfStockUnits": "1",
    "LongName": "TUC bake rolls tomaat&olijf 150g",
    "FicCode": "E"
  },
  {
    "productId": "833548",
    "technicalArticleNumber": "4674924",
    "commercialArticleNumber": "3685",
    "name": "speltcracker lijnza.-zonneblo.",
    "description": "*Speltcracker\n*Met lijnzaad en\n*Zonnebloempitten\n*Vershoudzakjes 3x4stuks",
    "brand": "BONI",
    "seoBrand": "Boni Selection",
    "thumbNail": "https://static.colruytgroup.com/images/200x200/std.lang.all/73/56/asset-3197356.jpg",
    "fullImage": "https://static.colruytgroup.com/images/500x500/std.lang.all/73/56/asset-3197356.jpg",
    "squareImage": "https://static.colruytgroup.com/images/500x500sq/std.lang.all/73/56/asset-3197356.jpg",
    "content": "175g",
    "walkRouteSequenceNumber": 17005,
    "price": {
      "basicPrice": 2.99,
      "recommendedQuantity": "1.0",
      "measurementUnitPrice": 17.09,
      "measurementUnit": "K",
      "isRedPrice": false,
      "pricePerUOM": 17.09,
      "activationDate": "10-02-2024",
      "recordSource": "Offline",
      "isPromoActive": "N",
      "priceChangeCode": "H"
    },
    "isAvailable": true,
    "isPriceAvailable": true,
    "inPromo": false,
    "gtin": [
      "15400141793168",
      "05400141793161"
    ],
    "topCategoryName": "Brood/Ontbijt",
    "topCategoryId": "124",
    "businessDomain": "RETAIL_BE",
    "IsPrivateLabel": true,
    "IsBiffe": false,
    "WeightconversionFactor": "0",
    "IsWeightArticle": false,
    "IsBio": false,
    "CountryOfOrigin": "BELGIË",
    "IsExclusivelySoldInLuxembourg": false,
    "OrderUnit": "P",
    "ShortName": "BONI SPELTC.LIJN-ZON175",
    "IsNew": false,
    "RecentQuanityOfStockUnits": "1",
    "LongName": "BONI speltcracker lijnza.-zonneblo. 175g",
    "FicCode": "I"
  },
  {
    "productId": "26830",
    "technicalArticleNumber": "1979438",
    "commercialArticleNumber": "15442",
    "name": "graanr.melkchoc.",
    "description": "*Graanreep met\nmelkchocolade\n*Rijk aan vezels",
    "brand": "SPECIAL K",
    "seoBrand": "Kellogg's Special K",
    "thumbNail": "https://static.colruytgroup.com/images/200x200/std.lang.all/21/01/asset-1392101.jpg",
    "fullImage": "https://static.colruytgroup.com/images/500x500/std.lang.all/21/01/asset-1392101.jpg",
    "squareImage": "https://static.colruytgroup.com/images/500x500sq/std.lang.all/21/01/asset-1392101.jpg",
    "content": "6st",
    "walkRouteSequenceNumber": 2161,
    "price": {
      "basicPrice": 3.95,
      "recommendedQuantity": "2.0",
      "measurementUnitPrice": 32.92,
      "measurementUnit": "K",
      "isRedPrice": false,
      "pricePerUOM": 32.92,
      "activationDate": "13-03-2024",
      "recordSource": "Offline",
      "isPromoActive": "N",
      "priceChangeCode": "H"
    },
    "isAvailable": true,
    "isPriceAvailable": true,
    "inPromo": false,
    "gtin": [
      "05400141154429",
      "05050083425707",
      "05050083425691",
      "05050083124709"
    ],
    "topCategoryName": "Brood/Ontbijt",
    "topCategoryId": "124",
    "businessDomain": "RETAIL_BE",
    "IsPrivateLabel": false,
    "IsBiffe": false,
    "WeightconversionFactor": "0",
    "IsWeightArticle": false,
    "nutriscoreLabel": "D",
    "IsBio": false,
    "CountryOfOrigin": "EUROPA",
    "IsExclusivelySoldInLuxembourg": false,
    "OrderUnit": "P",
    "ShortName": "KELL SPEC K MELKCH6X20G",
    "IsNew": false,
    "RecentQuanityOfStockUnits": "2,1",
    "LongName": "SPECIAL K graanr.melkchoc. 6st",
    "AlcoholVolume": "0",
    "FicCode": "E"
  },
  {
    "productId": "857422",
    "technicalArticleNumber": "4707409",
    "commercialArticleNumber": "31506",
    "name": "fruit&nut granola",
    "description": "*Met 17% gedroogd fruit",
    "brand": "JORDANS",
    "seoBrand": "Jordans",
    "thumbNail": "https://static.colruytgroup.com/images/200x200/std.lang.all/95/00/asset-3169500.jpg",
    "fullImage": "https://static.colruytgroup.com/images/500x500/std.lang.all/95/00/asset-3169500.jpg",
    "squareImage": "https://static.colruytgroup.com/images/500x500sq/std.lang.all/95/00/asset-3169500.jpg",
    "content": "700g",
    "walkRouteSequenceNumber": 17491,
    "price": {
      "basicPrice": 4.99,
      "recommendedQuantity": "1.0",
      "measurementUnitPrice": 7.13,
      "measurementUnit": "K",
      "isRedPrice": false,
      "pricePerUOM": 7.13,
      "activationDate": "20-03-2024",
      "recordSource": "Offline",
      "isPromoActive": "N",
      "priceChangeCode": "H"
    },
    "isAvailable": true,
    "isPriceAvailable": true,
    "inPromo": false,
    "gtin": [
      "05010477363435",
      "15010477363449"
    ],
    "topCategoryName": "Brood/Ontbijt",
    "topCategoryId": "124",
    "businessDomain": "RETAIL_BE",
    "IsPrivateLabel": false,
    "IsBiffe": false,
    "WeightconversionFactor": "0",
    "IsWeightArticle": false,
    "nutriscoreLabel": "C",
    "IsBio": false,
    "CountryOfOrigin": "VERENIGD KONINKRIJK",
    "IsExclusivelySoldInLuxembourg": false,
    "OrderUnit": "P",
    "ShortName": "JORD FRUIT&NUT GRAN.700",
    "IsNew": false,
    "EcoscoreLabel": "B",
    "RecentQuanityOfStockUnits": "1",
    "LongName": "JORDANS fruit&nut granola 700g",
    "FicCode": "E",
    "EcoscoreValue": "61"
  },
  {
    "productId": "6108",
    "technicalArticleNumber": "1161512",
    "commercialArticleNumber": "16081",
    "name": "chocopasta melk",
    "description": "*6 % magere\ncacaopoeder",
    "brand": "CÔTE D'OR",
    "seoBrand": "Côte d'Or",
    "thumbNail": "https://static.colruytgroup.com/images/200x200/std.lang.all/89/13/asset-658913.jpg",
    "fullImage": "https://static.colruytgroup.com/images/500x500/std.lang.all/89/13/asset-658913.jpg",
    "squareImage": "https://static.colruytgroup.com/images/500x500sq/std.lang.all/89/13/asset-658913.jpg",
    "content": "300g",
    "walkRouteSequenceNumber": 17637,
    "price": {
      "basicPrice": 6.05,
      "recommendedQuantity": "1.0",
      "measurementUnitPrice": 20.17,
      "measurementUnit": "K",
      "isRedPrice": false,
      "pricePerUOM": 20.17,
      "activationDate": "07-03-2024",
      "recordSource": "Offline",
      "isPromoActive": "N",
      "priceChangeCode": "H"
    },
    "isAvailable": true,
    "isPriceAvailable": true,
    "inPromo": false,
    "gtin": [
      "07622200253760",
      "07622400014628",
      "07622201511654",
      "07622201511661"
    ],
    "topCategoryName": "Brood/Ontbijt",
    "topCategoryId": "124",
    "businessDomain": "RETAIL_BE",
    "IsPrivateLabel": false,
    "IsBiffe": false,
    "WeightconversionFactor": "0",
    "IsWeightArticle": false,
    "nutriscoreLabel": "E",
    "IsBio": false,
    "CountryOfOrigin": "BELGIË",
    "IsExclusivelySoldInLuxembourg": false,
    "OrderUnit": "P",
    "ShortName": "CD SMEERPAS.MELK 300",
    "InSeason": true,
    "IsNew": false,
    "RecentQuanityOfStockUnits": "1",
    "LongName": "CÔTE D'OR chocopasta melk 300g",
    "AlcoholVolume": "0",
    "StartSeasonDate": "05/06/2023",
    "FicCode": "E"
  },
  {
    "productId": "35217",
    "technicalArticleNumber": "1861490",
    "commercialArticleNumber": "16003",
    "name": "hazelnootpasta UTZ",
    "description": "*7 % magere\ncacaopoeder\n*13 % hazelnoten",
    "brand": "BONI",
    "seoBrand": "Boni Selection",
    "thumbNail": "https://static.colruytgroup.com/images/200x200/std.lang.all/83/84/asset-3028384.jpg",
    "fullImage": "https://static.colruytgroup.com/images/500x500/std.lang.all/83/84/asset-3028384.jpg",
    "squareImage": "https://static.colruytgroup.com/images/500x500sq/std.lang.all/83/84/asset-3028384.jpg",
    "content": "200g",
    "walkRouteSequenceNumber": 17630,
    "price": {
      "basicPrice": 1.99,
      "recommendedQuantity": "1.0",
      "measurementUnitPrice": 9.95,
      "measurementUnit": "K",
      "isRedPrice": false,
      "pricePerUOM": 9.95,
      "activationDate": "17-11-2023",
      "isPromoActive": "N",
      "priceChangeCode": "H"
    },
    "isAvailable": true,
    "isPriceAvailable": true,
    "inPromo": false,
    "gtin": [
      "15400141342984",
      "15400141797319",
      "05400141342987",
      "05400141424720",
      "05400141006759",
      "15400141604594",
      "05400141604597"
    ],
    "topCategoryName": "Brood/Ontbijt",
    "topCategoryId": "124",
    "businessDomain": "RETAIL_BE",
    "IsPrivateLabel": true,
    "IsBiffe": false,
    "WeightconversionFactor": "0",
    "IsWeightArticle": false,
    "nutriscoreLabel": "E",
    "IsBio": false,
    "CountryOfOrigin": "ITALIË",
    "IsExclusivelySoldInLuxembourg": false,
    "OrderUnit": "P",
    "ShortName": "BONI CHOCONUT UTZ 200G",
    "IsNew": false,
    "EcoscoreLabel": "C",
    "RecentQuanityOfStockUnits": "1,12",
    "LongName": "BONI hazelnootpasta UTZ 200g",
    "AlcoholVolume": "0",
    "FicCode": "I",
    "EcoscoreValue": "55"
  },
  {
    "productId": "864943",
    "technicalArticleNumber": "4716982",
    "commercialArticleNumber": "1849",
    "name": "Crunchy Muesli Chocolate",
    "brand": "HOLIE",
    "seoBrand": "Holie",
    "thumbNail": "https://static.colruytgroup.com/images/200x200/std.lang.all/92/88/asset-3209288.jpg",
    "fullImage": "https://static.colruytgroup.com/images/500x500/std.lang.all/92/88/asset-3209288.jpg",
    "squareImage": "https://static.colruytgroup.com/images/500x500sq/std.lang.all/92/88/asset-3209288.jpg",
    "content": "400g",
    "walkRouteSequenceNumber": 17294,
    "price": {
      "basicPrice": 4.19,
      "recommendedQuantity": "1.0",
      "measurementUnitPrice": 10.48,
      "measurementUnit": "K",
      "isRedPrice": false,
      "pricePerUOM": 10.48,
      "activationDate": "18-03-2024",
      "recordSource": "Offline",
      "isPromoActive": "N",
      "priceChangeCode": "E"
    },
    "isAvailable": true,
    "isPriceAvailable": true,
    "inPromo": false,
    "gtin": [
      "08720256082378",
      "08720256082361"
    ],
    "topCategoryName": "Brood/Ontbijt",
    "topCategoryId": "124",
    "businessDomain": "RETAIL_BE",
    "IsPrivateLabel": false,
    "IsBiffe": false,
    "WeightconversionFactor": "0",
    "IsWeightArticle": false,
    "nutriscoreLabel": "A",
    "IsBio": false,
    "CountryOfOrigin": "NEDERLAND",
    "IsExclusivelySoldInLuxembourg": false,
    "OrderUnit": "P",
    "ShortName": "HOLI CRUN.MUES.CHO.400G",
    "IsNew": false,
    "EcoscoreLabel": "B",
    "RecentQuanityOfStockUnits": "1,6",
    "LongName": "HOLIE Crunchy Muesli Chocolate 400g",
    "FicCode": "E",
    "EcoscoreValue": "61"
  },
  {
    "productId": "854574",
    "technicalArticleNumber": "4703605",
    "commercialArticleNumber": "31270",
    "name": "rode vruchten",
    "description": "*Met 3% rode vruchten",
    "brand": "KELLOGG'S EXTRA",
    "seoBrand": "Kellogg's",
    "thumbNail": "https://static.colruytgroup.com/images/200x200/std.lang.all/10/82/asset-3211082.jpg",
    "fullImage": "https://static.colruytgroup.com/images/500x500/std.lang.all/10/82/asset-3211082.jpg",
    "squareImage": "https://static.colruytgroup.com/images/500x500sq/std.lang.all/10/82/asset-3211082.jpg",
    "content": "375g",
    "walkRouteSequenceNumber": 17517,
    "price": {
      "basicPrice": 3.99,
      "recommendedQuantity": "1.0",
      "measurementUnitPrice": 10.64,
      "measurementUnit": "K",
      "isRedPrice": false,
      "pricePerUOM": 10.64,
      "activationDate": "12-03-2024",
      "recordSource": "Offline",
      "isPromoActive": "N",
      "priceChangeCode": "E"
    },
    "isAvailable": true,
    "isPriceAvailable": true,
    "inPromo": false,
    "gtin": [
      "65400141472075",
      "05059319022536",
      "05059319022529"
    ],
    "topCategoryName": "Brood/Ontbijt",
    "topCategoryId": "124",
    "businessDomain": "RETAIL_BE",
    "IsPrivateLabel": false,
    "IsBiffe": false,
    "WeightconversionFactor": "0",
    "IsWeightArticle": false,
    "nutriscoreLabel": "D",
    "IsBio": false,
    "CountryOfOrigin": "EUROPA",
    "IsExclusivelySoldInLuxembourg": false,
    "OrderUnit": "P",
    "ShortName": "KELL EXTRA ROOD FRUI375",
    "IsNew": false,
    "RecentQuanityOfStockUnits": "2,1",
    "LongName": "KELLOGG'S EXTRA rode vruchten 375g",
    "FicCode": "E"
  },
  {
    "productId": "698059",
    "technicalArticleNumber": "4428948",
    "commercialArticleNumber": "3138",
    "name": "hagelslag puur",
    "brand": "KWATTA",
    "seoBrand": "Kwatta",
    "thumbNail": "https://static.colruytgroup.com/images/200x200/std.lang.all/48/72/asset-2494872.jpg",
    "fullImage": "https://static.colruytgroup.com/images/500x500/std.lang.all/48/72/asset-2494872.jpg",
    "squareImage": "https://static.colruytgroup.com/images/500x500sq/std.lang.all/48/72/asset-2494872.jpg",
    "content": "390g",
    "walkRouteSequenceNumber": 17886,
    "price": {
      "basicPrice": 4.69,
      "recommendedQuantity": "1.0",
      "measurementUnitPrice": 12.03,
      "measurementUnit": "K",
      "isRedPrice": false,
      "pricePerUOM": 12.03,
      "activationDate": "20-02-2024",
      "recordSource": "Offline",
      "isPromoActive": "N",
      "priceChangeCode": "H"
    },
    "isAvailable": true,
    "isPriceAvailable": true,
    "inPromo": false,
    "gtin": [
      "08715700119182",
      "08715700119496"
    ],
    "topCategoryName": "Brood/Ontbijt",
    "topCategoryId": "124",
    "businessDomain": "RETAIL_BE",
    "IsPrivateLabel": false,
    "IsBiffe": false,
    "WeightconversionFactor": "0",
    "IsWeightArticle": false,
    "nutriscoreLabel": "E",
    "IsBio": false,
    "CountryOfOrigin": "EUROPA",
    "IsExclusivelySoldInLuxembourg": false,
    "OrderUnit": "P",
    "ShortName": "KWAT HAGELSL.PUUR 390G",
    "IsNew": false,
    "EcoscoreLabel": "D",
    "RecentQuanityOfStockUnits": "1",
    "LongName": "KWATTA hagelslag puur 390g",
    "FicCode": "E",
    "EcoscoreValue": "22"
  },
  {
    "productId": "869700",
    "technicalArticleNumber": "4723073",
    "commercialArticleNumber": "19595",
    "name": "melkbroodje",
    "brand": "PASQUIER",
    "seoBrand": "Pasquier",
    "thumbNail": "https://static.colruytgroup.com/images/200x200/std.lang.all/72/39/asset-3257239.jpg",
    "fullImage": "https://static.colruytgroup.com/images/500x500/std.lang.all/72/39/asset-3257239.jpg",
    "squareImage": "https://static.colruytgroup.com/images/500x500sq/std.lang.all/72/39/asset-3257239.jpg",
    "content": "8x35g",
    "walkRouteSequenceNumber": 6570,
    "price": {
      "basicPrice": 2.99,
      "recommendedQuantity": "1.0",
      "measurementUnitPrice": 10.68,
      "measurementUnit": "K",
      "isRedPrice": false,
      "pricePerUOM": 10.68,
      "activationDate": "16-02-2024",
      "recordSource": "Offline",
      "isPromoActive": "N",
      "priceChangeCode": "E"
    },
    "isAvailable": true,
    "isPriceAvailable": true,
    "inPromo": false,
    "gtin": [
      "03256540002944"
    ],
    "topCategoryName": "Brood/Ontbijt",
    "topCategoryId": "124",
    "businessDomain": "RETAIL_BE",
    "IsPrivateLabel": false,
    "IsBiffe": false,
    "WeightconversionFactor": "0",
    "IsWeightArticle": false,
    "nutriscoreLabel": "D",
    "IsBio": false,
    "CountryOfOrigin": "FRANKRIJK",
    "IsExclusivelySoldInLuxembourg": false,
    "OrderUnit": "P",
    "ShortName": "PASQ MELKBROODJES 8X35G",
    "IsNew": false,
    "EcoscoreLabel": "C",
    "RecentQuanityOfStockUnits": "1",
    "LongName": "PASQUIER melkbroodje 8x35g",
    "AlcoholVolume": "0",
    "FicCode": "I",
    "EcoscoreValue": "57"
  },
  {
    "productId": "51498",
    "technicalArticleNumber": "2401730",
    "commercialArticleNumber": "9484",
    "name": "pitabroodjes 2x4st",
    "description": "*2 minuten in de\noven",
    "brand": "BONI BIO",
    "seoBrand": "Boni Selection Bio",
    "thumbNail": "https://static.colruytgroup.com/images/200x200/std.lang.all/09/25/asset-3180925.jpg",
    "fullImage": "https://static.colruytgroup.com/images/500x500/std.lang.all/09/25/asset-3180925.jpg",
    "squareImage": "https://static.colruytgroup.com/images/500x500sq/std.lang.all/09/25/asset-3180925.jpg",
    "content": "500g",
    "walkRouteSequenceNumber": 9750,
    "price": {
      "basicPrice": 2.99,
      "recommendedQuantity": "1.0",
      "measurementUnitPrice": 5.98,
      "measurementUnit": "K",
      "isRedPrice": false,
      "pricePerUOM": 5.98,
      "activationDate": "14-11-2023",
      "recordSource": "Offline",
      "isPromoActive": "N",
      "priceChangeCode": "E"
    },
    "isAvailable": true,
    "isPriceAvailable": true,
    "inPromo": false,
    "gtin": [
      "05400141604528",
      "05400141445404",
      "15400141604525",
      "05400141280661",
      "15400141280668"
    ],
    "topCategoryName": "Brood/Ontbijt",
    "topCategoryId": "124",
    "businessDomain": "RETAIL_BE",
    "IsPrivateLabel": true,
    "IsBiffe": false,
    "WeightconversionFactor": "0",
    "IsWeightArticle": false,
    "nutriscoreLabel": "C",
    "IsBio": true,
    "CountryOfOrigin": "BELGIË",
    "IsExclusivelySoldInLuxembourg": false,
    "OrderUnit": "P",
    "ShortName": "UB BS BIO PITABROOD 2X4",
    "InSeason": true,
    "IsNew": false,
    "EcoscoreLabel": "B",
    "RecentQuanityOfStockUnits": "1",
    "LongName": "BONI BIO pitabroodjes 2x4st 500g",
    "AlcoholVolume": "0",
    "StartSeasonDate": "13/04/2020",
    "FicCode": "I",
    "EcoscoreValue": "79"
  },
  {
    "productId": "51262",
    "technicalArticleNumber": "2304013",
    "commercialArticleNumber": "1979",
    "name": "hagelslag melkchocolade",
    "description": "*Minstens 27 %\ncacaobestanddelen",
    "brand": "JACQUES",
    "seoBrand": "Jacques",
    "thumbNail": "https://static.colruytgroup.com/images/200x200/std.lang.all/88/83/asset-2428883.jpg",
    "fullImage": "https://static.colruytgroup.com/images/500x500/std.lang.all/88/83/asset-2428883.jpg",
    "squareImage": "https://static.colruytgroup.com/images/500x500sq/std.lang.all/88/83/asset-2428883.jpg",
    "content": "350g",
    "walkRouteSequenceNumber": 17881,
    "price": {
      "basicPrice": 8.73,
      "recommendedQuantity": "2.0",
      "measurementUnitPrice": 24.95,
      "measurementUnit": "K",
      "isRedPrice": false,
      "pricePerUOM": 24.95,
      "activationDate": "21-03-2024",
      "recordSource": "Offline",
      "isPromoActive": "N",
      "priceChangeCode": "H"
    },
    "isAvailable": true,
    "isPriceAvailable": true,
    "inPromo": false,
    "gtin": [
      "15410059068159",
      "05410059033136",
      "05410059068152"
    ],
    "topCategoryName": "Brood/Ontbijt",
    "topCategoryId": "124",
    "businessDomain": "RETAIL_BE",
    "IsPrivateLabel": false,
    "IsBiffe": false,
    "WeightconversionFactor": "0",
    "IsWeightArticle": false,
    "nutriscoreLabel": "E",
    "IsBio": false,
    "CountryOfOrigin": "BELGIË",
    "IsExclusivelySoldInLuxembourg": false,
    "OrderUnit": "P",
    "ShortName": "JAC HAGELSLAG MELK350GR",
    "InSeason": true,
    "IsNew": false,
    "EcoscoreLabel": "D",
    "RecentQuanityOfStockUnits": "1,2",
    "LongName": "JACQUES hagelslag melkchocolade 350g",
    "AlcoholVolume": "0",
    "StartSeasonDate": "23/08/2018",
    "FicCode": "E",
    "EcoscoreValue": "32"
  },
  {
    "productId": "698051",
    "technicalArticleNumber": "4428940",
    "commercialArticleNumber": "3088",
    "name": "hagelslag melkchocolade",
    "brand": "KWATTA",
    "seoBrand": "Kwatta",
    "thumbNail": "https://static.colruytgroup.com/images/200x200/std.lang.all/48/71/asset-2494871.jpg",
    "fullImage": "https://static.colruytgroup.com/images/500x500/std.lang.all/48/71/asset-2494871.jpg",
    "squareImage": "https://static.colruytgroup.com/images/500x500sq/std.lang.all/48/71/asset-2494871.jpg",
    "content": "390g",
    "walkRouteSequenceNumber": 17885,
    "price": {
      "basicPrice": 4.49,
      "recommendedQuantity": "2.0",
      "measurementUnitPrice": 11.52,
      "measurementUnit": "K",
      "isRedPrice": false,
      "pricePerUOM": 11.52,
      "activationDate": "22-03-2024",
      "recordSource": "Offline",
      "isPromoActive": "N",
      "priceChangeCode": "L"
    },
    "isAvailable": true,
    "isPriceAvailable": true,
    "inPromo": false,
    "gtin": [
      "08715700119175",
      "08715700119489",
      "45400141535950"
    ],
    "topCategoryName": "Brood/Ontbijt",
    "topCategoryId": "124",
    "businessDomain": "RETAIL_BE",
    "IsPrivateLabel": false,
    "IsBiffe": false,
    "WeightconversionFactor": "0",
    "IsWeightArticle": false,
    "nutriscoreLabel": "E",
    "IsBio": false,
    "CountryOfOrigin": "EUROPA",
    "IsExclusivelySoldInLuxembourg": false,
    "OrderUnit": "P",
    "ShortName": "KWAT HAGELSL.MELKCHO390",
    "IsNew": false,
    "EcoscoreLabel": "D",
    "RecentQuanityOfStockUnits": "2,1",
    "LongName": "KWATTA hagelslag melkchocolade 390g",
    "FicCode": "E",
    "EcoscoreValue": "22"
  },
  {
    "productId": "882551",
    "technicalArticleNumber": "4740525",
    "commercialArticleNumber": "12818",
    "name": "Crispy Minis Choco",
    "brand": "WEETABIX",
    "seoBrand": "Weetabix",
    "thumbNail": "https://static.colruytgroup.com/images/200x200/std.lang.all/87/98/asset-3278798.jpg",
    "fullImage": "https://static.colruytgroup.com/images/500x500/std.lang.all/87/98/asset-3278798.jpg",
    "squareImage": "https://static.colruytgroup.com/images/500x500sq/std.lang.all/87/98/asset-3278798.jpg",
    "content": "500g",
    "walkRouteSequenceNumber": 17541,
    "price": {
      "basicPrice": 3.99,
      "recommendedQuantity": "1.0",
      "measurementUnitPrice": 7.98,
      "measurementUnit": "K",
      "isRedPrice": false,
      "pricePerUOM": 7.98,
      "activationDate": "25-01-2024",
      "recordSource": "Offline",
      "isPromoActive": "N",
      "priceChangeCode": "H"
    },
    "isAvailable": true,
    "isPriceAvailable": true,
    "inPromo": false,
    "gtin": [
      "05010029229691",
      "05010029229110"
    ],
    "topCategoryName": "Brood/Ontbijt",
    "topCategoryId": "124",
    "businessDomain": "RETAIL_BE",
    "IsPrivateLabel": false,
    "IsBiffe": false,
    "WeightconversionFactor": "0",
    "IsWeightArticle": false,
    "IsBio": false,
    "CountryOfOrigin": "BELGIË",
    "IsExclusivelySoldInLuxembourg": false,
    "OrderUnit": "P",
    "ShortName": "WEET CR.MINIS CHOCO 500",
    "IsNew": false,
    "RecentQuanityOfStockUnits": "1",
    "LongName": "WEETABIX Crispy Minis Choco 500g",
    "FicCode": "E"
  },
  {
    "productId": "458334",
    "technicalArticleNumber": "3953503",
    "commercialArticleNumber": "1972",
    "name": "confituur aardbei-rabarber",
    "brand": "BONI",
    "seoBrand": "Boni Selection",
    "thumbNail": "https://static.colruytgroup.com/images/200x200/std.lang.all/81/19/asset-3028119.jpg",
    "fullImage": "https://static.colruytgroup.com/images/500x500/std.lang.all/81/19/asset-3028119.jpg",
    "squareImage": "https://static.colruytgroup.com/images/500x500sq/std.lang.all/81/19/asset-3028119.jpg",
    "content": "370g",
    "walkRouteSequenceNumber": 17906,
    "price": {
      "basicPrice": 1.8,
      "recommendedQuantity": "1.0",
      "measurementUnitPrice": 4.87,
      "measurementUnit": "K",
      "isRedPrice": false,
      "pricePerUOM": 4.87,
      "activationDate": "14-02-2024",
      "recordSource": "Offline",
      "isPromoActive": "N",
      "priceChangeCode": "H"
    },
    "isAvailable": true,
    "isPriceAvailable": true,
    "inPromo": false,
    "gtin": [
      "05400141037333",
      "05400141332285",
      "15400141332282",
      "05400141974744",
      "15400141974741"
    ],
    "topCategoryName": "Brood/Ontbijt",
    "topCategoryId": "124",
    "businessDomain": "RETAIL_BE",
    "IsPrivateLabel": true,
    "IsBiffe": false,
    "WeightconversionFactor": "0",
    "IsWeightArticle": false,
    "nutriscoreLabel": "D",
    "IsBio": false,
    "CountryOfOrigin": "FRANKRIJK",
    "IsExclusivelySoldInLuxembourg": false,
    "OrderUnit": "P",
    "ShortName": "BONI AARDB.RAB.CONF370G",
    "IsNew": false,
    "EcoscoreLabel": "B",
    "RecentQuanityOfStockUnits": "1",
    "LongName": "BONI confituur aardbei-rabarber 370g",
    "FicCode": "I",
    "EcoscoreValue": "75"
  },
  {
    "productId": "699151",
    "technicalArticleNumber": "4430815",
    "commercialArticleNumber": "11239",
    "name": "intense rabarber",
    "brand": "BONNE MAMAN",
    "seoBrand": "Bonne Maman",
    "thumbNail": "https://static.colruytgroup.com/images/200x200/std.lang.all/66/06/asset-2406606.jpg",
    "fullImage": "https://static.colruytgroup.com/images/500x500/std.lang.all/66/06/asset-2406606.jpg",
    "squareImage": "https://static.colruytgroup.com/images/500x500sq/std.lang.all/66/06/asset-2406606.jpg",
    "content": "335g",
    "walkRouteSequenceNumber": 17947,
    "price": {
      "basicPrice": 4.29,
      "recommendedQuantity": "1.0",
      "measurementUnitPrice": 12.81,
      "measurementUnit": "K",
      "isRedPrice": false,
      "pricePerUOM": 12.81,
      "activationDate": "27-02-2024",
      "recordSource": "Offline",
      "isPromoActive": "N",
      "priceChangeCode": "H"
    },
    "isAvailable": true,
    "isPriceAvailable": true,
    "inPromo": false,
    "gtin": [
      "03608580047735",
      "03608580047742"
    ],
    "topCategoryName": "Brood/Ontbijt",
    "topCategoryId": "124",
    "businessDomain": "RETAIL_BE",
    "IsPrivateLabel": false,
    "IsBiffe": false,
    "WeightconversionFactor": "0",
    "IsWeightArticle": false,
    "nutriscoreLabel": "D",
    "IsBio": false,
    "CountryOfOrigin": "FRANKRIJK",
    "IsExclusivelySoldInLuxembourg": false,
    "OrderUnit": "P",
    "ShortName": "BONN CONF.INT.RABARB335",
    "IsNew": false,
    "RecentQuanityOfStockUnits": "1",
    "LongName": "BONNE MAMAN intense rabarber 335g",
    "FicCode": "E"
  },
  {
    "productId": "21872",
    "technicalArticleNumber": "2238478",
    "commercialArticleNumber": "15054",
    "name": "ger.brood goudgeel",
    "description": "*Zweedse broodjes,\ngoudgeel",
    "brand": "KRISPROLLS",
    "seoBrand": "Krisprolls",
    "thumbNail": "https://static.colruytgroup.com/images/200x200/std.lang.all/13/69/asset-2821369.jpg",
    "fullImage": "https://static.colruytgroup.com/images/500x500/std.lang.all/13/69/asset-2821369.jpg",
    "squareImage": "https://static.colruytgroup.com/images/500x500sq/std.lang.all/13/69/asset-2821369.jpg",
    "content": "400g",
    "walkRouteSequenceNumber": 17059,
    "price": {
      "basicPrice": 4.39,
      "recommendedQuantity": "1.0",
      "measurementUnitPrice": 10.98,
      "measurementUnit": "K",
      "isRedPrice": false,
      "pricePerUOM": 10.98,
      "activationDate": "22-03-2024",
      "recordSource": "Offline",
      "isPromoActive": "N",
      "priceChangeCode": "H"
    },
    "isAvailable": true,
    "isPriceAvailable": true,
    "inPromo": false,
    "gtin": [
      "07311070361742",
      "17311070361749"
    ],
    "topCategoryName": "Brood/Ontbijt",
    "topCategoryId": "124",
    "businessDomain": "RETAIL_BE",
    "IsPrivateLabel": false,
    "IsBiffe": false,
    "WeightconversionFactor": "0",
    "IsWeightArticle": false,
    "nutriscoreLabel": "C",
    "IsBio": false,
    "CountryOfOrigin": "ZWEDEN",
    "IsExclusivelySoldInLuxembourg": false,
    "OrderUnit": "P",
    "ShortName": "KRISPROLLS GOUDGEEL400G",
    "IsNew": false,
    "EcoscoreLabel": "B",
    "RecentQuanityOfStockUnits": "1",
    "LongName": "KRISPROLLS ger.brood goudgeel 400g",
    "AlcoholVolume": "0",
    "FicCode": "E",
    "EcoscoreValue": "65"
  },
  {
    "productId": "182258",
    "technicalArticleNumber": "3347632",
    "commercialArticleNumber": "33157",
    "name": "Soft Baked rode vrucht",
    "brand": "LU BELVITA",
    "seoBrand": "LU belVita",
    "thumbNail": "https://static.colruytgroup.com/images/200x200/std.lang.all/28/28/asset-2372828.jpg",
    "fullImage": "https://static.colruytgroup.com/images/500x500/std.lang.all/28/28/asset-2372828.jpg",
    "squareImage": "https://static.colruytgroup.com/images/500x500sq/std.lang.all/28/28/asset-2372828.jpg",
    "content": "5x50g",
    "walkRouteSequenceNumber": 2320,
    "price": {
      "basicPrice": 3.55,
      "recommendedQuantity": "2.0",
      "measurementUnitPrice": 14.2,
      "measurementUnit": "K",
      "isRedPrice": false,
      "pricePerUOM": 14.2,
      "activationDate": "20-03-2024",
      "recordSource": "Offline",
      "isPromoActive": "N",
      "priceChangeCode": "H"
    },
    "isAvailable": true,
    "isPriceAvailable": true,
    "inPromo": false,
    "gtin": [
      "05400141383782",
      "07622210453051",
      "07622210453068"
    ],
    "topCategoryName": "Brood/Ontbijt",
    "topCategoryId": "124",
    "businessDomain": "RETAIL_BE",
    "IsPrivateLabel": false,
    "IsBiffe": false,
    "WeightconversionFactor": "0",
    "IsWeightArticle": false,
    "nutriscoreLabel": "C",
    "IsBio": false,
    "CountryOfOrigin": "TUNESIË",
    "IsExclusivelySoldInLuxembourg": false,
    "OrderUnit": "P",
    "ShortName": "BELVITA SOFT RODE VRUCH",
    "IsNew": false,
    "RecentQuanityOfStockUnits": "1,2",
    "LongName": "LU BELVITA Soft Baked rode vrucht 5x50g",
    "AlcoholVolume": "0",
    "FicCode": "E"
  },
  {
    "productId": "1086",
    "technicalArticleNumber": "16171",
    "commercialArticleNumber": "16171",
    "name": "honing vast",
    "description": "*Vast",
    "brand": "MELI",
    "seoBrand": "Meli",
    "thumbNail": "https://static.colruytgroup.com/images/200x200/std.lang.all/88/85/asset-1758885.jpg",
    "fullImage": "https://static.colruytgroup.com/images/500x500/std.lang.all/88/85/asset-1758885.jpg",
    "squareImage": "https://static.colruytgroup.com/images/500x500sq/std.lang.all/88/85/asset-1758885.jpg",
    "content": "700g",
    "walkRouteSequenceNumber": 18005,
    "price": {
      "basicPrice": 6.59,
      "recommendedQuantity": "1.0",
      "measurementUnitPrice": 9.42,
      "measurementUnit": "K",
      "isRedPrice": false,
      "pricePerUOM": 9.42,
      "activationDate": "21-03-2024",
      "recordSource": "Folder",
      "isPromoActive": "Y",
      "priceChangeCode": "L"
    },
    "isAvailable": true,
    "isPriceAvailable": true,
    "inPromo": true,
    "promotion": [
      {
        "techPromoId": "100875COLR",
        "promotionId": "100875",
        "promotionType": "3",
        "isPersonalized": "N",
        "publicationStartDate": "13-03-2024",
        "publicationEndDate": "26-03-2024"
      }
    ],
    "gtin": [
      "05410038101252",
      "15410038101259"
    ],
    "topCategoryName": "Brood/Ontbijt",
    "topCategoryId": "124",
    "businessDomain": "RETAIL_BE",
    "IsPrivateLabel": false,
    "IsBiffe": false,
    "WeightconversionFactor": "0",
    "IsWeightArticle": false,
    "nutriscoreLabel": "D",
    "IsBio": false,
    "CountryOfOrigin": "BELGIË",
    "IsExclusivelySoldInLuxembourg": false,
    "OrderUnit": "P",
    "ShortName": "MELI HONING 700 GR",
    "IsNew": false,
    "EcoscoreLabel": "B",
    "RecentQuanityOfStockUnits": "1",
    "LongName": "MELI honing vast 700g",
    "AlcoholVolume": "0",
    "FicCode": "E",
    "EcoscoreValue": "72"
  },
  {
    "productId": "83266",
    "technicalArticleNumber": "2946074",
    "commercialArticleNumber": "38725",
    "name": "confituur sinaasappel Bio",
    "description": "*50 % vruchten",
    "brand": "PUR NATUR",
    "seoBrand": "Pur Natur",
    "thumbNail": "https://static.colruytgroup.com/images/200x200/std.lang.all/00/48/asset-2620048.jpg",
    "fullImage": "https://static.colruytgroup.com/images/500x500/std.lang.all/00/48/asset-2620048.jpg",
    "squareImage": "https://static.colruytgroup.com/images/500x500sq/std.lang.all/00/48/asset-2620048.jpg",
    "content": "450g",
    "walkRouteSequenceNumber": 17981,
    "price": {
      "basicPrice": 4.6,
      "recommendedQuantity": "1.0",
      "measurementUnitPrice": 10.23,
      "measurementUnit": "K",
      "isRedPrice": false,
      "pricePerUOM": 10.23,
      "activationDate": "14-02-2024",
      "recordSource": "Offline",
      "isPromoActive": "N",
      "priceChangeCode": "H"
    },
    "isAvailable": true,
    "isPriceAvailable": true,
    "inPromo": false,
    "gtin": [
      "05410986132032",
      "05410986073038"
    ],
    "topCategoryName": "Brood/Ontbijt",
    "topCategoryId": "124",
    "businessDomain": "RETAIL_BE",
    "IsPrivateLabel": false,
    "IsBiffe": false,
    "WeightconversionFactor": "0",
    "IsWeightArticle": false,
    "nutriscoreLabel": "D",
    "IsBio": true,
    "CountryOfOrigin": "BELGIË",
    "IsExclusivelySoldInLuxembourg": false,
    "OrderUnit": "P",
    "ShortName": "PN BIO SINAAS 450G",
    "IsNew": false,
    "EcoscoreLabel": "A",
    "RecentQuanityOfStockUnits": "1,8",
    "LongName": "PUR NATUR confituur sinaasappel Bio 450g",
    "AlcoholVolume": "0",
    "FicCode": "E",
    "EcoscoreValue": "94"
  },
  {
    "productId": "377292",
    "technicalArticleNumber": "3843849",
    "commercialArticleNumber": "51297",
    "name": "intense kersen",
    "brand": "BONNE MAMAN",
    "seoBrand": "Bonne Maman",
    "thumbNail": "https://static.colruytgroup.com/images/200x200/std.lang.all/49/41/asset-2684941.jpg",
    "fullImage": "https://static.colruytgroup.com/images/500x500/std.lang.all/49/41/asset-2684941.jpg",
    "squareImage": "https://static.colruytgroup.com/images/500x500sq/std.lang.all/49/41/asset-2684941.jpg",
    "content": "335g",
    "walkRouteSequenceNumber": 17920,
    "price": {
      "basicPrice": 3.79,
      "recommendedQuantity": "1.0",
      "measurementUnitPrice": 11.32,
      "measurementUnit": "K",
      "isRedPrice": false,
      "pricePerUOM": 11.32,
      "activationDate": "29-02-2024",
      "recordSource": "Offline",
      "isPromoActive": "N",
      "priceChangeCode": "H"
    },
    "isAvailable": true,
    "isPriceAvailable": true,
    "inPromo": false,
    "gtin": [
      "03608589916704",
      "03608580916703"
    ],
    "topCategoryName": "Brood/Ontbijt",
    "topCategoryId": "124",
    "businessDomain": "RETAIL_BE",
    "IsPrivateLabel": false,
    "IsBiffe": false,
    "WeightconversionFactor": "0",
    "IsWeightArticle": false,
    "nutriscoreLabel": "D",
    "IsBio": false,
    "CountryOfOrigin": "FRANKRIJK",
    "IsExclusivelySoldInLuxembourg": false,
    "OrderUnit": "P",
    "ShortName": "BONN CONF.INT.KERS 335G",
    "IsNew": false,
    "RecentQuanityOfStockUnits": "1",
    "LongName": "BONNE MAMAN intense kersen 335g",
    "AlcoholVolume": "0",
    "FicCode": "E"
  },
  {
    "productId": "1110",
    "technicalArticleNumber": "16601",
    "commercialArticleNumber": "16601",
    "name": "honingkoek",
    "brand": "BONI BIO",
    "seoBrand": "Boni Selection",
    "thumbNail": "https://static.colruytgroup.com/images/200x200/std.lang.all/74/58/asset-2197458.jpg",
    "fullImage": "https://static.colruytgroup.com/images/500x500/std.lang.all/74/58/asset-2197458.jpg",
    "squareImage": "https://static.colruytgroup.com/images/500x500sq/std.lang.all/74/58/asset-2197458.jpg",
    "content": "300g",
    "walkRouteSequenceNumber": 17540,
    "price": {
      "basicPrice": 1.99,
      "recommendedQuantity": "1.0",
      "measurementUnitPrice": 6.64,
      "measurementUnit": "K",
      "isRedPrice": false,
      "pricePerUOM": 6.64,
      "activationDate": "30-01-2024",
      "recordSource": "Offline",
      "isPromoActive": "N",
      "priceChangeCode": "E"
    },
    "isAvailable": true,
    "isPriceAvailable": true,
    "inPromo": false,
    "gtin": [
      "05400141043365",
      "05400141363203",
      "05400141426984",
      "15400141363200",
      "15400141907381"
    ],
    "topCategoryName": "Brood/Ontbijt",
    "topCategoryId": "124",
    "businessDomain": "RETAIL_BE",
    "IsPrivateLabel": true,
    "IsBiffe": false,
    "WeightconversionFactor": "0",
    "IsWeightArticle": false,
    "nutriscoreLabel": "D",
    "IsBio": true,
    "CountryOfOrigin": "BELGIË",
    "IsExclusivelySoldInLuxembourg": false,
    "OrderUnit": "P",
    "ShortName": "BS BIO PEPERKOEK 300G",
    "IsNew": false,
    "EcoscoreLabel": "B",
    "RecentQuanityOfStockUnits": "12,1",
    "LongName": "BONI BIO honingkoek 300g",
    "AlcoholVolume": "0",
    "FicCode": "I",
    "EcoscoreValue": "79"
  },
  {
    "productId": "413572",
    "technicalArticleNumber": "3931246",
    "commercialArticleNumber": "15722",
    "name": "froot loops unicorn",
    "brand": "KELLOGG'S",
    "seoBrand": "Kellogg's",
    "thumbNail": "https://static.colruytgroup.com/images/200x200/std.lang.all/04/83/asset-1510483.jpg",
    "fullImage": "https://static.colruytgroup.com/images/500x500/std.lang.all/04/83/asset-1510483.jpg",
    "squareImage": "https://static.colruytgroup.com/images/500x500sq/std.lang.all/04/83/asset-1510483.jpg",
    "content": "375g",
    "walkRouteSequenceNumber": 17253,
    "price": {
      "basicPrice": 4.49,
      "recommendedQuantity": "1.0",
      "measurementUnitPrice": 11.98,
      "measurementUnit": "K",
      "isRedPrice": false,
      "pricePerUOM": 11.98,
      "activationDate": "08-03-2024",
      "recordSource": "Offline",
      "isPromoActive": "N",
      "priceChangeCode": "H"
    },
    "isAvailable": true,
    "isPriceAvailable": true,
    "inPromo": false,
    "gtin": [
      "05053827110686",
      "05059319012186",
      "05053827110679"
    ],
    "topCategoryName": "Brood/Ontbijt",
    "topCategoryId": "124",
    "businessDomain": "RETAIL_BE",
    "IsPrivateLabel": false,
    "IsBiffe": false,
    "WeightconversionFactor": "0",
    "IsWeightArticle": false,
    "nutriscoreLabel": "C",
    "IsBio": false,
    "CountryOfOrigin": "BELGIË",
    "IsExclusivelySoldInLuxembourg": false,
    "OrderUnit": "P",
    "ShortName": "KELL UNICORN FROOTLO375",
    "InSeason": true,
    "IsNew": false,
    "RecentQuanityOfStockUnits": "1",
    "LongName": "KELLOGG'S froot loops unicorn 375g",
    "AlcoholVolume": "0",
    "StartSeasonDate": "17/09/2021",
    "FicCode": "E"
  },
  {
    "productId": "33444",
    "technicalArticleNumber": "1777379",
    "commercialArticleNumber": "15228",
    "name": "beschuit rond volkoren",
    "description": "*Krokant en luchtig\n*Bron van vezels\n*Gemakkelijk uit\nte nemen\n*Zonder bewaarmiddel",
    "brand": "ANCO",
    "seoBrand": "Anco",
    "thumbNail": "https://static.colruytgroup.com/images/200x200/nl_be/38/92/asset-663892.jpg",
    "fullImage": "https://static.colruytgroup.com/images/500x500/nl_be/38/92/asset-663892.jpg",
    "squareImage": "https://static.colruytgroup.com/images/500x500sq/nl_be/38/92/asset-663892.jpg",
    "content": "150g",
    "walkRouteSequenceNumber": 17098,
    "price": {
      "basicPrice": 2.59,
      "recommendedQuantity": "1.0",
      "measurementUnitPrice": 17.27,
      "measurementUnit": "K",
      "isRedPrice": false,
      "pricePerUOM": 17.27,
      "activationDate": "17-02-2024",
      "recordSource": "Offline",
      "isPromoActive": "N",
      "priceChangeCode": "E"
    },
    "isAvailable": true,
    "isPriceAvailable": true,
    "inPromo": false,
    "gtin": [
      "65410028623407",
      "05410018623309",
      "65410018623301",
      "05410028623405"
    ],
    "topCategoryName": "Brood/Ontbijt",
    "topCategoryId": "124",
    "businessDomain": "RETAIL_BE",
    "IsPrivateLabel": false,
    "IsBiffe": false,
    "WeightconversionFactor": "0",
    "IsWeightArticle": false,
    "nutriscoreLabel": "A",
    "IsBio": false,
    "CountryOfOrigin": "BELGIË",
    "IsExclusivelySoldInLuxembourg": false,
    "OrderUnit": "P",
    "ShortName": "ANCO VOLKOREN BESCH150G",
    "IsNew": false,
    "EcoscoreLabel": "A",
    "RecentQuanityOfStockUnits": "1",
    "LongName": "ANCO beschuit rond volkoren 150g",
    "AlcoholVolume": "0",
    "FicCode": "E",
    "EcoscoreValue": "100"
  },
  {
    "productId": "851518",
    "technicalArticleNumber": "4699584",
    "commercialArticleNumber": "30957",
    "name": "bake rolls zeezout",
    "brand": "TUC",
    "seoBrand": "LU Tuc",
    "thumbNail": "https://static.colruytgroup.com/images/200x200/std.lang.all/04/53/asset-3140453.jpg",
    "fullImage": "https://static.colruytgroup.com/images/500x500/std.lang.all/04/53/asset-3140453.jpg",
    "squareImage": "https://static.colruytgroup.com/images/500x500sq/std.lang.all/04/53/asset-3140453.jpg",
    "content": "150g",
    "walkRouteSequenceNumber": 4492,
    "price": {
      "basicPrice": 1.99,
      "recommendedQuantity": "1.0",
      "measurementUnitPrice": 13.27,
      "measurementUnit": "K",
      "isRedPrice": false,
      "pricePerUOM": 13.27,
      "activationDate": "04-03-2024",
      "recordSource": "Offline",
      "isPromoActive": "N",
      "priceChangeCode": "E"
    },
    "isAvailable": true,
    "isPriceAvailable": true,
    "inPromo": false,
    "gtin": [
      "07622201748227",
      "07622201748234"
    ],
    "topCategoryName": "Brood/Ontbijt",
    "topCategoryId": "124",
    "businessDomain": "RETAIL_BE",
    "IsPrivateLabel": false,
    "IsBiffe": false,
    "WeightconversionFactor": "0",
    "IsWeightArticle": false,
    "nutriscoreLabel": "D",
    "IsBio": false,
    "CountryOfOrigin": "POLEN",
    "IsExclusivelySoldInLuxembourg": false,
    "OrderUnit": "P",
    "ShortName": "TUC BAKE ROLLS ZOUT150G",
    "IsNew": false,
    "RecentQuanityOfStockUnits": "1",
    "LongName": "TUC bake rolls zeezout 150g",
    "FicCode": "E"
  },
  {
    "productId": "779029",
    "technicalArticleNumber": "4572911",
    "commercialArticleNumber": "28594",
    "name": "confituur zwarte kersen",
    "brand": "NOSTALGIE",
    "seoBrand": "Materne Nostalgie",
    "thumbNail": "https://static.colruytgroup.com/images/200x200/std.lang.all/52/66/asset-2755266.jpg",
    "fullImage": "https://static.colruytgroup.com/images/500x500/std.lang.all/52/66/asset-2755266.jpg",
    "squareImage": "https://static.colruytgroup.com/images/500x500sq/std.lang.all/52/66/asset-2755266.jpg",
    "content": "265g",
    "walkRouteSequenceNumber": 17944,
    "price": {
      "basicPrice": 4.25,
      "recommendedQuantity": "1.0",
      "measurementUnitPrice": 16.04,
      "measurementUnit": "K",
      "isRedPrice": false,
      "pricePerUOM": 16.04,
      "activationDate": "19-03-2024",
      "recordSource": "Offline",
      "isPromoActive": "N",
      "priceChangeCode": "E"
    },
    "isAvailable": true,
    "isPriceAvailable": true,
    "inPromo": false,
    "gtin": [
      "05410046800987",
      "05410046000554"
    ],
    "topCategoryName": "Brood/Ontbijt",
    "topCategoryId": "124",
    "businessDomain": "RETAIL_BE",
    "IsPrivateLabel": false,
    "IsBiffe": false,
    "WeightconversionFactor": "0",
    "IsWeightArticle": false,
    "nutriscoreLabel": "D",
    "IsBio": false,
    "CountryOfOrigin": "BELGIË",
    "IsExclusivelySoldInLuxembourg": false,
    "OrderUnit": "P",
    "ShortName": "NOST CONF.ZW.KERSEN265G",
    "IsNew": false,
    "RecentQuanityOfStockUnits": "1",
    "LongName": "NOSTALGIE confituur zwarte kersen 265g",
    "FicCode": "E"
  },
  {
    "productId": "47677",
    "technicalArticleNumber": "2485318",
    "commercialArticleNumber": "38397",
    "name": "confituur aardbei Bio",
    "description": "*50 % vruchten",
    "brand": "PUR NATUR",
    "seoBrand": "Pur Natur",
    "thumbNail": "https://static.colruytgroup.com/images/200x200/std.lang.all/00/45/asset-2620045.jpg",
    "fullImage": "https://static.colruytgroup.com/images/500x500/std.lang.all/00/45/asset-2620045.jpg",
    "squareImage": "https://static.colruytgroup.com/images/500x500sq/std.lang.all/00/45/asset-2620045.jpg",
    "content": "450g",
    "walkRouteSequenceNumber": 17986,
    "price": {
      "basicPrice": 4.48,
      "recommendedQuantity": "1.0",
      "measurementUnitPrice": 9.96,
      "measurementUnit": "K",
      "isRedPrice": false,
      "pricePerUOM": 9.96,
      "activationDate": "14-02-2024",
      "recordSource": "Offline",
      "isPromoActive": "N",
      "priceChangeCode": "E"
    },
    "isAvailable": true,
    "isPriceAvailable": true,
    "inPromo": false,
    "gtin": [
      "05410986073175",
      "05410986132186"
    ],
    "topCategoryName": "Brood/Ontbijt",
    "topCategoryId": "124",
    "businessDomain": "RETAIL_BE",
    "IsPrivateLabel": false,
    "IsBiffe": false,
    "WeightconversionFactor": "0",
    "IsWeightArticle": false,
    "nutriscoreLabel": "D",
    "IsBio": true,
    "CountryOfOrigin": "BELGIË",
    "IsExclusivelySoldInLuxembourg": false,
    "OrderUnit": "P",
    "ShortName": "PN BIO CONF.AARD.450G",
    "IsNew": false,
    "EcoscoreLabel": "A",
    "RecentQuanityOfStockUnits": "1,8",
    "LongName": "PUR NATUR confituur aardbei Bio 450g",
    "AlcoholVolume": "0",
    "FicCode": "E",
    "EcoscoreValue": "90"
  },
  {
    "productId": "1527",
    "technicalArticleNumber": "21527",
    "commercialArticleNumber": "21527",
    "name": "speculoos voltarwe",
    "brand": "VERMEIREN",
    "seoBrand": "Vermeiren",
    "thumbNail": "https://static.colruytgroup.com/images/200x200/std.lang.all/73/01/asset-857301.jpg",
    "fullImage": "https://static.colruytgroup.com/images/500x500/std.lang.all/73/01/asset-857301.jpg",
    "squareImage": "https://static.colruytgroup.com/images/500x500sq/std.lang.all/73/01/asset-857301.jpg",
    "content": "2x162,5g",
    "walkRouteSequenceNumber": 2133,
    "price": {
      "basicPrice": 2.33,
      "recommendedQuantity": "1.0",
      "measurementUnitPrice": 7.17,
      "measurementUnit": "K",
      "isRedPrice": false,
      "pricePerUOM": 7.17,
      "activationDate": "14-11-2023",
      "isPromoActive": "N",
      "priceChangeCode": "E"
    },
    "isAvailable": true,
    "isPriceAvailable": true,
    "inPromo": false,
    "gtin": [
      "05411128200015",
      "05411128205010",
      "05411128512118"
    ],
    "topCategoryName": "Brood/Ontbijt",
    "topCategoryId": "124",
    "businessDomain": "RETAIL_BE",
    "IsPrivateLabel": false,
    "IsBiffe": false,
    "WeightconversionFactor": "0",
    "IsWeightArticle": false,
    "nutriscoreLabel": "E",
    "IsBio": false,
    "CountryOfOrigin": "BELGIË",
    "IsExclusivelySoldInLuxembourg": false,
    "OrderUnit": "P",
    "ShortName": "RE VERM.SPEC BLAUW 325G",
    "IsNew": false,
    "EcoscoreLabel": "B",
    "RecentQuanityOfStockUnits": "1",
    "LongName": "VERMEIREN speculoos voltarwe 2x162,5g",
    "AlcoholVolume": "0",
    "FicCode": "E",
    "EcoscoreValue": "64"
  },
  {
    "productId": "859250",
    "technicalArticleNumber": "4709654",
    "commercialArticleNumber": "31814",
    "name": "cacao&hazelnootpasta Bio",
    "description": "*Hazelnootpasta met cacao\n*Met zonnebloemolie",
    "brand": "NOCCIOLATA",
    "seoBrand": "Nocciolata",
    "thumbNail": "https://static.colruytgroup.com/images/200x200/std.lang.all/22/00/asset-3182200.jpg",
    "fullImage": "https://static.colruytgroup.com/images/500x500/std.lang.all/22/00/asset-3182200.jpg",
    "squareImage": "https://static.colruytgroup.com/images/500x500sq/std.lang.all/22/00/asset-3182200.jpg",
    "content": "325g",
    "walkRouteSequenceNumber": 17666,
    "price": {
      "basicPrice": 4.99,
      "recommendedQuantity": "1.0",
      "measurementUnitPrice": 15.36,
      "measurementUnit": "K",
      "isRedPrice": false,
      "pricePerUOM": 15.36,
      "activationDate": "15-03-2024",
      "recordSource": "Offline",
      "isPromoActive": "N",
      "priceChangeCode": "L"
    },
    "isAvailable": true,
    "isPriceAvailable": true,
    "inPromo": false,
    "gtin": [
      "08052575090377",
      "08052575090452"
    ],
    "topCategoryName": "Brood/Ontbijt",
    "topCategoryId": "124",
    "businessDomain": "RETAIL_BE",
    "IsPrivateLabel": false,
    "IsBiffe": false,
    "WeightconversionFactor": "0",
    "IsWeightArticle": false,
    "nutriscoreLabel": "E",
    "IsBio": true,
    "CountryOfOrigin": "ITALIË",
    "IsExclusivelySoldInLuxembourg": false,
    "OrderUnit": "P",
    "ShortName": "NOCC CAC&HAZELNO.BIO325",
    "IsNew": false,
    "EcoscoreLabel": "C",
    "RecentQuanityOfStockUnits": "1",
    "LongName": "NOCCIOLATA cacao&hazelnootpasta Bio 325g",
    "FicCode": "E",
    "EcoscoreValue": "45"
  },
  {
    "productId": "10659",
    "technicalArticleNumber": "1396247",
    "commercialArticleNumber": "15434",
    "name": "graanr. r.vrucht",
    "description": "*Graanreep met rode\nvruchten\n*Rijk aan vezels",
    "brand": "SPECIAL K",
    "seoBrand": "Kellogg's Special K",
    "thumbNail": "https://static.colruytgroup.com/images/200x200/std.lang.all/02/12/asset-1770212.jpg",
    "fullImage": "https://static.colruytgroup.com/images/500x500/std.lang.all/02/12/asset-1770212.jpg",
    "squareImage": "https://static.colruytgroup.com/images/500x500sq/std.lang.all/02/12/asset-1770212.jpg",
    "content": "6st",
    "walkRouteSequenceNumber": 2159,
    "price": {
      "basicPrice": 3.95,
      "recommendedQuantity": "2.0",
      "measurementUnitPrice": 30.63,
      "measurementUnit": "K",
      "isRedPrice": false,
      "pricePerUOM": 30.63,
      "activationDate": "13-03-2024",
      "recordSource": "Offline",
      "isPromoActive": "N",
      "priceChangeCode": "E"
    },
    "isAvailable": true,
    "isPriceAvailable": true,
    "inPromo": false,
    "gtin": [
      "03159470204429",
      "05400141154344",
      "05050083166372"
    ],
    "topCategoryName": "Brood/Ontbijt",
    "topCategoryId": "124",
    "businessDomain": "RETAIL_BE",
    "IsPrivateLabel": false,
    "IsBiffe": false,
    "WeightconversionFactor": "0",
    "IsWeightArticle": false,
    "nutriscoreLabel": "C",
    "IsBio": false,
    "CountryOfOrigin": "EUROPA",
    "IsExclusivelySoldInLuxembourg": false,
    "OrderUnit": "P",
    "ShortName": "KELL SP K VRUCHT 6X21.5",
    "IsNew": false,
    "RecentQuanityOfStockUnits": "2,1",
    "LongName": "SPECIAL K graanr. r.vrucht 6st",
    "AlcoholVolume": "0",
    "FicCode": "E"
  },
  {
    "productId": "168849",
    "technicalArticleNumber": "3399276",
    "commercialArticleNumber": "13513",
    "name": "rijstwafel provence",
    "description": "*Rijstwafel, rond,\nmet provencaalse\nkruiden",
    "brand": "BOSTO",
    "seoBrand": "Bosto",
    "thumbNail": "https://static.colruytgroup.com/images/200x200/std.lang.all/15/95/asset-1201595.jpg",
    "fullImage": "https://static.colruytgroup.com/images/500x500/std.lang.all/15/95/asset-1201595.jpg",
    "squareImage": "https://static.colruytgroup.com/images/500x500sq/std.lang.all/15/95/asset-1201595.jpg",
    "content": "130g",
    "walkRouteSequenceNumber": 17126,
    "price": {
      "basicPrice": 4.25,
      "recommendedQuantity": "2.0",
      "measurementUnitPrice": 32.7,
      "measurementUnit": "K",
      "isRedPrice": false,
      "pricePerUOM": 32.7,
      "activationDate": "31-01-2024",
      "recordSource": "Offline",
      "isPromoActive": "N",
      "priceChangeCode": "E"
    },
    "isAvailable": true,
    "isPriceAvailable": true,
    "inPromo": false,
    "gtin": [
      "05400141462982",
      "05410106095568",
      "15410106095565"
    ],
    "topCategoryName": "Brood/Ontbijt",
    "topCategoryId": "124",
    "businessDomain": "RETAIL_BE",
    "IsPrivateLabel": false,
    "IsBiffe": false,
    "WeightconversionFactor": "0",
    "IsWeightArticle": false,
    "nutriscoreLabel": "C",
    "IsBio": false,
    "CountryOfOrigin": "BELGIË",
    "IsExclusivelySoldInLuxembourg": false,
    "OrderUnit": "P",
    "ShortName": "BOSTO RIJSTW.PROV. 130G",
    "IsNew": false,
    "EcoscoreLabel": "B",
    "RecentQuanityOfStockUnits": "1,2,12",
    "LongName": "BOSTO rijstwafel provence 130g",
    "AlcoholVolume": "0",
    "FicCode": "E",
    "EcoscoreValue": "70"
  },
  {
    "productId": "869705",
    "technicalArticleNumber": "4723080",
    "commercialArticleNumber": "19687",
    "name": "Cheesecake 2p",
    "description": "*Cheesecake naturel\n*Bodem van zanddeeg",
    "brand": "BONI",
    "seoBrand": "Boni Selection",
    "thumbNail": "https://static.colruytgroup.com/images/200x200/std.lang.all/54/46/asset-3335446.jpg",
    "fullImage": "https://static.colruytgroup.com/images/500x500/std.lang.all/54/46/asset-3335446.jpg",
    "squareImage": "https://static.colruytgroup.com/images/500x500sq/std.lang.all/54/46/asset-3335446.jpg",
    "content": "350g",
    "walkRouteSequenceNumber": 18301,
    "price": {
      "basicPrice": 5.49,
      "recommendedQuantity": "1.0",
      "measurementUnitPrice": 15.69,
      "measurementUnit": "K",
      "isRedPrice": false,
      "pricePerUOM": 15.69,
      "activationDate": "15-11-2023",
      "isPromoActive": "N",
      "priceChangeCode": "E"
    },
    "isAvailable": true,
    "isPriceAvailable": true,
    "inPromo": false,
    "gtin": [
      "15400141710158",
      "05400141710151"
    ],
    "topCategoryName": "Brood/Ontbijt",
    "topCategoryId": "124",
    "businessDomain": "RETAIL_BE",
    "IsPrivateLabel": true,
    "IsBiffe": false,
    "WeightconversionFactor": "0",
    "IsWeightArticle": false,
    "nutriscoreLabel": "D",
    "IsBio": false,
    "CountryOfOrigin": "BELGIË",
    "IsExclusivelySoldInLuxembourg": false,
    "OrderUnit": "P",
    "ShortName": "BONI CHEESECAKE 2P 350G",
    "IsNew": false,
    "EcoscoreLabel": "C",
    "RecentQuanityOfStockUnits": "1",
    "LongName": "BONI Cheesecake 2p 350g",
    "FicCode": "I",
    "EcoscoreValue": "50"
  },
  {
    "productId": "851144",
    "technicalArticleNumber": "4699086",
    "commercialArticleNumber": "30927",
    "name": "Crackers Classic 3-zaden",
    "description": "*Volkoren crackers\n*Spelt, haver, bloem\n*Pompoenzaden,\nsesamzaad en lijnzaad",
    "brand": "DR. KARG'S",
    "seoBrand": "Dr.Karg's",
    "thumbNail": "https://static.colruytgroup.com/images/200x200/std.lang.all/38/66/asset-3213866.jpg",
    "fullImage": "https://static.colruytgroup.com/images/500x500/std.lang.all/38/66/asset-3213866.jpg",
    "squareImage": "https://static.colruytgroup.com/images/500x500sq/std.lang.all/38/66/asset-3213866.jpg",
    "content": "200g",
    "walkRouteSequenceNumber": 17011,
    "price": {
      "basicPrice": 2.99,
      "recommendedQuantity": "1.0",
      "measurementUnitPrice": 14.95,
      "measurementUnit": "K",
      "isRedPrice": false,
      "pricePerUOM": 14.95,
      "activationDate": "20-03-2024",
      "isPromoActive": "N",
      "priceChangeCode": "E"
    },
    "isAvailable": true,
    "isPriceAvailable": true,
    "inPromo": false,
    "gtin": [
      "04033634300549",
      "04033634300532"
    ],
    "topCategoryName": "Brood/Ontbijt",
    "topCategoryId": "124",
    "businessDomain": "RETAIL_BE",
    "IsPrivateLabel": false,
    "IsBiffe": false,
    "WeightconversionFactor": "0",
    "IsWeightArticle": false,
    "nutriscoreLabel": "D",
    "IsBio": false,
    "CountryOfOrigin": "DUITSLAND",
    "IsExclusivelySoldInLuxembourg": false,
    "OrderUnit": "P",
    "ShortName": "DRKA CR.CLAS.3ZDN 200G",
    "IsNew": false,
    "EcoscoreLabel": "B",
    "RecentQuanityOfStockUnits": "1,10",
    "LongName": "DR. KARG'S Crackers Classic 3-zaden 200g",
    "FicCode": "E",
    "EcoscoreValue": "67"
  },
  {
    "productId": "182761",
    "technicalArticleNumber": "3373426",
    "commercialArticleNumber": "4689",
    "name": "confituur bosbessen Bio",
    "brand": "PUR NATUR",
    "seoBrand": "Pur Natur",
    "thumbNail": "https://static.colruytgroup.com/images/200x200/std.lang.all/99/26/asset-2619926.jpg",
    "fullImage": "https://static.colruytgroup.com/images/500x500/std.lang.all/99/26/asset-2619926.jpg",
    "squareImage": "https://static.colruytgroup.com/images/500x500sq/std.lang.all/99/26/asset-2619926.jpg",
    "content": "450g",
    "walkRouteSequenceNumber": 17983,
    "price": {
      "basicPrice": 5.83,
      "recommendedQuantity": "1.0",
      "measurementUnitPrice": 12.96,
      "measurementUnit": "K",
      "isRedPrice": false,
      "pricePerUOM": 12.96,
      "activationDate": "17-11-2023",
      "isPromoActive": "N",
      "priceChangeCode": "H"
    },
    "isAvailable": true,
    "isPriceAvailable": true,
    "inPromo": false,
    "gtin": [
      "05410986073427",
      "05410986073434"
    ],
    "topCategoryName": "Brood/Ontbijt",
    "topCategoryId": "124",
    "businessDomain": "RETAIL_BE",
    "IsPrivateLabel": false,
    "IsBiffe": false,
    "WeightconversionFactor": "0",
    "IsWeightArticle": false,
    "nutriscoreLabel": "D",
    "IsBio": true,
    "CountryOfOrigin": "BELGIË",
    "IsExclusivelySoldInLuxembourg": false,
    "OrderUnit": "P",
    "ShortName": "PN BIO BOSBESSEN 450G",
    "IsNew": false,
    "EcoscoreLabel": "A",
    "RecentQuanityOfStockUnits": "1",
    "LongName": "PUR NATUR confituur bosbessen Bio 450g",
    "AlcoholVolume": "0",
    "FicCode": "E",
    "EcoscoreValue": "90"
  },
  {
    "productId": "855586",
    "technicalArticleNumber": "4704735",
    "commercialArticleNumber": "31342",
    "name": "granola low carb",
    "description": "*Geroosterde granen\n*Amandelen, soja,\npinda en zaden",
    "brand": "HOLIE",
    "seoBrand": "Holie",
    "thumbNail": "https://static.colruytgroup.com/images/200x200/std.lang.all/93/33/asset-3159333.jpg",
    "fullImage": "https://static.colruytgroup.com/images/500x500/std.lang.all/93/33/asset-3159333.jpg",
    "squareImage": "https://static.colruytgroup.com/images/500x500sq/std.lang.all/93/33/asset-3159333.jpg",
    "content": "350g",
    "walkRouteSequenceNumber": 17488,
    "price": {
      "basicPrice": 3.99,
      "recommendedQuantity": "1.0",
      "measurementUnitPrice": 11.4,
      "measurementUnit": "K",
      "isRedPrice": false,
      "pricePerUOM": 11.4,
      "activationDate": "23-03-2024",
      "recordSource": "Offline",
      "isPromoActive": "N",
      "priceChangeCode": "E"
    },
    "isAvailable": true,
    "isPriceAvailable": true,
    "inPromo": false,
    "gtin": [
      "08720256082323",
      "08720256082330"
    ],
    "topCategoryName": "Brood/Ontbijt",
    "topCategoryId": "124",
    "businessDomain": "RETAIL_BE",
    "IsPrivateLabel": false,
    "IsBiffe": false,
    "WeightconversionFactor": "0",
    "IsWeightArticle": false,
    "nutriscoreLabel": "A",
    "IsBio": false,
    "CountryOfOrigin": "NEDERLAND",
    "IsExclusivelySoldInLuxembourg": false,
    "OrderUnit": "P",
    "ShortName": "HOLI GRAN.LOW CARB 350G",
    "IsNew": false,
    "EcoscoreLabel": "B",
    "RecentQuanityOfStockUnits": "1",
    "LongName": "HOLIE granola low carb 350g",
    "FicCode": "E",
    "EcoscoreValue": "61"
  },
  {
    "productId": "773712",
    "technicalArticleNumber": "4562427",
    "commercialArticleNumber": "28496",
    "name": "Oreo O's",
    "description": "*mix krokante ringetjes en\n*knapperige vanilleschijfjes\n*typische smaak van oreo\n*verrijkt met vitaminen en ijzer",
    "brand": "WEETABIX",
    "seoBrand": "Weetabix Oreo",
    "thumbNail": "https://static.colruytgroup.com/images/200x200/std.lang.all/52/44/asset-2755244.jpg",
    "fullImage": "https://static.colruytgroup.com/images/500x500/std.lang.all/52/44/asset-2755244.jpg",
    "squareImage": "https://static.colruytgroup.com/images/500x500sq/std.lang.all/52/44/asset-2755244.jpg",
    "content": "350g",
    "walkRouteSequenceNumber": 17197,
    "price": {
      "basicPrice": 4.19,
      "recommendedQuantity": "1.0",
      "measurementUnitPrice": 11.98,
      "measurementUnit": "K",
      "isRedPrice": false,
      "pricePerUOM": 11.98,
      "activationDate": "19-03-2024",
      "recordSource": "Offline",
      "isPromoActive": "N",
      "priceChangeCode": "L"
    },
    "isAvailable": true,
    "isPriceAvailable": true,
    "inPromo": false,
    "gtin": [
      "05010029227062",
      "05010029228038"
    ],
    "topCategoryName": "Brood/Ontbijt",
    "topCategoryId": "124",
    "businessDomain": "RETAIL_BE",
    "IsPrivateLabel": false,
    "IsBiffe": false,
    "WeightconversionFactor": "0",
    "IsWeightArticle": false,
    "nutriscoreLabel": "D",
    "IsBio": false,
    "CountryOfOrigin": "BELGIË",
    "IsExclusivelySoldInLuxembourg": false,
    "OrderUnit": "P",
    "ShortName": "WEET OREO O S 350G",
    "IsNew": false,
    "EcoscoreLabel": "D",
    "RecentQuanityOfStockUnits": "1",
    "LongName": "WEETABIX Oreo O's 350g",
    "FicCode": "E",
    "EcoscoreValue": "26"
  },
  {
    "productId": "1028913",
    "technicalArticleNumber": "4793659",
    "commercialArticleNumber": "35834",
    "name": "Boter croissant 4st",
    "brand": "JACQUET",
    "seoBrand": "Jacquet",
    "thumbNail": "https://ecgproductmw.colruytgroup.com/ecgproductmw/noPicForArticle_2.jpg",
    "fullImage": "https://ecgproductmw.colruytgroup.com/ecgproductmw/noPicForArticle_5.jpg",
    "squareImage": "https://ecgproductmw.colruytgroup.com/ecgproductmw/noPicForArticle_5.jpg",
    "content": "180g",
    "walkRouteSequenceNumber": 9742,
    "price": {
      "basicPrice": 2.99,
      "recommendedQuantity": "1.0",
      "measurementUnitPrice": 16.62,
      "measurementUnit": "K",
      "isRedPrice": false,
      "pricePerUOM": 16.62,
      "activationDate": "06-02-2024",
      "isPromoActive": "N",
      "priceChangeCode": "E"
    },
    "isAvailable": true,
    "isPriceAvailable": true,
    "inPromo": false,
    "gtin": [
      "03029330500056"
    ],
    "topCategoryName": "Brood/Ontbijt",
    "topCategoryId": "124",
    "businessDomain": "RETAIL_BE",
    "IsPrivateLabel": false,
    "IsBiffe": false,
    "WeightconversionFactor": "0",
    "IsWeightArticle": false,
    "IsBio": false,
    "CountryOfOrigin": "FRANKRIJK",
    "IsExclusivelySoldInLuxembourg": false,
    "OrderUnit": "P",
    "ShortName": "JACQ BOTE.CROISSANT180G",
    "IsNew": true,
    "EcoscoreLabel": "B",
    "RecentQuanityOfStockUnits": "1,8",
    "LongName": "JACQUET Boter croissant 4st 180g",
    "AlcoholVolume": "0",
    "FicCode": "E",
    "EcoscoreValue": "61"
  },
  {
    "productId": "735817",
    "technicalArticleNumber": "4497266",
    "commercialArticleNumber": "22286",
    "name": "confituur aardbei 50%",
    "brand": "BONI BIO",
    "seoBrand": "Boni Selection Bio",
    "thumbNail": "https://static.colruytgroup.com/images/200x200/std.lang.all/55/44/asset-3205544.jpg",
    "fullImage": "https://static.colruytgroup.com/images/500x500/std.lang.all/55/44/asset-3205544.jpg",
    "squareImage": "https://static.colruytgroup.com/images/500x500sq/std.lang.all/55/44/asset-3205544.jpg",
    "content": "330g",
    "walkRouteSequenceNumber": 17908,
    "price": {
      "basicPrice": 1.82,
      "recommendedQuantity": "1.0",
      "quantityPrice": 1.64,
      "quantityPriceQuantity": "2.0",
      "measurementUnitPrice": 5.52,
      "measurementUnitQuantityPrice": 4.97,
      "measurementUnit": "K",
      "isRedPrice": false,
      "pricePerUOM": 5.52,
      "activationDate": "20-03-2024",
      "recordSource": "Offline",
      "isPromoActive": "N",
      "priceChangeCode": "E",
      "quantityPricePerUOM": 4.97,
      "quantityActivationDate": "20-03-2024",
      "quantityPriceChangeCode": "E"
    },
    "isAvailable": true,
    "isPriceAvailable": true,
    "inPromo": false,
    "gtin": [
      "15400141445487",
      "05400141445480",
      "15400141698845",
      "05400141698848"
    ],
    "topCategoryName": "Brood/Ontbijt",
    "topCategoryId": "124",
    "businessDomain": "RETAIL_BE",
    "IsPrivateLabel": true,
    "IsBiffe": false,
    "WeightconversionFactor": "0",
    "IsWeightArticle": false,
    "nutriscoreLabel": "D",
    "IsBio": true,
    "CountryOfOrigin": "FRANKRIJK",
    "IsExclusivelySoldInLuxembourg": false,
    "OrderUnit": "P",
    "ShortName": "BONI BIO CONF.AAR50%330",
    "IsNew": false,
    "EcoscoreLabel": "A",
    "RecentQuanityOfStockUnits": "1,12",
    "LongName": "BONI BIO confituur aardbei 50% 330g",
    "AlcoholVolume": "0",
    "FicCode": "I",
    "EcoscoreValue": "90"
  },
  {
    "productId": "578660",
    "technicalArticleNumber": "4229134",
    "commercialArticleNumber": "10281",
    "name": "pean.caram.vitami&protein bar",
    "brand": "FULFIL",
    "seoBrand": "Fulfil",
    "thumbNail": "https://static.colruytgroup.com/images/200x200/std.lang.all/71/70/asset-2677170.jpg",
    "fullImage": "https://static.colruytgroup.com/images/500x500/std.lang.all/71/70/asset-2677170.jpg",
    "squareImage": "https://static.colruytgroup.com/images/500x500sq/std.lang.all/71/70/asset-2677170.jpg",
    "content": "55g",
    "walkRouteSequenceNumber": 2189,
    "price": {
      "basicPrice": 2.69,
      "recommendedQuantity": "1.0",
      "measurementUnitPrice": 48.91,
      "measurementUnit": "K",
      "isRedPrice": false,
      "pricePerUOM": 48.91,
      "activationDate": "13-12-2023",
      "recordSource": "Offline",
      "isPromoActive": "N",
      "priceChangeCode": "H"
    },
    "isAvailable": true,
    "isPriceAvailable": true,
    "inPromo": false,
    "gtin": [
      "05390691017919",
      "05390691017926",
      "05391532122427"
    ],
    "topCategoryName": "Brood/Ontbijt",
    "topCategoryId": "124",
    "businessDomain": "RETAIL_BE",
    "IsPrivateLabel": false,
    "IsBiffe": false,
    "WeightconversionFactor": "0",
    "IsWeightArticle": false,
    "nutriscoreLabel": "D",
    "IsBio": false,
    "CountryOfOrigin": "NEDERLAND",
    "IsExclusivelySoldInLuxembourg": false,
    "OrderUnit": "P",
    "ShortName": "FULF PEAN.CARA.BAR55",
    "IsNew": false,
    "EcoscoreLabel": "D",
    "RecentQuanityOfStockUnits": "1,15",
    "LongName": "FULFIL pean.caram.vitami&protein bar 55g",
    "FicCode": "E",
    "EcoscoreValue": "33"
  },
  {
    "productId": "869437",
    "technicalArticleNumber": "4722771",
    "commercialArticleNumber": "18148",
    "name": "Kit Kat",
    "description": "*Melkchocolade\n*Volkorengranen",
    "brand": "NESTLÉ",
    "seoBrand": "Nestlé",
    "thumbNail": "https://static.colruytgroup.com/images/200x200/std.lang.all/38/72/asset-3213872.jpg",
    "fullImage": "https://static.colruytgroup.com/images/500x500/std.lang.all/38/72/asset-3213872.jpg",
    "squareImage": "https://static.colruytgroup.com/images/500x500sq/std.lang.all/38/72/asset-3213872.jpg",
    "content": "330g",
    "walkRouteSequenceNumber": 17196,
    "price": {
      "basicPrice": 3.99,
      "recommendedQuantity": "1.0",
      "measurementUnitPrice": 12.1,
      "measurementUnit": "K",
      "isRedPrice": false,
      "pricePerUOM": 12.1,
      "activationDate": "19-03-2024",
      "recordSource": "Offline",
      "isPromoActive": "N",
      "priceChangeCode": "L"
    },
    "isAvailable": true,
    "isPriceAvailable": true,
    "inPromo": false,
    "gtin": [
      "08445290728791",
      "08445290729224"
    ],
    "topCategoryName": "Brood/Ontbijt",
    "topCategoryId": "124",
    "businessDomain": "RETAIL_BE",
    "IsPrivateLabel": false,
    "IsBiffe": false,
    "WeightconversionFactor": "0",
    "IsWeightArticle": false,
    "nutriscoreLabel": "C",
    "IsBio": false,
    "CountryOfOrigin": "FRANKRIJK",
    "IsExclusivelySoldInLuxembourg": false,
    "OrderUnit": "P",
    "ShortName": "NEST KITKAT ONTB.330G",
    "IsNew": false,
    "RecentQuanityOfStockUnits": "1,7",
    "LongName": "NESTLÉ Kit Kat 330g",
    "FicCode": "E"
  },
  {
    "productId": "710197",
    "technicalArticleNumber": "4450803",
    "commercialArticleNumber": "26458",
    "name": "intense rode vruchten",
    "brand": "BONNE MAMAN",
    "seoBrand": "Bonne Maman",
    "thumbNail": "https://static.colruytgroup.com/images/200x200/std.lang.all/90/87/asset-2429087.jpg",
    "fullImage": "https://static.colruytgroup.com/images/500x500/std.lang.all/90/87/asset-2429087.jpg",
    "squareImage": "https://static.colruytgroup.com/images/500x500sq/std.lang.all/90/87/asset-2429087.jpg",
    "content": "335g",
    "walkRouteSequenceNumber": 17948,
    "price": {
      "basicPrice": 3.99,
      "recommendedQuantity": "1.0",
      "measurementUnitPrice": 11.92,
      "measurementUnit": "K",
      "isRedPrice": false,
      "pricePerUOM": 11.92,
      "activationDate": "17-02-2024",
      "recordSource": "Offline",
      "isPromoActive": "N",
      "priceChangeCode": "E"
    },
    "isAvailable": true,
    "isPriceAvailable": true,
    "inPromo": false,
    "gtin": [
      "03608580047773",
      "03608580047766"
    ],
    "topCategoryName": "Brood/Ontbijt",
    "topCategoryId": "124",
    "businessDomain": "RETAIL_BE",
    "IsPrivateLabel": false,
    "IsBiffe": false,
    "WeightconversionFactor": "0",
    "IsWeightArticle": false,
    "nutriscoreLabel": "D",
    "IsBio": false,
    "CountryOfOrigin": "FRANKRIJK",
    "IsExclusivelySoldInLuxembourg": false,
    "OrderUnit": "P",
    "ShortName": "BONN CONF.INT.RO.VRU335",
    "IsNew": false,
    "RecentQuanityOfStockUnits": "1",
    "LongName": "BONNE MAMAN intense rode vruchten 335g",
    "FicCode": "E"
  },
  {
    "productId": "55912",
    "technicalArticleNumber": "2267645",
    "commercialArticleNumber": "8954",
    "name": "ontbijtgranen",
    "description": "*Granen met\nkoekjessmaak en\nchocoladestukjes",
    "brand": "NESTLÉ COOKIE CRISP",
    "seoBrand": "Nestlé Cookie Crisp",
    "thumbNail": "https://ecgproductmw.colruytgroup.com/ecgproductmw/noPicForArticle_2.jpg",
    "fullImage": "https://ecgproductmw.colruytgroup.com/ecgproductmw/noPicForArticle_5.jpg",
    "squareImage": "https://ecgproductmw.colruytgroup.com/ecgproductmw/noPicForArticle_5.jpg",
    "content": "375g",
    "walkRouteSequenceNumber": 17195,
    "price": {
      "basicPrice": 4.7,
      "recommendedQuantity": "1.0",
      "measurementUnitPrice": 12.54,
      "measurementUnit": "K",
      "isRedPrice": false,
      "pricePerUOM": 12.54,
      "activationDate": "06-03-2024",
      "recordSource": "Offline",
      "isPromoActive": "N",
      "priceChangeCode": "H"
    },
    "isAvailable": true,
    "isPriceAvailable": true,
    "inPromo": false,
    "gtin": [
      "07613033472893",
      "03387390326574"
    ],
    "topCategoryName": "Brood/Ontbijt",
    "topCategoryId": "124",
    "businessDomain": "RETAIL_BE",
    "IsPrivateLabel": false,
    "IsBiffe": false,
    "WeightconversionFactor": "0",
    "IsWeightArticle": false,
    "nutriscoreLabel": "C",
    "IsBio": false,
    "CountryOfOrigin": "BELGIË",
    "IsExclusivelySoldInLuxembourg": false,
    "OrderUnit": "P",
    "ShortName": "NESTL COOKIE CRISP375GR",
    "IsNew": false,
    "RecentQuanityOfStockUnits": "1",
    "LongName": "NESTLÉ COOKIE CRISP ontbijtgranen 375g",
    "AlcoholVolume": "0",
    "FicCode": "E"
  },
  {
    "productId": "866660",
    "technicalArticleNumber": "4719045",
    "commercialArticleNumber": "8489",
    "name": "Granenb.ch.en cranb.",
    "description": "*Met chocolade en\n*Cranberries",
    "brand": "NATURE VALLEY",
    "seoBrand": "Nature Valley",
    "thumbNail": "https://static.colruytgroup.com/images/200x200/std.lang.all/04/60/asset-3260460.jpg",
    "fullImage": "https://static.colruytgroup.com/images/500x500/std.lang.all/04/60/asset-3260460.jpg",
    "squareImage": "https://static.colruytgroup.com/images/500x500sq/std.lang.all/04/60/asset-3260460.jpg",
    "content": "4x40g",
    "walkRouteSequenceNumber": 2200,
    "price": {
      "basicPrice": 3.89,
      "recommendedQuantity": "1.0",
      "measurementUnitPrice": 24.32,
      "measurementUnit": "K",
      "isRedPrice": false,
      "pricePerUOM": 24.32,
      "activationDate": "20-03-2024",
      "recordSource": "Offline",
      "isPromoActive": "N",
      "priceChangeCode": "L"
    },
    "isAvailable": true,
    "isPriceAvailable": true,
    "inPromo": false,
    "gtin": [
      "08410076611277"
    ],
    "topCategoryName": "Brood/Ontbijt",
    "topCategoryId": "124",
    "businessDomain": "RETAIL_BE",
    "IsPrivateLabel": false,
    "IsBiffe": false,
    "WeightconversionFactor": "0",
    "IsWeightArticle": false,
    "IsBio": false,
    "CountryOfOrigin": "SPANJE",
    "IsExclusivelySoldInLuxembourg": false,
    "OrderUnit": "P",
    "ShortName": "NAVA PRO.CH.CRANB.4X40G",
    "IsNew": false,
    "RecentQuanityOfStockUnits": "1",
    "LongName": "NATURE VALLEY Granenb.ch.en cranb. 4x40g",
    "FicCode": "E"
  },
  {
    "productId": "14536",
    "technicalArticleNumber": "1610649",
    "commercialArticleNumber": "15463",
    "name": "graanreep chocolade",
    "description": "*Graanreep met volle\ntarwe en chocolade\n*Rijk aan vezels\n*Volkoren",
    "brand": "NESTLÉ FITNESS",
    "seoBrand": "Nestlé Fitness",
    "thumbNail": "https://static.colruytgroup.com/images/200x200/std.lang.all/88/24/asset-2458824.jpg",
    "fullImage": "https://static.colruytgroup.com/images/500x500/std.lang.all/88/24/asset-2458824.jpg",
    "squareImage": "https://static.colruytgroup.com/images/500x500sq/std.lang.all/88/24/asset-2458824.jpg",
    "content": "6st",
    "walkRouteSequenceNumber": 2163,
    "price": {
      "basicPrice": 3.89,
      "recommendedQuantity": "1.0",
      "measurementUnitPrice": 27.59,
      "measurementUnit": "K",
      "isRedPrice": false,
      "pricePerUOM": 27.59,
      "activationDate": "20-03-2024",
      "recordSource": "Folder",
      "isPromoActive": "N",
      "priceChangeCode": "L"
    },
    "isAvailable": true,
    "isPriceAvailable": true,
    "inPromo": true,
    "promotion": [
      {
        "techPromoId": "100915COLR",
        "promotionId": "100915",
        "promotionType": "3",
        "isPersonalized": "N",
        "publicationStartDate": "13-03-2024",
        "publicationEndDate": "26-03-2024"
      }
    ],
    "gtin": [
      "03387390414660",
      "03387390320008",
      "03387390413106",
      "65400141540972"
    ],
    "topCategoryName": "Brood/Ontbijt",
    "topCategoryId": "124",
    "businessDomain": "RETAIL_BE",
    "IsPrivateLabel": false,
    "IsBiffe": false,
    "WeightconversionFactor": "0",
    "IsWeightArticle": false,
    "nutriscoreLabel": "B",
    "IsBio": false,
    "CountryOfOrigin": "BELGIË",
    "IsExclusivelySoldInLuxembourg": false,
    "OrderUnit": "P",
    "ShortName": "NEST.FITN.REEP CHOC.141",
    "IsNew": false,
    "RecentQuanityOfStockUnits": "2,1",
    "LongName": "NESTLÉ FITNESS graanreep chocolade 6st",
    "AlcoholVolume": "0",
    "FicCode": "E"
  },
  {
    "productId": "240157",
    "technicalArticleNumber": "3530227",
    "commercialArticleNumber": "50668",
    "name": "confituur abrikozen Maltitol",
    "description": "*50 % fruit\n*Met zoetstoffen",
    "brand": "BONI",
    "seoBrand": "Boni Selection",
    "thumbNail": "https://static.colruytgroup.com/images/200x200/std.lang.all/35/92/asset-1123592.jpg",
    "fullImage": "https://static.colruytgroup.com/images/500x500/std.lang.all/35/92/asset-1123592.jpg",
    "squareImage": "https://static.colruytgroup.com/images/500x500sq/std.lang.all/35/92/asset-1123592.jpg",
    "content": "440g",
    "walkRouteSequenceNumber": 17965,
    "price": {
      "basicPrice": 2.43,
      "recommendedQuantity": "1.0",
      "measurementUnitPrice": 5.53,
      "measurementUnit": "K",
      "isRedPrice": false,
      "pricePerUOM": 5.53,
      "activationDate": "28-02-2024",
      "recordSource": "Offline",
      "isPromoActive": "N",
      "priceChangeCode": "H"
    },
    "isAvailable": true,
    "isPriceAvailable": true,
    "inPromo": false,
    "gtin": [
      "05400141331820",
      "15400141798088",
      "15400141331827",
      "05400141424607"
    ],
    "topCategoryName": "Brood/Ontbijt",
    "topCategoryId": "124",
    "businessDomain": "RETAIL_BE",
    "IsPrivateLabel": true,
    "IsBiffe": false,
    "WeightconversionFactor": "0",
    "IsWeightArticle": false,
    "nutriscoreLabel": "B",
    "IsBio": false,
    "CountryOfOrigin": "BELGIË",
    "IsExclusivelySoldInLuxembourg": false,
    "OrderUnit": "P",
    "ShortName": "BONI ABRIKOZENCONF.440G",
    "IsNew": false,
    "EcoscoreLabel": "B",
    "RecentQuanityOfStockUnits": "1,6",
    "LongName": "BONI confituur abrikozen Maltitol 440g",
    "AlcoholVolume": "0",
    "FicCode": "I",
    "EcoscoreValue": "76"
  },
  {
    "productId": "3712",
    "technicalArticleNumber": "1003556",
    "commercialArticleNumber": "16278",
    "name": "confituur pruimen",
    "description": "*50 % vruchten",
    "brand": "MATERNE",
    "seoBrand": "Materne",
    "thumbNail": "https://static.colruytgroup.com/images/200x200/nl_be/20/01/asset-702001.jpg",
    "fullImage": "https://static.colruytgroup.com/images/500x500/nl_be/20/01/asset-702001.jpg",
    "squareImage": "https://static.colruytgroup.com/images/500x500sq/nl_be/20/01/asset-702001.jpg",
    "content": "450g",
    "walkRouteSequenceNumber": 17936,
    "price": {
      "basicPrice": 4.49,
      "recommendedQuantity": "1.0",
      "measurementUnitPrice": 9.98,
      "measurementUnit": "K",
      "isRedPrice": false,
      "pricePerUOM": 9.98,
      "activationDate": "17-02-2024",
      "recordSource": "Offline",
      "isPromoActive": "N",
      "priceChangeCode": "E"
    },
    "isAvailable": true,
    "isPriceAvailable": true,
    "inPromo": false,
    "gtin": [
      "05410046000165",
      "05410046804275"
    ],
    "topCategoryName": "Brood/Ontbijt",
    "topCategoryId": "124",
    "businessDomain": "RETAIL_BE",
    "IsPrivateLabel": false,
    "IsBiffe": false,
    "WeightconversionFactor": "0",
    "IsWeightArticle": false,
    "nutriscoreLabel": "D",
    "IsBio": false,
    "CountryOfOrigin": "BELGIË",
    "IsExclusivelySoldInLuxembourg": false,
    "OrderUnit": "P",
    "ShortName": "MATERNE PRUIMEN 450G",
    "InSeason": true,
    "IsNew": false,
    "RecentQuanityOfStockUnits": "1",
    "LongName": "MATERNE confituur pruimen 450g",
    "AlcoholVolume": "0",
    "StartSeasonDate": "24/01/2003",
    "FicCode": "E"
  },
  {
    "productId": "578604",
    "technicalArticleNumber": "4229078",
    "commercialArticleNumber": "9437",
    "name": "Salt.caram.vitami&protein bar",
    "brand": "FULFIL",
    "seoBrand": "Fulfil",
    "thumbNail": "https://static.colruytgroup.com/images/200x200/std.lang.all/71/69/asset-2677169.jpg",
    "fullImage": "https://static.colruytgroup.com/images/500x500/std.lang.all/71/69/asset-2677169.jpg",
    "squareImage": "https://static.colruytgroup.com/images/500x500sq/std.lang.all/71/69/asset-2677169.jpg",
    "content": "55g",
    "walkRouteSequenceNumber": 2188,
    "price": {
      "basicPrice": 2.69,
      "recommendedQuantity": "1.0",
      "measurementUnitPrice": 48.91,
      "measurementUnit": "K",
      "isRedPrice": false,
      "pricePerUOM": 48.91,
      "activationDate": "20-03-2024",
      "recordSource": "Offline",
      "isPromoActive": "N",
      "priceChangeCode": "L"
    },
    "isAvailable": true,
    "isPriceAvailable": true,
    "inPromo": false,
    "gtin": [
      "05391532121710",
      "05391532121727",
      "05391532122335"
    ],
    "topCategoryName": "Brood/Ontbijt",
    "topCategoryId": "124",
    "businessDomain": "RETAIL_BE",
    "IsPrivateLabel": false,
    "IsBiffe": false,
    "WeightconversionFactor": "0",
    "IsWeightArticle": false,
    "nutriscoreLabel": "D",
    "IsBio": false,
    "CountryOfOrigin": "NEDERLAND",
    "IsExclusivelySoldInLuxembourg": false,
    "OrderUnit": "P",
    "ShortName": "FULF SAL.CARAM.BAR55",
    "IsNew": false,
    "EcoscoreLabel": "D",
    "RecentQuanityOfStockUnits": "1,15",
    "LongName": "FULFIL Salt.caram.vitami&protein bar 55g",
    "FicCode": "E",
    "EcoscoreValue": "33"
  },
  {
    "productId": "1088",
    "technicalArticleNumber": "16276",
    "commercialArticleNumber": "16276",
    "name": "gelei aalbessen",
    "description": "*50 % vruchten",
    "brand": "MATERNE",
    "seoBrand": "Materne",
    "thumbNail": "https://static.colruytgroup.com/images/200x200/nl_be/24/42/asset-2732442.jpg",
    "fullImage": "https://static.colruytgroup.com/images/500x500/nl_be/24/42/asset-2732442.jpg",
    "squareImage": "https://static.colruytgroup.com/images/500x500sq/nl_be/24/42/asset-2732442.jpg",
    "content": "450g",
    "walkRouteSequenceNumber": 17933,
    "price": {
      "basicPrice": 3.89,
      "recommendedQuantity": "1.0",
      "measurementUnitPrice": 8.65,
      "measurementUnit": "K",
      "isRedPrice": false,
      "pricePerUOM": 8.65,
      "activationDate": "15-02-2024",
      "recordSource": "Offline",
      "isPromoActive": "N",
      "priceChangeCode": "E"
    },
    "isAvailable": true,
    "isPriceAvailable": true,
    "inPromo": false,
    "gtin": [
      "05410046000059",
      "05410046804190"
    ],
    "topCategoryName": "Brood/Ontbijt",
    "topCategoryId": "124",
    "businessDomain": "RETAIL_BE",
    "IsPrivateLabel": false,
    "IsBiffe": false,
    "WeightconversionFactor": "0",
    "IsWeightArticle": false,
    "nutriscoreLabel": "D",
    "IsBio": false,
    "CountryOfOrigin": "BELGIË",
    "IsExclusivelySoldInLuxembourg": false,
    "OrderUnit": "P",
    "ShortName": "MATERNE AALBESSEN 450 G",
    "InSeason": true,
    "IsNew": false,
    "RecentQuanityOfStockUnits": "1",
    "LongName": "MATERNE gelei aalbessen 450g",
    "AlcoholVolume": "0",
    "StartSeasonDate": "24/01/2003",
    "FicCode": "E"
  },
  {
    "productId": "878593",
    "technicalArticleNumber": "4734838",
    "commercialArticleNumber": "18480",
    "name": "Rice Krispies",
    "brand": "KELLOGG'S",
    "seoBrand": "Kellogg's Rice Krispies",
    "thumbNail": "https://ecgproductmw.colruytgroup.com/ecgproductmw/noPicForArticle_2.jpg",
    "fullImage": "https://ecgproductmw.colruytgroup.com/ecgproductmw/noPicForArticle_5.jpg",
    "squareImage": "https://ecgproductmw.colruytgroup.com/ecgproductmw/noPicForArticle_5.jpg",
    "content": "660g",
    "walkRouteSequenceNumber": 17227,
    "price": {
      "basicPrice": 6.39,
      "recommendedQuantity": "1.0",
      "measurementUnitPrice": 9.69,
      "measurementUnit": "K",
      "isRedPrice": false,
      "pricePerUOM": 9.69,
      "activationDate": "29-02-2024",
      "recordSource": "Offline",
      "isPromoActive": "N",
      "priceChangeCode": "H"
    },
    "isAvailable": true,
    "isPriceAvailable": true,
    "inPromo": false,
    "gtin": [
      "05059319027210",
      "05059319027203"
    ],
    "topCategoryName": "Brood/Ontbijt",
    "topCategoryId": "124",
    "businessDomain": "RETAIL_BE",
    "IsPrivateLabel": false,
    "IsBiffe": false,
    "WeightconversionFactor": "0",
    "IsWeightArticle": false,
    "nutriscoreLabel": "B",
    "IsBio": false,
    "CountryOfOrigin": "VERENIGD KONINKRIJK",
    "IsExclusivelySoldInLuxembourg": false,
    "OrderUnit": "P",
    "ShortName": "KELL RICE KRISPIES 660G",
    "IsNew": false,
    "RecentQuanityOfStockUnits": "1,12",
    "LongName": "KELLOGG'S Rice Krispies 660g",
    "FicCode": "E"
  },
  {
    "productId": "13605",
    "technicalArticleNumber": "1336877",
    "commercialArticleNumber": "16283",
    "name": "confituur abrikozen",
    "description": "*50 % vruchten",
    "brand": "MATERNE",
    "seoBrand": "Materne",
    "thumbNail": "https://static.colruytgroup.com/images/200x200/nl_be/20/04/asset-702004.jpg",
    "fullImage": "https://static.colruytgroup.com/images/500x500/nl_be/20/04/asset-702004.jpg",
    "squareImage": "https://static.colruytgroup.com/images/500x500sq/nl_be/20/04/asset-702004.jpg",
    "content": "720g",
    "walkRouteSequenceNumber": 17917,
    "price": {
      "basicPrice": 5.55,
      "recommendedQuantity": "1.0",
      "measurementUnitPrice": 7.71,
      "measurementUnit": "K",
      "isRedPrice": false,
      "pricePerUOM": 7.71,
      "activationDate": "15-03-2024",
      "recordSource": "Offline",
      "isPromoActive": "N",
      "priceChangeCode": "H"
    },
    "isAvailable": true,
    "isPriceAvailable": true,
    "inPromo": false,
    "gtin": [
      "05410046805104",
      "05410046001254"
    ],
    "topCategoryName": "Brood/Ontbijt",
    "topCategoryId": "124",
    "businessDomain": "RETAIL_BE",
    "IsPrivateLabel": false,
    "IsBiffe": false,
    "WeightconversionFactor": "0",
    "IsWeightArticle": false,
    "nutriscoreLabel": "D",
    "IsBio": false,
    "CountryOfOrigin": "BELGIË",
    "IsExclusivelySoldInLuxembourg": false,
    "OrderUnit": "P",
    "ShortName": "MATERNE ABRIKOZEN 720G",
    "IsNew": false,
    "RecentQuanityOfStockUnits": "1",
    "LongName": "MATERNE confituur abrikozen 720g",
    "AlcoholVolume": "0",
    "FicCode": "E"
  },
  {
    "productId": "12385",
    "technicalArticleNumber": "1329016",
    "commercialArticleNumber": "15428",
    "name": "graanreep",
    "description": "*Graanreep met\nchocoladepoeder en\nmelk",
    "brand": "NESTLÉ NESQUIK",
    "seoBrand": "Nestlé Nesquik",
    "thumbNail": "https://static.colruytgroup.com/images/200x200/std.lang.all/09/54/asset-3270954.jpg",
    "fullImage": "https://static.colruytgroup.com/images/500x500/std.lang.all/09/54/asset-3270954.jpg",
    "squareImage": "https://static.colruytgroup.com/images/500x500sq/std.lang.all/09/54/asset-3270954.jpg",
    "content": "6x25g",
    "walkRouteSequenceNumber": 17257,
    "price": {
      "basicPrice": 3,
      "recommendedQuantity": "1.0",
      "measurementUnitPrice": 20,
      "measurementUnit": "K",
      "isRedPrice": false,
      "pricePerUOM": 20,
      "activationDate": "19-03-2024",
      "recordSource": "Folder",
      "isPromoActive": "Y",
      "priceChangeCode": "L"
    },
    "isAvailable": true,
    "isPriceAvailable": true,
    "inPromo": true,
    "promotion": [
      {
        "techPromoId": "100915COLR",
        "promotionId": "100915",
        "promotionType": "3",
        "isPersonalized": "N",
        "publicationStartDate": "13-03-2024",
        "publicationEndDate": "26-03-2024"
      }
    ],
    "gtin": [
      "03387390406719",
      "03387390406962",
      "05400141154283",
      "03387390409390"
    ],
    "topCategoryName": "Brood/Ontbijt",
    "topCategoryId": "124",
    "businessDomain": "RETAIL_BE",
    "IsPrivateLabel": false,
    "IsBiffe": false,
    "WeightconversionFactor": "0",
    "IsWeightArticle": false,
    "nutriscoreLabel": "C",
    "IsBio": false,
    "CountryOfOrigin": "BELGIË",
    "IsExclusivelySoldInLuxembourg": false,
    "OrderUnit": "P",
    "ShortName": "NEST NESQUIK 6X25GR",
    "InSeason": true,
    "IsNew": false,
    "RecentQuanityOfStockUnits": "2,1,16",
    "LongName": "NESTLÉ NESQUIK graanreep 6x25g",
    "AlcoholVolume": "0",
    "StartSeasonDate": "18/07/2008",
    "FicCode": "E"
  },
  {
    "productId": "586269",
    "technicalArticleNumber": "4242367",
    "commercialArticleNumber": "19684",
    "name": "hazelnootpasta zonder suiker",
    "description": "*8.5%mag.cacaopoeder\n*minimaal 7%\ncacaobestanddelen\n*12.5% hazelnoten\n*bevat palmolie",
    "brand": "BONI",
    "seoBrand": "Boni Selection",
    "thumbNail": "https://static.colruytgroup.com/images/200x200/std.lang.all/62/62/asset-3346262.jpg",
    "fullImage": "https://static.colruytgroup.com/images/500x500/std.lang.all/62/62/asset-3346262.jpg",
    "squareImage": "https://static.colruytgroup.com/images/500x500sq/std.lang.all/62/62/asset-3346262.jpg",
    "content": "300g",
    "walkRouteSequenceNumber": 17626,
    "price": {
      "basicPrice": 3.58,
      "recommendedQuantity": "1.0",
      "measurementUnitPrice": 11.94,
      "measurementUnit": "K",
      "isRedPrice": false,
      "pricePerUOM": 11.94,
      "activationDate": "13-02-2024",
      "recordSource": "Offline",
      "isPromoActive": "N",
      "priceChangeCode": "H"
    },
    "isAvailable": true,
    "isPriceAvailable": true,
    "inPromo": false,
    "gtin": [
      "15400141366652",
      "05400141366655"
    ],
    "topCategoryName": "Brood/Ontbijt",
    "topCategoryId": "124",
    "businessDomain": "RETAIL_BE",
    "IsPrivateLabel": true,
    "IsBiffe": false,
    "WeightconversionFactor": "0",
    "IsWeightArticle": false,
    "nutriscoreLabel": "D",
    "IsBio": false,
    "CountryOfOrigin": "BELGIË",
    "IsExclusivelySoldInLuxembourg": false,
    "OrderUnit": "P",
    "ShortName": "BONI HAZELN.PAST.ZS300G",
    "IsNew": false,
    "EcoscoreLabel": "C",
    "RecentQuanityOfStockUnits": "1",
    "LongName": "BONI hazelnootpasta zonder suiker 300g",
    "FicCode": "I",
    "EcoscoreValue": "54"
  },
  {
    "productId": "14600",
    "technicalArticleNumber": "1576595",
    "commercialArticleNumber": "21196",
    "name": "koeken appel en granen",
    "description": "*Individueel verpakt",
    "brand": "LU GRANY",
    "seoBrand": "LU Grany",
    "thumbNail": "https://static.colruytgroup.com/images/200x200/std.lang.all/45/67/asset-2024567.jpg",
    "fullImage": "https://static.colruytgroup.com/images/500x500/std.lang.all/45/67/asset-2024567.jpg",
    "squareImage": "https://static.colruytgroup.com/images/500x500sq/std.lang.all/45/67/asset-2024567.jpg",
    "content": "6x28,5g",
    "walkRouteSequenceNumber": 2312,
    "price": {
      "basicPrice": 3.19,
      "recommendedQuantity": "2.0",
      "measurementUnitPrice": 18.66,
      "measurementUnit": "K",
      "isRedPrice": false,
      "pricePerUOM": 18.66,
      "activationDate": "14-03-2024",
      "recordSource": "Offline",
      "isPromoActive": "N",
      "priceChangeCode": "E"
    },
    "isAvailable": true,
    "isPriceAvailable": true,
    "inPromo": false,
    "gtin": [
      "05400141211962",
      "05410041337204",
      "15410041337201"
    ],
    "topCategoryName": "Brood/Ontbijt",
    "topCategoryId": "124",
    "businessDomain": "RETAIL_BE",
    "IsPrivateLabel": false,
    "IsBiffe": false,
    "WeightconversionFactor": "0",
    "IsWeightArticle": false,
    "nutriscoreLabel": "D",
    "IsBio": false,
    "CountryOfOrigin": "BELGIË",
    "IsExclusivelySoldInLuxembourg": false,
    "OrderUnit": "P",
    "ShortName": "LU GRANY KOEK APPEL 171",
    "IsNew": false,
    "RecentQuanityOfStockUnits": "2,1",
    "LongName": "LU GRANY koeken appel en granen 6x28,5g",
    "AlcoholVolume": "0",
    "FicCode": "E"
  },
  {
    "productId": "861128",
    "technicalArticleNumber": "4712143",
    "commercialArticleNumber": "19586",
    "name": "notenreep deluxe Bio",
    "brand": "NUTS&BERRIES",
    "seoBrand": "Nuts&Berries",
    "thumbNail": "https://static.colruytgroup.com/images/200x200/std.lang.all/36/04/asset-3363604.jpg",
    "fullImage": "https://static.colruytgroup.com/images/500x500/std.lang.all/36/04/asset-3363604.jpg",
    "squareImage": "https://static.colruytgroup.com/images/500x500sq/std.lang.all/36/04/asset-3363604.jpg",
    "content": "3x30g",
    "walkRouteSequenceNumber": 2193,
    "price": {
      "basicPrice": 3.49,
      "recommendedQuantity": "1.0",
      "measurementUnitPrice": 38.78,
      "measurementUnit": "K",
      "isRedPrice": false,
      "pricePerUOM": 38.78,
      "activationDate": "07-03-2023",
      "isPromoActive": "N",
      "priceChangeCode": "E"
    },
    "isAvailable": true,
    "isPriceAvailable": true,
    "inPromo": false,
    "gtin": [
      "05425036871151",
      "05425036871168"
    ],
    "topCategoryName": "Brood/Ontbijt",
    "topCategoryId": "124",
    "businessDomain": "RETAIL_BE",
    "IsPrivateLabel": false,
    "IsBiffe": false,
    "WeightconversionFactor": "0",
    "IsWeightArticle": false,
    "nutriscoreLabel": "C",
    "IsBio": true,
    "CountryOfOrigin": "BELGIË",
    "IsExclusivelySoldInLuxembourg": false,
    "OrderUnit": "P",
    "ShortName": "NUTS N.REEP DEL.BIO3X30",
    "IsNew": false,
    "EcoscoreLabel": "D",
    "RecentQuanityOfStockUnits": "1",
    "LongName": "NUTS&BERRIES notenreep deluxe Bio 3x30g",
    "AlcoholVolume": "0",
    "FicCode": "E",
    "EcoscoreValue": "33"
  },
  {
    "productId": "53247",
    "technicalArticleNumber": "2254114",
    "commercialArticleNumber": "4709",
    "name": "chocopasta hazelnoot",
    "description": "*13 % hazelnoten",
    "brand": "BOERINNEKE",
    "seoBrand": "Boerinneke",
    "thumbNail": "https://static.colruytgroup.com/images/200x200/std.lang.all/20/80/asset-2052080.jpg",
    "fullImage": "https://static.colruytgroup.com/images/500x500/std.lang.all/20/80/asset-2052080.jpg",
    "squareImage": "https://static.colruytgroup.com/images/500x500sq/std.lang.all/20/80/asset-2052080.jpg",
    "content": "400g",
    "walkRouteSequenceNumber": 17633,
    "price": {
      "basicPrice": 3.69,
      "recommendedQuantity": "1.0",
      "measurementUnitPrice": 9.23,
      "measurementUnit": "K",
      "isRedPrice": false,
      "pricePerUOM": 9.23,
      "activationDate": "02-02-2024",
      "recordSource": "Offline",
      "isPromoActive": "N",
      "priceChangeCode": "E"
    },
    "isAvailable": true,
    "isPriceAvailable": true,
    "inPromo": false,
    "gtin": [
      "05411146260398",
      "05411146789370"
    ],
    "topCategoryName": "Brood/Ontbijt",
    "topCategoryId": "124",
    "businessDomain": "RETAIL_BE",
    "IsPrivateLabel": false,
    "IsBiffe": false,
    "WeightconversionFactor": "0",
    "IsWeightArticle": false,
    "nutriscoreLabel": "E",
    "IsBio": false,
    "CountryOfOrigin": "BELGIË",
    "IsExclusivelySoldInLuxembourg": false,
    "OrderUnit": "P",
    "ShortName": "BOERINNEKE CHOCONUT400G",
    "IsNew": false,
    "EcoscoreLabel": "C",
    "RecentQuanityOfStockUnits": "1",
    "LongName": "BOERINNEKE chocopasta hazelnoot 400g",
    "AlcoholVolume": "0",
    "FicCode": "E",
    "EcoscoreValue": "40"
  },
  {
    "productId": "16286",
    "technicalArticleNumber": "1449343",
    "commercialArticleNumber": "16062",
    "name": "siroop peer-appel-dadel",
    "description": "*Bereid met 400g\nvruchten per 100g\nstroop",
    "brand": "LAMBERT",
    "seoBrand": "Lambert",
    "thumbNail": "https://static.colruytgroup.com/images/200x200/nl_be/72/22/asset-1587222.jpg",
    "fullImage": "https://static.colruytgroup.com/images/500x500/nl_be/72/22/asset-1587222.jpg",
    "squareImage": "https://static.colruytgroup.com/images/500x500sq/nl_be/72/22/asset-1587222.jpg",
    "content": "450g",
    "walkRouteSequenceNumber": 17978,
    "price": {
      "basicPrice": 3.99,
      "recommendedQuantity": "1.0",
      "measurementUnitPrice": 8.87,
      "measurementUnit": "K",
      "isRedPrice": false,
      "pricePerUOM": 8.87,
      "activationDate": "14-11-2023",
      "isPromoActive": "N",
      "priceChangeCode": "E"
    },
    "isAvailable": true,
    "isPriceAvailable": true,
    "inPromo": false,
    "gtin": [
      "08710742112009",
      "05410461450613",
      "08710742212006"
    ],
    "topCategoryName": "Brood/Ontbijt",
    "topCategoryId": "124",
    "businessDomain": "RETAIL_BE",
    "IsPrivateLabel": false,
    "IsBiffe": false,
    "WeightconversionFactor": "0",
    "IsWeightArticle": false,
    "IsBio": false,
    "CountryOfOrigin": "NEDERLAND",
    "IsExclusivelySoldInLuxembourg": false,
    "OrderUnit": "P",
    "ShortName": "LAMB LUIKSE SIROOP 450G",
    "IsNew": false,
    "RecentQuanityOfStockUnits": "1,12",
    "LongName": "LAMBERT siroop peer-appel-dadel 450g",
    "AlcoholVolume": "0",
    "FicCode": "E"
  },
  {
    "productId": "869924",
    "technicalArticleNumber": "4723371",
    "commercialArticleNumber": "20230",
    "name": "Original",
    "description": "*Volle tarwevlokken",
    "brand": "NESTLÉ FITNESS",
    "seoBrand": "Nestlé Fitness",
    "thumbNail": "https://static.colruytgroup.com/images/200x200/std.lang.all/92/93/asset-3209293.jpg",
    "fullImage": "https://static.colruytgroup.com/images/500x500/std.lang.all/92/93/asset-3209293.jpg",
    "squareImage": "https://static.colruytgroup.com/images/500x500sq/std.lang.all/92/93/asset-3209293.jpg",
    "content": "475g",
    "walkRouteSequenceNumber": 17543,
    "price": {
      "basicPrice": 4.55,
      "recommendedQuantity": "1.0",
      "measurementUnitPrice": 9.58,
      "measurementUnit": "K",
      "isRedPrice": false,
      "pricePerUOM": 9.58,
      "activationDate": "15-02-2024",
      "recordSource": "Offline",
      "isPromoActive": "N",
      "priceChangeCode": "E"
    },
    "isAvailable": true,
    "isPriceAvailable": true,
    "inPromo": false,
    "gtin": [
      "07613287514325"
    ],
    "topCategoryName": "Brood/Ontbijt",
    "topCategoryId": "124",
    "businessDomain": "RETAIL_BE",
    "IsPrivateLabel": false,
    "IsBiffe": false,
    "WeightconversionFactor": "0",
    "IsWeightArticle": false,
    "nutriscoreLabel": "A",
    "IsBio": false,
    "CountryOfOrigin": "FRANKRIJK",
    "IsExclusivelySoldInLuxembourg": false,
    "OrderUnit": "P",
    "ShortName": "NEST FITNESS ORIGINA475",
    "IsNew": false,
    "RecentQuanityOfStockUnits": "1",
    "LongName": "NESTLÉ FITNESS Original 475g",
    "AlcoholVolume": "0",
    "FicCode": "E"
  },
  {
    "productId": "665650",
    "technicalArticleNumber": "4374299",
    "commercialArticleNumber": "24198",
    "name": "chocolade reep hazelnoot",
    "brand": "BELVITA",
    "seoBrand": "belVita",
    "thumbNail": "https://static.colruytgroup.com/images/200x200/std.lang.all/48/86/asset-2404886.jpg",
    "fullImage": "https://static.colruytgroup.com/images/500x500/std.lang.all/48/86/asset-2404886.jpg",
    "squareImage": "https://static.colruytgroup.com/images/500x500sq/std.lang.all/48/86/asset-2404886.jpg",
    "content": "160g",
    "walkRouteSequenceNumber": 2173,
    "price": {
      "basicPrice": 3.69,
      "recommendedQuantity": "1.0",
      "measurementUnitPrice": 23.07,
      "measurementUnit": "K",
      "isRedPrice": false,
      "pricePerUOM": 23.07,
      "activationDate": "14-03-2024",
      "recordSource": "Offline",
      "isPromoActive": "N",
      "priceChangeCode": "E"
    },
    "isAvailable": true,
    "isPriceAvailable": true,
    "inPromo": false,
    "gtin": [
      "07622210547170",
      "07622210547194"
    ],
    "topCategoryName": "Brood/Ontbijt",
    "topCategoryId": "124",
    "businessDomain": "RETAIL_BE",
    "IsPrivateLabel": false,
    "IsBiffe": false,
    "WeightconversionFactor": "0",
    "IsWeightArticle": false,
    "nutriscoreLabel": "D",
    "IsBio": false,
    "CountryOfOrigin": "POLEN",
    "IsExclusivelySoldInLuxembourg": false,
    "OrderUnit": "P",
    "ShortName": "BELV CHOC.REEP HAZEL160",
    "IsNew": false,
    "RecentQuanityOfStockUnits": "1",
    "LongName": "BELVITA chocolade reep hazelnoot 160g",
    "FicCode": "E"
  },
  {
    "productId": "347993",
    "technicalArticleNumber": "3868173",
    "commercialArticleNumber": "14117",
    "name": "rice&corn paprika chips",
    "description": "Lekker en knapperig. 70% minder vet da\naardappelchips, gepoft ipv gebakken of\ngefrituurd. Ideaal voor de bewuste le\nvensgenieter.\n*Arm aan verzadigde vetten",
    "brand": "BOSTO",
    "seoBrand": "Bosto",
    "thumbNail": "https://static.colruytgroup.com/images/200x200/std.lang.all/05/13/asset-1490513.jpg",
    "fullImage": "https://static.colruytgroup.com/images/500x500/std.lang.all/05/13/asset-1490513.jpg",
    "squareImage": "https://static.colruytgroup.com/images/500x500sq/std.lang.all/05/13/asset-1490513.jpg",
    "content": "50g",
    "walkRouteSequenceNumber": 2262,
    "price": {
      "basicPrice": 1.99,
      "recommendedQuantity": "1.0",
      "measurementUnitPrice": 39.8,
      "measurementUnit": "K",
      "isRedPrice": false,
      "pricePerUOM": 39.8,
      "activationDate": "14-02-2024",
      "isPromoActive": "N",
      "priceChangeCode": "E"
    },
    "isAvailable": true,
    "isPriceAvailable": true,
    "inPromo": false,
    "gtin": [
      "05410106095766",
      "15410106095763"
    ],
    "topCategoryName": "Brood/Ontbijt",
    "topCategoryId": "124",
    "businessDomain": "RETAIL_BE",
    "IsPrivateLabel": false,
    "IsBiffe": false,
    "WeightconversionFactor": "0",
    "IsWeightArticle": false,
    "nutriscoreLabel": "B",
    "IsBio": false,
    "CountryOfOrigin": "BELGIË",
    "IsExclusivelySoldInLuxembourg": false,
    "OrderUnit": "P",
    "ShortName": "BOST R&C PAPR.CHIPS 50G",
    "IsNew": false,
    "EcoscoreLabel": "A",
    "RecentQuanityOfStockUnits": "7,1",
    "LongName": "BOSTO rice&corn paprika chips 50g",
    "AlcoholVolume": "0",
    "FicCode": "E",
    "EcoscoreValue": "100"
  },
  {
    "productId": "477139",
    "technicalArticleNumber": "4017895",
    "commercialArticleNumber": "5065",
    "name": "ontbijtgranen chocolade GV",
    "description": "*Glutenvrij",
    "brand": "BONI",
    "seoBrand": "Boni Selection",
    "thumbNail": "https://static.colruytgroup.com/images/200x200/std.lang.all/30/68/asset-1783068.jpg",
    "fullImage": "https://static.colruytgroup.com/images/500x500/std.lang.all/30/68/asset-1783068.jpg",
    "squareImage": "https://static.colruytgroup.com/images/500x500sq/std.lang.all/30/68/asset-1783068.jpg",
    "content": "450g",
    "walkRouteSequenceNumber": 17453,
    "price": {
      "basicPrice": 3.99,
      "recommendedQuantity": "1.0",
      "measurementUnitPrice": 8.87,
      "measurementUnit": "K",
      "isRedPrice": false,
      "pricePerUOM": 8.87,
      "activationDate": "18-03-2023",
      "isPromoActive": "N",
      "priceChangeCode": "H"
    },
    "isAvailable": true,
    "isPriceAvailable": true,
    "inPromo": false,
    "gtin": [
      "05400141237542",
      "15400141237549"
    ],
    "topCategoryName": "Brood/Ontbijt",
    "topCategoryId": "124",
    "businessDomain": "RETAIL_BE",
    "IsPrivateLabel": true,
    "IsBiffe": false,
    "WeightconversionFactor": "0",
    "IsWeightArticle": false,
    "nutriscoreLabel": "D",
    "IsBio": false,
    "CountryOfOrigin": "ZWITSERLAND",
    "IsExclusivelySoldInLuxembourg": false,
    "OrderUnit": "P",
    "ShortName": "BONI GV GRAN.MIX CHO450",
    "IsNew": false,
    "EcoscoreLabel": "C",
    "RecentQuanityOfStockUnits": "8,1",
    "LongName": "BONI ontbijtgranen chocolade GV 450g",
    "FicCode": "I",
    "EcoscoreValue": "53"
  },
  {
    "productId": "858203",
    "technicalArticleNumber": "4708561",
    "commercialArticleNumber": "31642",
    "name": "de Luxe",
    "description": "*Granenmengeling met\nfruit en noten",
    "brand": "JORDANS",
    "seoBrand": "Jordans",
    "thumbNail": "https://static.colruytgroup.com/images/200x200/std.lang.all/79/22/asset-3167922.jpg",
    "fullImage": "https://static.colruytgroup.com/images/500x500/std.lang.all/79/22/asset-3167922.jpg",
    "squareImage": "https://static.colruytgroup.com/images/500x500sq/std.lang.all/79/22/asset-3167922.jpg",
    "content": "800g",
    "walkRouteSequenceNumber": 17270,
    "price": {
      "basicPrice": 4.99,
      "recommendedQuantity": "1.0",
      "measurementUnitPrice": 6.24,
      "measurementUnit": "K",
      "isRedPrice": false,
      "pricePerUOM": 6.24,
      "activationDate": "22-03-2024",
      "recordSource": "Offline",
      "isPromoActive": "N",
      "priceChangeCode": "L"
    },
    "isAvailable": true,
    "isPriceAvailable": true,
    "inPromo": false,
    "gtin": [
      "05010477363633"
    ],
    "topCategoryName": "Brood/Ontbijt",
    "topCategoryId": "124",
    "businessDomain": "RETAIL_BE",
    "IsPrivateLabel": false,
    "IsBiffe": false,
    "WeightconversionFactor": "0",
    "IsWeightArticle": false,
    "nutriscoreLabel": "A",
    "IsBio": false,
    "CountryOfOrigin": "VERENIGD KONINKRIJK",
    "IsExclusivelySoldInLuxembourg": false,
    "OrderUnit": "P",
    "ShortName": "JORD MUESLI LUXE 800G",
    "IsNew": false,
    "EcoscoreLabel": "B",
    "RecentQuanityOfStockUnits": "4,1",
    "LongName": "JORDANS de Luxe 800g",
    "FicCode": "E",
    "EcoscoreValue": "61"
  },
  {
    "productId": "56953",
    "technicalArticleNumber": "2328981",
    "commercialArticleNumber": "18589",
    "name": "confituur rabarber",
    "description": "*50 % vruchten",
    "brand": "MATERNE",
    "seoBrand": "Materne",
    "thumbNail": "https://static.colruytgroup.com/images/200x200/nl_be/80/05/asset-1318005.jpg",
    "fullImage": "https://static.colruytgroup.com/images/500x500/nl_be/80/05/asset-1318005.jpg",
    "squareImage": "https://static.colruytgroup.com/images/500x500sq/nl_be/80/05/asset-1318005.jpg",
    "content": "450g",
    "walkRouteSequenceNumber": 17932,
    "price": {
      "basicPrice": 4.49,
      "recommendedQuantity": "1.0",
      "measurementUnitPrice": 9.98,
      "measurementUnit": "K",
      "isRedPrice": false,
      "pricePerUOM": 9.98,
      "activationDate": "17-02-2024",
      "recordSource": "Offline",
      "isPromoActive": "N",
      "priceChangeCode": "E"
    },
    "isAvailable": true,
    "isPriceAvailable": true,
    "inPromo": false,
    "gtin": [
      "05410046000141",
      "05410046804152"
    ],
    "topCategoryName": "Brood/Ontbijt",
    "topCategoryId": "124",
    "businessDomain": "RETAIL_BE",
    "IsPrivateLabel": false,
    "IsBiffe": false,
    "WeightconversionFactor": "0",
    "IsWeightArticle": false,
    "nutriscoreLabel": "D",
    "IsBio": false,
    "CountryOfOrigin": "BELGIË",
    "IsExclusivelySoldInLuxembourg": false,
    "OrderUnit": "P",
    "ShortName": "MATERNE RABARBER 450GR",
    "IsNew": false,
    "RecentQuanityOfStockUnits": "1",
    "LongName": "MATERNE confituur rabarber 450g",
    "AlcoholVolume": "0",
    "FicCode": "E"
  },
  {
    "productId": "1020479",
    "technicalArticleNumber": "4789344",
    "commercialArticleNumber": "13065",
    "name": "Tresor Roulette",
    "brand": "KELLOGG'S TRÉSOR",
    "seoBrand": "Kellogg's",
    "thumbNail": "https://ecgproductmw.colruytgroup.com/ecgproductmw/noPicForArticle_2.jpg",
    "fullImage": "https://ecgproductmw.colruytgroup.com/ecgproductmw/noPicForArticle_5.jpg",
    "squareImage": "https://ecgproductmw.colruytgroup.com/ecgproductmw/noPicForArticle_5.jpg",
    "content": "375g",
    "walkRouteSequenceNumber": 8879,
    "price": {
      "basicPrice": 3.12,
      "recommendedQuantity": "1.0",
      "measurementUnitPrice": 8.32,
      "measurementUnit": "K",
      "isRedPrice": false,
      "pricePerUOM": 8.32,
      "activationDate": "18-03-2024",
      "recordSource": "Folder",
      "isPromoActive": "N",
      "priceChangeCode": "L"
    },
    "isAvailable": true,
    "isPriceAvailable": true,
    "inPromo": true,
    "promotion": [
      {
        "techPromoId": "100902COLR",
        "promotionId": "100902",
        "promotionType": "3",
        "isPersonalized": "N",
        "publicationStartDate": "13-03-2024",
        "publicationEndDate": "26-03-2024"
      }
    ],
    "gtin": [
      "05059319031286",
      "05059319031293"
    ],
    "topCategoryName": "Brood/Ontbijt",
    "topCategoryId": "124",
    "businessDomain": "RETAIL_BE",
    "IsPrivateLabel": false,
    "IsBiffe": false,
    "WeightconversionFactor": "0",
    "IsWeightArticle": false,
    "nutriscoreLabel": "D",
    "IsBio": false,
    "CountryOfOrigin": "EUROPA",
    "IsExclusivelySoldInLuxembourg": false,
    "OrderUnit": "P",
    "ShortName": "KELL TRESOR ROULETTE375",
    "IsNew": true,
    "RecentQuanityOfStockUnits": "1,12",
    "LongName": "KELLOGG'S TRÉSOR Tresor Roulette 375g",
    "FicCode": "E"
  },
  {
    "productId": "1018045",
    "technicalArticleNumber": "4788856",
    "commercialArticleNumber": "9664",
    "name": "Coco Pops Loops",
    "description": "*Ontbijtgranen",
    "brand": "KELLOGG'S",
    "seoBrand": "Kellogg's",
    "thumbNail": "https://static.colruytgroup.com/images/200x200/std.lang.all/13/04/asset-3421304.jpg",
    "fullImage": "https://static.colruytgroup.com/images/500x500/std.lang.all/13/04/asset-3421304.jpg",
    "squareImage": "https://static.colruytgroup.com/images/500x500sq/std.lang.all/13/04/asset-3421304.jpg",
    "content": "285g",
    "walkRouteSequenceNumber": 17232,
    "price": {
      "basicPrice": 2.99,
      "recommendedQuantity": "1.0",
      "measurementUnitPrice": 10.5,
      "measurementUnit": "K",
      "isRedPrice": false,
      "pricePerUOM": 10.5,
      "activationDate": "20-01-2024",
      "isPromoActive": "N",
      "priceChangeCode": "E"
    },
    "isAvailable": true,
    "isPriceAvailable": true,
    "inPromo": false,
    "gtin": [
      "05059319030401",
      "05059319030395"
    ],
    "topCategoryName": "Brood/Ontbijt",
    "topCategoryId": "124",
    "businessDomain": "RETAIL_BE",
    "IsPrivateLabel": false,
    "IsBiffe": false,
    "WeightconversionFactor": "0",
    "IsWeightArticle": false,
    "nutriscoreLabel": "C",
    "IsBio": false,
    "CountryOfOrigin": "EUROPA",
    "IsExclusivelySoldInLuxembourg": false,
    "OrderUnit": "P",
    "ShortName": "KELL COCO POPS LOOPS285",
    "IsNew": true,
    "RecentQuanityOfStockUnits": "1,5",
    "LongName": "KELLOGG'S Coco Pops Loops 285g",
    "AlcoholVolume": "0",
    "FicCode": "E"
  },
  {
    "productId": "779116",
    "technicalArticleNumber": "4573052",
    "commercialArticleNumber": "28609",
    "name": "confituur abrikoos",
    "brand": "NOSTALGIE",
    "seoBrand": "Nostalgie Materne",
    "thumbNail": "https://static.colruytgroup.com/images/200x200/std.lang.all/52/70/asset-2755270.jpg",
    "fullImage": "https://static.colruytgroup.com/images/500x500/std.lang.all/52/70/asset-2755270.jpg",
    "squareImage": "https://static.colruytgroup.com/images/500x500sq/std.lang.all/52/70/asset-2755270.jpg",
    "content": "265g",
    "walkRouteSequenceNumber": 17943,
    "price": {
      "basicPrice": 4.19,
      "recommendedQuantity": "1.0",
      "measurementUnitPrice": 15.82,
      "measurementUnit": "K",
      "isRedPrice": false,
      "pricePerUOM": 15.82,
      "activationDate": "19-03-2024",
      "recordSource": "Offline",
      "isPromoActive": "N",
      "priceChangeCode": "E"
    },
    "isAvailable": true,
    "isPriceAvailable": true,
    "inPromo": false,
    "gtin": [
      "05410046000516",
      "05410046800925"
    ],
    "topCategoryName": "Brood/Ontbijt",
    "topCategoryId": "124",
    "businessDomain": "RETAIL_BE",
    "IsPrivateLabel": false,
    "IsBiffe": false,
    "WeightconversionFactor": "0",
    "IsWeightArticle": false,
    "nutriscoreLabel": "D",
    "IsBio": false,
    "CountryOfOrigin": "BELGIË",
    "IsExclusivelySoldInLuxembourg": false,
    "OrderUnit": "P",
    "ShortName": "NOST CONF.ABRIKOOS 265G",
    "IsNew": false,
    "RecentQuanityOfStockUnits": "1",
    "LongName": "NOSTALGIE confituur abrikoos 265g",
    "FicCode": "E"
  },
  {
    "productId": "13606",
    "technicalArticleNumber": "1336878",
    "commercialArticleNumber": "16285",
    "name": "confituur 4 vruchten",
    "description": "*50 % vruchten",
    "brand": "MATERNE",
    "seoBrand": "Materne",
    "thumbNail": "https://static.colruytgroup.com/images/200x200/nl_be/13/25/asset-711325.jpg",
    "fullImage": "https://static.colruytgroup.com/images/500x500/nl_be/13/25/asset-711325.jpg",
    "squareImage": "https://static.colruytgroup.com/images/500x500sq/nl_be/13/25/asset-711325.jpg",
    "content": "720g",
    "walkRouteSequenceNumber": 17916,
    "price": {
      "basicPrice": 5.55,
      "recommendedQuantity": "1.0",
      "measurementUnitPrice": 7.71,
      "measurementUnit": "K",
      "isRedPrice": false,
      "pricePerUOM": 7.71,
      "activationDate": "15-03-2024",
      "recordSource": "Offline",
      "isPromoActive": "N",
      "priceChangeCode": "H"
    },
    "isAvailable": true,
    "isPriceAvailable": true,
    "inPromo": false,
    "gtin": [
      "25410046995557",
      "05410046805098",
      "05410046001292"
    ],
    "topCategoryName": "Brood/Ontbijt",
    "topCategoryId": "124",
    "businessDomain": "RETAIL_BE",
    "IsPrivateLabel": false,
    "IsBiffe": false,
    "WeightconversionFactor": "0",
    "IsWeightArticle": false,
    "nutriscoreLabel": "D",
    "IsBio": false,
    "CountryOfOrigin": "BELGIË",
    "IsExclusivelySoldInLuxembourg": false,
    "OrderUnit": "P",
    "ShortName": "MATERNE 4VRUCHTEN 720G",
    "IsNew": false,
    "RecentQuanityOfStockUnits": "1",
    "LongName": "MATERNE confituur 4 vruchten 720g",
    "AlcoholVolume": "0",
    "FicCode": "E"
  },
  {
    "productId": "864960",
    "technicalArticleNumber": "4716999",
    "commercialArticleNumber": "1884",
    "name": "Crunchy Muesli Protein",
    "brand": "HOLIE",
    "seoBrand": "Holie",
    "thumbNail": "https://static.colruytgroup.com/images/200x200/std.lang.all/93/11/asset-3209311.jpg",
    "fullImage": "https://static.colruytgroup.com/images/500x500/std.lang.all/93/11/asset-3209311.jpg",
    "squareImage": "https://static.colruytgroup.com/images/500x500sq/std.lang.all/93/11/asset-3209311.jpg",
    "content": "400g",
    "walkRouteSequenceNumber": 17293,
    "price": {
      "basicPrice": 4.19,
      "recommendedQuantity": "1.0",
      "measurementUnitPrice": 10.48,
      "measurementUnit": "K",
      "isRedPrice": false,
      "pricePerUOM": 10.48,
      "activationDate": "18-03-2024",
      "recordSource": "Offline",
      "isPromoActive": "N",
      "priceChangeCode": "E"
    },
    "isAvailable": true,
    "isPriceAvailable": true,
    "inPromo": false,
    "gtin": [
      "08720256082408",
      "08720256082415"
    ],
    "topCategoryName": "Brood/Ontbijt",
    "topCategoryId": "124",
    "businessDomain": "RETAIL_BE",
    "IsPrivateLabel": false,
    "IsBiffe": false,
    "WeightconversionFactor": "0",
    "IsWeightArticle": false,
    "nutriscoreLabel": "A",
    "IsBio": false,
    "CountryOfOrigin": "NEDERLAND",
    "IsExclusivelySoldInLuxembourg": false,
    "OrderUnit": "P",
    "ShortName": "HOLI CRUN.MUES.PRO.400G",
    "IsNew": false,
    "EcoscoreLabel": "B",
    "RecentQuanityOfStockUnits": "1,6",
    "LongName": "HOLIE Crunchy Muesli Protein 400g",
    "FicCode": "E",
    "EcoscoreValue": "61"
  },
  {
    "productId": "783517",
    "technicalArticleNumber": "4581903",
    "commercialArticleNumber": "6219",
    "name": "speculoos",
    "brand": "CRUMBEL",
    "seoBrand": "Crumbel",
    "thumbNail": "https://static.colruytgroup.com/images/200x200/std.lang.all/57/19/asset-2895719.jpg",
    "fullImage": "https://static.colruytgroup.com/images/500x500/std.lang.all/57/19/asset-2895719.jpg",
    "squareImage": "https://static.colruytgroup.com/images/500x500sq/std.lang.all/57/19/asset-2895719.jpg",
    "content": "260g",
    "walkRouteSequenceNumber": 2041,
    "price": {
      "basicPrice": 3.29,
      "recommendedQuantity": "1.0",
      "measurementUnitPrice": 12.66,
      "measurementUnit": "K",
      "isRedPrice": false,
      "pricePerUOM": 12.66,
      "activationDate": "06-03-2024",
      "recordSource": "Offline",
      "isPromoActive": "N",
      "priceChangeCode": "E"
    },
    "isAvailable": true,
    "isPriceAvailable": true,
    "inPromo": false,
    "gtin": [
      "05425026054373",
      "05425026054380"
    ],
    "topCategoryName": "Brood/Ontbijt",
    "topCategoryId": "124",
    "businessDomain": "RETAIL_BE",
    "IsPrivateLabel": false,
    "IsBiffe": false,
    "WeightconversionFactor": "0",
    "IsWeightArticle": false,
    "nutriscoreLabel": "E",
    "IsBio": false,
    "CountryOfOrigin": "BELGIË",
    "IsExclusivelySoldInLuxembourg": false,
    "OrderUnit": "P",
    "ShortName": "CRUM SPECULOOS 260G",
    "IsNew": false,
    "EcoscoreLabel": "B",
    "RecentQuanityOfStockUnits": "1",
    "LongName": "CRUMBEL speculoos 260g",
    "FicCode": "E",
    "EcoscoreValue": "72"
  },
  {
    "productId": "47670",
    "technicalArticleNumber": "2485278",
    "commercialArticleNumber": "38398",
    "name": "confituur 4 vruchten Bio",
    "description": "*50 % vruchten",
    "brand": "PUR NATUR",
    "seoBrand": "Pur Natur",
    "thumbNail": "https://static.colruytgroup.com/images/200x200/std.lang.all/00/44/asset-2620044.jpg",
    "fullImage": "https://static.colruytgroup.com/images/500x500/std.lang.all/00/44/asset-2620044.jpg",
    "squareImage": "https://static.colruytgroup.com/images/500x500sq/std.lang.all/00/44/asset-2620044.jpg",
    "content": "450g",
    "walkRouteSequenceNumber": 17982,
    "price": {
      "basicPrice": 4.6,
      "recommendedQuantity": "1.0",
      "measurementUnitPrice": 10.23,
      "measurementUnit": "K",
      "isRedPrice": false,
      "pricePerUOM": 10.23,
      "activationDate": "17-02-2024",
      "recordSource": "Offline",
      "isPromoActive": "N",
      "priceChangeCode": "E"
    },
    "isAvailable": true,
    "isPriceAvailable": true,
    "inPromo": false,
    "gtin": [
      "05410986073212",
      "05410986820229"
    ],
    "topCategoryName": "Brood/Ontbijt",
    "topCategoryId": "124",
    "businessDomain": "RETAIL_BE",
    "IsPrivateLabel": false,
    "IsBiffe": false,
    "WeightconversionFactor": "0",
    "IsWeightArticle": false,
    "nutriscoreLabel": "D",
    "IsBio": true,
    "CountryOfOrigin": "BELGIË",
    "IsExclusivelySoldInLuxembourg": false,
    "OrderUnit": "P",
    "ShortName": "PN BIO CONF.4 VR.450G.",
    "IsNew": false,
    "EcoscoreLabel": "C",
    "RecentQuanityOfStockUnits": "1,8",
    "LongName": "PUR NATUR confituur 4 vruchten Bio 450g",
    "AlcoholVolume": "0",
    "FicCode": "E",
    "EcoscoreValue": "57"
  },
  {
    "productId": "9937",
    "technicalArticleNumber": "1402399",
    "commercialArticleNumber": "16372",
    "name": "confituur aardbei-framboos",
    "description": "*50 % vruchten",
    "brand": "MATERNE",
    "seoBrand": "Materne",
    "thumbNail": "https://static.colruytgroup.com/images/200x200/nl_be/18/09/asset-1601809.jpg",
    "fullImage": "https://static.colruytgroup.com/images/500x500/nl_be/18/09/asset-1601809.jpg",
    "squareImage": "https://static.colruytgroup.com/images/500x500sq/nl_be/18/09/asset-1601809.jpg",
    "content": "450g",
    "walkRouteSequenceNumber": 17935,
    "price": {
      "basicPrice": 4.65,
      "recommendedQuantity": "1.0",
      "measurementUnitPrice": 10.34,
      "measurementUnit": "K",
      "isRedPrice": false,
      "pricePerUOM": 10.34,
      "activationDate": "13-02-2024",
      "isPromoActive": "N",
      "priceChangeCode": "H"
    },
    "isAvailable": true,
    "isPriceAvailable": true,
    "inPromo": false,
    "gtin": [
      "05410046070199",
      "05410046804381"
    ],
    "topCategoryName": "Brood/Ontbijt",
    "topCategoryId": "124",
    "businessDomain": "RETAIL_BE",
    "IsPrivateLabel": false,
    "IsBiffe": false,
    "WeightconversionFactor": "0",
    "IsWeightArticle": false,
    "nutriscoreLabel": "D",
    "IsBio": false,
    "CountryOfOrigin": "BELGIË",
    "IsExclusivelySoldInLuxembourg": false,
    "OrderUnit": "P",
    "ShortName": "MATERN AARDB FRAMB 450G",
    "IsNew": false,
    "RecentQuanityOfStockUnits": "1",
    "LongName": "MATERNE confituur aardbei-framboos 450g",
    "AlcoholVolume": "0",
    "FicCode": "E"
  },
  {
    "productId": "82674",
    "technicalArticleNumber": "2946037",
    "commercialArticleNumber": "38722",
    "name": "confituur frambozen Bio",
    "description": "*50 % vruchten",
    "brand": "PUR NATUR",
    "seoBrand": "Pur Natur",
    "thumbNail": "https://static.colruytgroup.com/images/200x200/std.lang.all/62/03/asset-1186203.jpg",
    "fullImage": "https://static.colruytgroup.com/images/500x500/std.lang.all/62/03/asset-1186203.jpg",
    "squareImage": "https://static.colruytgroup.com/images/500x500sq/std.lang.all/62/03/asset-1186203.jpg",
    "content": "450g",
    "walkRouteSequenceNumber": 17984,
    "price": {
      "basicPrice": 4.73,
      "recommendedQuantity": "1.0",
      "measurementUnitPrice": 10.52,
      "measurementUnit": "K",
      "isRedPrice": false,
      "pricePerUOM": 10.52,
      "activationDate": "18-11-2023",
      "recordSource": "Offline",
      "isPromoActive": "N",
      "priceChangeCode": "H"
    },
    "isAvailable": true,
    "isPriceAvailable": true,
    "inPromo": false,
    "gtin": [
      "05410986073366",
      "05410986132360"
    ],
    "topCategoryName": "Brood/Ontbijt",
    "topCategoryId": "124",
    "businessDomain": "RETAIL_BE",
    "IsPrivateLabel": false,
    "IsBiffe": false,
    "WeightconversionFactor": "0",
    "IsWeightArticle": false,
    "nutriscoreLabel": "D",
    "IsBio": true,
    "CountryOfOrigin": "BELGIË",
    "IsExclusivelySoldInLuxembourg": false,
    "OrderUnit": "P",
    "ShortName": "PN BIO FRAMBOOS 450G",
    "IsNew": false,
    "EcoscoreLabel": "A",
    "RecentQuanityOfStockUnits": "1,8",
    "LongName": "PUR NATUR confituur frambozen Bio 450g",
    "AlcoholVolume": "0",
    "FicCode": "E",
    "EcoscoreValue": "83"
  },
  {
    "productId": "848894",
    "technicalArticleNumber": "4696236",
    "commercialArticleNumber": "30731",
    "name": "Moelleux Aardbei",
    "brand": "BELVITA",
    "seoBrand": "LU belVita",
    "thumbNail": "https://static.colruytgroup.com/images/200x200/std.lang.all/68/71/asset-3036871.jpg",
    "fullImage": "https://static.colruytgroup.com/images/500x500/std.lang.all/68/71/asset-3036871.jpg",
    "squareImage": "https://static.colruytgroup.com/images/500x500sq/std.lang.all/68/71/asset-3036871.jpg",
    "content": "5x50g",
    "walkRouteSequenceNumber": 2319,
    "price": {
      "basicPrice": 3.49,
      "recommendedQuantity": "1.0",
      "measurementUnitPrice": 13.96,
      "measurementUnit": "K",
      "isRedPrice": false,
      "pricePerUOM": 13.96,
      "activationDate": "14-03-2024",
      "recordSource": "Offline",
      "isPromoActive": "N",
      "priceChangeCode": "E"
    },
    "isAvailable": true,
    "isPriceAvailable": true,
    "inPromo": false,
    "gtin": [
      "07622210771049",
      "07622210771056"
    ],
    "topCategoryName": "Brood/Ontbijt",
    "topCategoryId": "124",
    "businessDomain": "RETAIL_BE",
    "IsPrivateLabel": false,
    "IsBiffe": false,
    "WeightconversionFactor": "0",
    "IsWeightArticle": false,
    "nutriscoreLabel": "C",
    "IsBio": false,
    "CountryOfOrigin": "TSJECHIË (REPUBLIEK)",
    "IsExclusivelySoldInLuxembourg": false,
    "OrderUnit": "P",
    "ShortName": "BELV SOF.FILL.AARD.5X50",
    "IsNew": false,
    "RecentQuanityOfStockUnits": "1",
    "LongName": "BELVITA Moelleux Aardbei 5x50g",
    "FicCode": "E"
  },
  {
    "productId": "725535",
    "technicalArticleNumber": "4479271",
    "commercialArticleNumber": "12910",
    "name": "wild.blauwe bessen Bio",
    "brand": "FIORDIFRUTTA",
    "seoBrand": "Fiordifrutta RIGONI DI ASIAGO",
    "thumbNail": "https://static.colruytgroup.com/images/200x200/std.lang.all/03/98/asset-3360398.jpg",
    "fullImage": "https://static.colruytgroup.com/images/500x500/std.lang.all/03/98/asset-3360398.jpg",
    "squareImage": "https://static.colruytgroup.com/images/500x500sq/std.lang.all/03/98/asset-3360398.jpg",
    "content": "250g",
    "walkRouteSequenceNumber": 17960,
    "price": {
      "basicPrice": 3.79,
      "recommendedQuantity": "1.0",
      "measurementUnitPrice": 15.16,
      "measurementUnit": "K",
      "isRedPrice": false,
      "pricePerUOM": 15.16,
      "activationDate": "29-02-2024",
      "recordSource": "Offline",
      "isPromoActive": "N",
      "priceChangeCode": "E"
    },
    "isAvailable": true,
    "isPriceAvailable": true,
    "inPromo": false,
    "gtin": [
      "08001505005103",
      "08001505007701"
    ],
    "topCategoryName": "Brood/Ontbijt",
    "topCategoryId": "124",
    "businessDomain": "RETAIL_BE",
    "IsPrivateLabel": false,
    "IsBiffe": false,
    "WeightconversionFactor": "0",
    "IsWeightArticle": false,
    "nutriscoreLabel": "C",
    "IsBio": true,
    "CountryOfOrigin": "NEDERLAND",
    "IsExclusivelySoldInLuxembourg": false,
    "OrderUnit": "P",
    "ShortName": "FIOR WILD.BOSBES.BIO250",
    "IsNew": false,
    "EcoscoreLabel": "A",
    "RecentQuanityOfStockUnits": "1",
    "LongName": "FIORDIFRUTTA wild.blauwe bessen Bio 250g",
    "FicCode": "E",
    "EcoscoreValue": "93"
  },
  {
    "productId": "857484",
    "technicalArticleNumber": "4707495",
    "commercialArticleNumber": "31535",
    "name": "Super Nutty granola",
    "brand": "JORDANS",
    "seoBrand": "Jordans",
    "thumbNail": "https://static.colruytgroup.com/images/200x200/std.lang.all/95/05/asset-3169505.jpg",
    "fullImage": "https://static.colruytgroup.com/images/500x500/std.lang.all/95/05/asset-3169505.jpg",
    "squareImage": "https://static.colruytgroup.com/images/500x500sq/std.lang.all/95/05/asset-3169505.jpg",
    "content": "400g",
    "walkRouteSequenceNumber": 17478,
    "price": {
      "basicPrice": 5.35,
      "recommendedQuantity": "1.0",
      "measurementUnitPrice": 13.38,
      "measurementUnit": "K",
      "isRedPrice": false,
      "pricePerUOM": 13.38,
      "activationDate": "20-02-2024",
      "recordSource": "Offline",
      "isPromoActive": "N",
      "priceChangeCode": "H"
    },
    "isAvailable": true,
    "isPriceAvailable": true,
    "inPromo": false,
    "gtin": [
      "15010477363548",
      "05010477363534"
    ],
    "topCategoryName": "Brood/Ontbijt",
    "topCategoryId": "124",
    "businessDomain": "RETAIL_BE",
    "IsPrivateLabel": false,
    "IsBiffe": false,
    "WeightconversionFactor": "0",
    "IsWeightArticle": false,
    "nutriscoreLabel": "B",
    "IsBio": false,
    "CountryOfOrigin": "VERENIGD KONINKRIJK",
    "IsExclusivelySoldInLuxembourg": false,
    "OrderUnit": "P",
    "ShortName": "JORD SUP.NUTTY GRAN.400",
    "IsNew": false,
    "EcoscoreLabel": "B",
    "RecentQuanityOfStockUnits": "1",
    "LongName": "JORDANS Super Nutty granola 400g",
    "AlcoholVolume": "0",
    "FicCode": "E",
    "EcoscoreValue": "61"
  },
  {
    "productId": "709286",
    "technicalArticleNumber": "4448942",
    "commercialArticleNumber": "26346",
    "name": "prot.salted caramel",
    "brand": "EAT NATURAL",
    "seoBrand": "Eat Natural",
    "thumbNail": "https://static.colruytgroup.com/images/200x200/std.lang.all/27/82/asset-3172782.jpg",
    "fullImage": "https://static.colruytgroup.com/images/500x500/std.lang.all/27/82/asset-3172782.jpg",
    "squareImage": "https://static.colruytgroup.com/images/500x500sq/std.lang.all/27/82/asset-3172782.jpg",
    "content": "3x45g",
    "walkRouteSequenceNumber": 2183,
    "price": {
      "basicPrice": 3.49,
      "recommendedQuantity": "1.0",
      "measurementUnitPrice": 25.86,
      "measurementUnit": "K",
      "isRedPrice": false,
      "pricePerUOM": 25.86,
      "activationDate": "01-03-2024",
      "recordSource": "Offline",
      "isPromoActive": "N",
      "priceChangeCode": "E"
    },
    "isAvailable": true,
    "isPriceAvailable": true,
    "inPromo": false,
    "gtin": [
      "05013803000509",
      "05013803001001"
    ],
    "topCategoryName": "Brood/Ontbijt",
    "topCategoryId": "124",
    "businessDomain": "RETAIL_BE",
    "IsPrivateLabel": false,
    "IsBiffe": false,
    "WeightconversionFactor": "0",
    "IsWeightArticle": false,
    "IsBio": false,
    "CountryOfOrigin": "VERENIGD KONINKRIJK",
    "IsExclusivelySoldInLuxembourg": false,
    "OrderUnit": "P",
    "ShortName": "EATN PROT.SALT.CAR3X45G",
    "IsNew": false,
    "RecentQuanityOfStockUnits": "1,12",
    "LongName": "EAT NATURAL prot.salted caramel 3x45g",
    "FicCode": "E"
  },
  {
    "productId": "686204",
    "technicalArticleNumber": "4409295",
    "commercialArticleNumber": "24907",
    "name": "vijgen confituur",
    "brand": "EL BARAKA",
    "seoBrand": "El Baraka",
    "thumbNail": "https://static.colruytgroup.com/images/200x200/std.lang.all/31/56/asset-2353156.jpg",
    "fullImage": "https://static.colruytgroup.com/images/500x500/std.lang.all/31/56/asset-2353156.jpg",
    "squareImage": "https://static.colruytgroup.com/images/500x500sq/std.lang.all/31/56/asset-2353156.jpg",
    "content": "430g",
    "walkRouteSequenceNumber": 17925,
    "price": {
      "basicPrice": 2.49,
      "recommendedQuantity": "1.0",
      "measurementUnitPrice": 5.8,
      "measurementUnit": "K",
      "isRedPrice": false,
      "pricePerUOM": 5.8,
      "activationDate": "03-01-2024",
      "isPromoActive": "N",
      "priceChangeCode": "H"
    },
    "isAvailable": true,
    "isPriceAvailable": true,
    "inPromo": false,
    "gtin": [
      "06111184001104",
      "06111184001098"
    ],
    "topCategoryName": "Brood/Ontbijt",
    "topCategoryId": "124",
    "businessDomain": "RETAIL_BE",
    "IsPrivateLabel": false,
    "IsBiffe": false,
    "WeightconversionFactor": "0",
    "IsWeightArticle": false,
    "IsBio": false,
    "CountryOfOrigin": "MAROKKO",
    "IsExclusivelySoldInLuxembourg": false,
    "OrderUnit": "P",
    "ShortName": "ELBA VIJGEN CONFITUU430",
    "InSeason": true,
    "IsNew": false,
    "RecentQuanityOfStockUnits": "1,12",
    "LongName": "EL BARAKA vijgen confituur 430g",
    "StartSeasonDate": "23/11/2022",
    "FicCode": "E"
  },
  {
    "productId": "35961",
    "technicalArticleNumber": "1863752",
    "commercialArticleNumber": "15161",
    "name": "Duo",
    "description": "*Graanknikkers met\nchocoladesmaak,\ngraanknikkers met\nwitte chocolade",
    "brand": "NESTLÉ NESQUIK",
    "seoBrand": "Nestlé Nesquik",
    "thumbNail": "https://ecgproductmw.colruytgroup.com/ecgproductmw/noPicForArticle_2.jpg",
    "fullImage": "https://ecgproductmw.colruytgroup.com/ecgproductmw/noPicForArticle_5.jpg",
    "squareImage": "https://ecgproductmw.colruytgroup.com/ecgproductmw/noPicForArticle_5.jpg",
    "content": "325g",
    "walkRouteSequenceNumber": 17192,
    "price": {
      "basicPrice": 4.7,
      "recommendedQuantity": "1.0",
      "measurementUnitPrice": 14.47,
      "measurementUnit": "K",
      "isRedPrice": false,
      "pricePerUOM": 14.47,
      "activationDate": "17-02-2024",
      "recordSource": "Offline",
      "isPromoActive": "N",
      "priceChangeCode": "E"
    },
    "isAvailable": true,
    "isPriceAvailable": true,
    "inPromo": false,
    "gtin": [
      "07613033577512",
      "07613031566501"
    ],
    "topCategoryName": "Brood/Ontbijt",
    "topCategoryId": "124",
    "businessDomain": "RETAIL_BE",
    "IsPrivateLabel": false,
    "IsBiffe": false,
    "WeightconversionFactor": "0",
    "IsWeightArticle": false,
    "nutriscoreLabel": "C",
    "IsBio": false,
    "CountryOfOrigin": "BELGIË",
    "IsExclusivelySoldInLuxembourg": false,
    "OrderUnit": "P",
    "ShortName": "NEST NESQUIK DUO 325GR",
    "InSeason": true,
    "IsNew": false,
    "RecentQuanityOfStockUnits": "1",
    "LongName": "NESTLÉ NESQUIK Duo 325g",
    "AlcoholVolume": "0",
    "StartSeasonDate": "12/09/2017",
    "FicCode": "E"
  },
  {
    "productId": "816321",
    "technicalArticleNumber": "4645296",
    "commercialArticleNumber": "24271",
    "name": "rice cracker paprika",
    "description": "*Glutenvrij",
    "brand": "N.A!",
    "seoBrand": "N.A!",
    "thumbNail": "https://static.colruytgroup.com/images/200x200/std.lang.all/91/60/asset-3009160.jpg",
    "fullImage": "https://static.colruytgroup.com/images/500x500/std.lang.all/91/60/asset-3009160.jpg",
    "squareImage": "https://static.colruytgroup.com/images/500x500sq/std.lang.all/91/60/asset-3009160.jpg",
    "content": "85g",
    "walkRouteSequenceNumber": 2266,
    "price": {
      "basicPrice": 2.45,
      "recommendedQuantity": "1.0",
      "measurementUnitPrice": 28.83,
      "measurementUnit": "K",
      "isRedPrice": false,
      "pricePerUOM": 28.83,
      "activationDate": "07-03-2024",
      "recordSource": "Offline",
      "isPromoActive": "N",
      "priceChangeCode": "L"
    },
    "isAvailable": true,
    "isPriceAvailable": true,
    "inPromo": false,
    "gtin": [
      "03609200011013"
    ],
    "topCategoryName": "Brood/Ontbijt",
    "topCategoryId": "124",
    "businessDomain": "RETAIL_BE",
    "IsPrivateLabel": false,
    "IsBiffe": false,
    "WeightconversionFactor": "0",
    "IsWeightArticle": false,
    "nutriscoreLabel": "C",
    "IsBio": false,
    "CountryOfOrigin": "THAILAND",
    "IsExclusivelySoldInLuxembourg": false,
    "OrderUnit": "P",
    "ShortName": "N.A RICE CRACK.PAPRI.85",
    "IsNew": false,
    "EcoscoreLabel": "C",
    "RecentQuanityOfStockUnits": "12,1",
    "LongName": "N.A! rice cracker paprika 85g",
    "FicCode": "E",
    "EcoscoreValue": "43"
  },
  {
    "productId": "872315",
    "technicalArticleNumber": "4726552",
    "commercialArticleNumber": "18341",
    "name": "aardbei-wilde aard.bio",
    "brand": "FIORDIFRUTTA",
    "seoBrand": "Fiordifrutta",
    "thumbNail": "https://static.colruytgroup.com/images/200x200/std.lang.all/61/72/asset-3216172.jpg",
    "fullImage": "https://static.colruytgroup.com/images/500x500/std.lang.all/61/72/asset-3216172.jpg",
    "squareImage": "https://static.colruytgroup.com/images/500x500sq/std.lang.all/61/72/asset-3216172.jpg",
    "content": "250g",
    "walkRouteSequenceNumber": 17910,
    "price": {
      "basicPrice": 3.79,
      "recommendedQuantity": "1.0",
      "measurementUnitPrice": 15.16,
      "measurementUnit": "K",
      "isRedPrice": false,
      "pricePerUOM": 15.16,
      "activationDate": "29-02-2024",
      "recordSource": "Offline",
      "isPromoActive": "N",
      "priceChangeCode": "E"
    },
    "isAvailable": true,
    "isPriceAvailable": true,
    "inPromo": false,
    "gtin": [
      "08001505005042",
      "08001505007640"
    ],
    "topCategoryName": "Brood/Ontbijt",
    "topCategoryId": "124",
    "businessDomain": "RETAIL_BE",
    "IsPrivateLabel": false,
    "IsBiffe": false,
    "WeightconversionFactor": "0",
    "IsWeightArticle": false,
    "nutriscoreLabel": "C",
    "IsBio": true,
    "CountryOfOrigin": "ITALIË",
    "IsExclusivelySoldInLuxembourg": false,
    "OrderUnit": "P",
    "ShortName": "FIOR AAR-WIL.AAR.BIO250",
    "IsNew": false,
    "EcoscoreLabel": "B",
    "RecentQuanityOfStockUnits": "1",
    "LongName": "FIORDIFRUTTA aardbei-wilde aard.bio 250g",
    "FicCode": "E",
    "EcoscoreValue": "60"
  },
  {
    "productId": "308844",
    "technicalArticleNumber": "3749381",
    "commercialArticleNumber": "14813",
    "name": "granola Caramel Almond&Pecan",
    "brand": "BAMBOO",
    "seoBrand": "Bamboo",
    "thumbNail": "https://static.colruytgroup.com/images/200x200/std.lang.all/67/91/asset-2786791.jpg",
    "fullImage": "https://static.colruytgroup.com/images/500x500/std.lang.all/67/91/asset-2786791.jpg",
    "squareImage": "https://static.colruytgroup.com/images/500x500sq/std.lang.all/67/91/asset-2786791.jpg",
    "content": "350g",
    "walkRouteSequenceNumber": 17431,
    "price": {
      "basicPrice": 4.99,
      "recommendedQuantity": "1.0",
      "measurementUnitPrice": 14.26,
      "measurementUnit": "K",
      "isRedPrice": false,
      "pricePerUOM": 14.26,
      "activationDate": "07-11-2023",
      "recordSource": "Offline",
      "isPromoActive": "N",
      "priceChangeCode": "E"
    },
    "isAvailable": true,
    "isPriceAvailable": true,
    "inPromo": false,
    "gtin": [
      "65419980021856",
      "05419980021854",
      "05419980021816"
    ],
    "topCategoryName": "Brood/Ontbijt",
    "topCategoryId": "124",
    "businessDomain": "RETAIL_BE",
    "IsPrivateLabel": false,
    "IsBiffe": false,
    "WeightconversionFactor": "0",
    "IsWeightArticle": false,
    "nutriscoreLabel": "C",
    "IsBio": false,
    "CountryOfOrigin": "BELGIË",
    "IsExclusivelySoldInLuxembourg": false,
    "OrderUnit": "P",
    "ShortName": "BAMB GRANOLA CARAME350G",
    "IsNew": false,
    "EcoscoreLabel": "B",
    "RecentQuanityOfStockUnits": "1",
    "LongName": "BAMBOO granola Caramel Almond&Pecan 350g",
    "AlcoholVolume": "0",
    "FicCode": "E",
    "EcoscoreValue": "61"
  },
  {
    "productId": "759672",
    "technicalArticleNumber": "4537375",
    "commercialArticleNumber": "28269",
    "name": "melba toast xl natu.",
    "brand": "VAN DER MEULEN",
    "seoBrand": "Van Der Meulen",
    "thumbNail": "https://static.colruytgroup.com/images/200x200/std.lang.all/61/17/asset-3306117.jpg",
    "fullImage": "https://static.colruytgroup.com/images/500x500/std.lang.all/61/17/asset-3306117.jpg",
    "squareImage": "https://static.colruytgroup.com/images/500x500sq/std.lang.all/61/17/asset-3306117.jpg",
    "content": "200g",
    "walkRouteSequenceNumber": 4493,
    "price": {
      "basicPrice": 2.81,
      "recommendedQuantity": "1.0",
      "measurementUnitPrice": 14.05,
      "measurementUnit": "K",
      "isRedPrice": false,
      "pricePerUOM": 14.05,
      "activationDate": "15-03-2024",
      "recordSource": "Offline",
      "isPromoActive": "N",
      "priceChangeCode": "L"
    },
    "isAvailable": true,
    "isPriceAvailable": true,
    "inPromo": false,
    "gtin": [
      "08710649121180",
      "08710649622465"
    ],
    "topCategoryName": "Brood/Ontbijt",
    "topCategoryId": "124",
    "businessDomain": "RETAIL_BE",
    "IsPrivateLabel": false,
    "IsBiffe": false,
    "WeightconversionFactor": "0",
    "IsWeightArticle": false,
    "nutriscoreLabel": "C",
    "IsBio": false,
    "CountryOfOrigin": "NEDERLAND",
    "IsExclusivelySoldInLuxembourg": false,
    "OrderUnit": "P",
    "ShortName": "VDM MELB.TOAS.XL NAT200",
    "IsNew": false,
    "EcoscoreLabel": "B",
    "RecentQuanityOfStockUnits": "1",
    "LongName": "VAN DER MEULEN melba toast xl natu. 200g",
    "FicCode": "E",
    "EcoscoreValue": "75"
  },
  {
    "productId": "240781",
    "technicalArticleNumber": "3530278",
    "commercialArticleNumber": "50671",
    "name": "confituur 4-vruchten Maltitol",
    "description": "*50 % fruit\n*Met zoetstoffen",
    "brand": "BONI",
    "seoBrand": "Boni Selection",
    "thumbNail": "https://static.colruytgroup.com/images/200x200/std.lang.all/57/12/asset-2895712.jpg",
    "fullImage": "https://static.colruytgroup.com/images/500x500/std.lang.all/57/12/asset-2895712.jpg",
    "squareImage": "https://static.colruytgroup.com/images/500x500sq/std.lang.all/57/12/asset-2895712.jpg",
    "content": "440g",
    "walkRouteSequenceNumber": 17966,
    "price": {
      "basicPrice": 3.39,
      "recommendedQuantity": "1.0",
      "measurementUnitPrice": 7.71,
      "measurementUnit": "K",
      "isRedPrice": false,
      "pricePerUOM": 7.71,
      "activationDate": "28-06-2023",
      "isPromoActive": "N",
      "priceChangeCode": "H"
    },
    "isAvailable": true,
    "isPriceAvailable": true,
    "inPromo": false,
    "gtin": [
      "15400141797418",
      "15400141332275",
      "05400141332278",
      "05400141424645",
      "15400141638032",
      "05400141638035"
    ],
    "topCategoryName": "Brood/Ontbijt",
    "topCategoryId": "124",
    "businessDomain": "RETAIL_BE",
    "IsPrivateLabel": true,
    "IsBiffe": false,
    "WeightconversionFactor": "0",
    "IsWeightArticle": false,
    "nutriscoreLabel": "B",
    "IsBio": false,
    "CountryOfOrigin": "BELGIË",
    "IsExclusivelySoldInLuxembourg": false,
    "OrderUnit": "P",
    "ShortName": "BONI 4 VRUCHT.CONF.440G",
    "IsNew": false,
    "EcoscoreLabel": "B",
    "RecentQuanityOfStockUnits": "1,6",
    "LongName": "BONI confituur 4-vruchten Maltitol 440g",
    "AlcoholVolume": "0",
    "FicCode": "I",
    "EcoscoreValue": "76"
  },
  {
    "productId": "726545",
    "technicalArticleNumber": "4481247",
    "commercialArticleNumber": "16589",
    "name": "confituur abrikoos 50%",
    "brand": "BONI BIO",
    "seoBrand": "Boni Selection Bio",
    "thumbNail": "https://static.colruytgroup.com/images/200x200/std.lang.all/55/43/asset-3205543.jpg",
    "fullImage": "https://static.colruytgroup.com/images/500x500/std.lang.all/55/43/asset-3205543.jpg",
    "squareImage": "https://static.colruytgroup.com/images/500x500sq/std.lang.all/55/43/asset-3205543.jpg",
    "content": "330g",
    "walkRouteSequenceNumber": 17907,
    "price": {
      "basicPrice": 1.82,
      "recommendedQuantity": "1.0",
      "quantityPrice": 1.57,
      "quantityPriceQuantity": "2.0",
      "measurementUnitPrice": 5.52,
      "measurementUnitQuantityPrice": 4.76,
      "measurementUnit": "K",
      "isRedPrice": false,
      "pricePerUOM": 5.52,
      "activationDate": "20-03-2024",
      "recordSource": "Offline",
      "isPromoActive": "N",
      "priceChangeCode": "E",
      "quantityPricePerUOM": 4.76,
      "quantityActivationDate": "20-03-2024",
      "quantityPriceChangeCode": "E"
    },
    "isAvailable": true,
    "isPriceAvailable": true,
    "inPromo": false,
    "gtin": [
      "15400141963561",
      "05400141963564",
      "15400141700586",
      "05400141700589"
    ],
    "topCategoryName": "Brood/Ontbijt",
    "topCategoryId": "124",
    "businessDomain": "RETAIL_BE",
    "IsPrivateLabel": true,
    "IsBiffe": false,
    "WeightconversionFactor": "0",
    "IsWeightArticle": false,
    "nutriscoreLabel": "D",
    "IsBio": true,
    "CountryOfOrigin": "BELGIË",
    "IsExclusivelySoldInLuxembourg": false,
    "OrderUnit": "P",
    "ShortName": "BONI BIO CONF.ABRIK330G",
    "IsNew": false,
    "EcoscoreLabel": "A",
    "RecentQuanityOfStockUnits": "1",
    "LongName": "BONI BIO confituur abrikoos 50% 330g",
    "FicCode": "I",
    "EcoscoreValue": "98"
  },
  {
    "productId": "815883",
    "technicalArticleNumber": "4644722",
    "commercialArticleNumber": "22267",
    "name": "rice cracker sea salt",
    "brand": "N.A!",
    "seoBrand": "N.A!",
    "thumbNail": "https://static.colruytgroup.com/images/200x200/std.lang.all/93/65/asset-3009365.jpg",
    "fullImage": "https://static.colruytgroup.com/images/500x500/std.lang.all/93/65/asset-3009365.jpg",
    "squareImage": "https://static.colruytgroup.com/images/500x500sq/std.lang.all/93/65/asset-3009365.jpg",
    "content": "85g",
    "walkRouteSequenceNumber": 2267,
    "price": {
      "basicPrice": 2.45,
      "recommendedQuantity": "1.0",
      "measurementUnitPrice": 28.83,
      "measurementUnit": "K",
      "isRedPrice": false,
      "pricePerUOM": 28.83,
      "activationDate": "07-03-2024",
      "recordSource": "Offline",
      "isPromoActive": "N",
      "priceChangeCode": "E"
    },
    "isAvailable": true,
    "isPriceAvailable": true,
    "inPromo": false,
    "gtin": [
      "03609200010054"
    ],
    "topCategoryName": "Brood/Ontbijt",
    "topCategoryId": "124",
    "businessDomain": "RETAIL_BE",
    "IsPrivateLabel": false,
    "IsBiffe": false,
    "WeightconversionFactor": "0",
    "IsWeightArticle": false,
    "nutriscoreLabel": "D",
    "IsBio": false,
    "CountryOfOrigin": "THAILAND",
    "IsExclusivelySoldInLuxembourg": false,
    "OrderUnit": "P",
    "ShortName": "N.A RICE CRACKER SALT85",
    "IsNew": false,
    "EcoscoreLabel": "C",
    "RecentQuanityOfStockUnits": "1,12",
    "LongName": "N.A! rice cracker sea salt 85g",
    "FicCode": "E",
    "EcoscoreValue": "43"
  },
  {
    "productId": "37",
    "technicalArticleNumber": "15003",
    "commercialArticleNumber": "15003",
    "name": "Fruit'n Fibre",
    "description": "*Volkoren\ntarwevlokken met\nfruit",
    "brand": "KELLOGG'S ALL-BRAN",
    "seoBrand": "Kellogg's All-Bran",
    "thumbNail": "https://static.colruytgroup.com/images/200x200/std.lang.all/01/99/asset-2510199.jpg",
    "fullImage": "https://static.colruytgroup.com/images/500x500/std.lang.all/01/99/asset-2510199.jpg",
    "squareImage": "https://static.colruytgroup.com/images/500x500sq/std.lang.all/01/99/asset-2510199.jpg",
    "content": "500g",
    "walkRouteSequenceNumber": 17495,
    "price": {
      "basicPrice": 5.69,
      "recommendedQuantity": "1.0",
      "measurementUnitPrice": 11.38,
      "measurementUnit": "K",
      "isRedPrice": false,
      "pricePerUOM": 11.38,
      "activationDate": "19-03-2024",
      "recordSource": "Offline",
      "isPromoActive": "N",
      "priceChangeCode": "H"
    },
    "isAvailable": true,
    "isPriceAvailable": true,
    "inPromo": false,
    "gtin": [
      "05000127077225",
      "05050083382413",
      "05053827195317",
      "05053827197397",
      "05053827199223",
      "05053827195713"
    ],
    "topCategoryName": "Brood/Ontbijt",
    "topCategoryId": "124",
    "businessDomain": "RETAIL_BE",
    "IsPrivateLabel": false,
    "IsBiffe": false,
    "WeightconversionFactor": "0",
    "IsWeightArticle": false,
    "nutriscoreLabel": "D",
    "IsBio": false,
    "CountryOfOrigin": "EUROPA",
    "IsExclusivelySoldInLuxembourg": false,
    "OrderUnit": "P",
    "ShortName": "KELL ALL BR.FR.FIBR500G",
    "InSeason": true,
    "IsNew": false,
    "RecentQuanityOfStockUnits": "1",
    "LongName": "KELLOGG'S ALL-BRAN Fruit'n Fibre 500g",
    "AlcoholVolume": "0",
    "StartSeasonDate": "13/03/2002",
    "FicCode": "E"
  },
  {
    "productId": "684971",
    "technicalArticleNumber": "4407494",
    "commercialArticleNumber": "24805",
    "name": "dark chocolat nuts & salt",
    "brand": "BE-KIND",
    "seoBrand": "Be-Kind",
    "thumbNail": "https://static.colruytgroup.com/images/200x200/std.lang.all/74/84/asset-2367484.jpg",
    "fullImage": "https://static.colruytgroup.com/images/500x500/std.lang.all/74/84/asset-2367484.jpg",
    "squareImage": "https://static.colruytgroup.com/images/500x500sq/std.lang.all/74/84/asset-2367484.jpg",
    "content": "3x30g",
    "walkRouteSequenceNumber": 2179,
    "price": {
      "basicPrice": 3.99,
      "recommendedQuantity": "1.0",
      "measurementUnitPrice": 44.34,
      "measurementUnit": "K",
      "isRedPrice": false,
      "pricePerUOM": 44.34,
      "activationDate": "14-02-2024",
      "recordSource": "Offline",
      "isPromoActive": "N",
      "priceChangeCode": "H"
    },
    "isAvailable": true,
    "isPriceAvailable": true,
    "inPromo": false,
    "gtin": [
      "05000159532969",
      "05000159532952"
    ],
    "topCategoryName": "Brood/Ontbijt",
    "topCategoryId": "124",
    "businessDomain": "RETAIL_BE",
    "IsPrivateLabel": false,
    "IsBiffe": false,
    "WeightconversionFactor": "0",
    "IsWeightArticle": false,
    "nutriscoreLabel": "D",
    "IsBio": false,
    "CountryOfOrigin": "AUSTRALIË",
    "IsExclusivelySoldInLuxembourg": false,
    "OrderUnit": "P",
    "ShortName": "BEKI D.CHOC.NUT&SEA3X30",
    "IsNew": false,
    "RecentQuanityOfStockUnits": "1,10",
    "LongName": "BE-KIND dark chocolat nuts & salt 3x30g",
    "FicCode": "E"
  },
  {
    "productId": "910057",
    "technicalArticleNumber": "4759456",
    "commercialArticleNumber": "6805",
    "name": "pindakaas",
    "brand": "BONNE MAMAN",
    "seoBrand": "Bonne Maman",
    "thumbNail": "https://static.colruytgroup.com/images/200x200/std.lang.all/06/92/asset-3440692.jpg",
    "fullImage": "https://static.colruytgroup.com/images/500x500/std.lang.all/06/92/asset-3440692.jpg",
    "squareImage": "https://static.colruytgroup.com/images/500x500sq/std.lang.all/06/92/asset-3440692.jpg",
    "content": "325g",
    "walkRouteSequenceNumber": 17869,
    "price": {
      "basicPrice": 3.99,
      "recommendedQuantity": "1.0",
      "measurementUnitPrice": 12.28,
      "measurementUnit": "K",
      "isRedPrice": false,
      "pricePerUOM": 12.28,
      "activationDate": "21-03-2024",
      "recordSource": "Offline",
      "isPromoActive": "N",
      "priceChangeCode": "L"
    },
    "isAvailable": true,
    "isPriceAvailable": true,
    "inPromo": false,
    "gtin": [
      "03608580125419"
    ],
    "topCategoryName": "Brood/Ontbijt",
    "topCategoryId": "124",
    "businessDomain": "RETAIL_BE",
    "IsPrivateLabel": false,
    "IsBiffe": false,
    "WeightconversionFactor": "0",
    "IsWeightArticle": false,
    "nutriscoreLabel": "C",
    "IsBio": false,
    "CountryOfOrigin": "FRANKRIJK",
    "IsExclusivelySoldInLuxembourg": false,
    "OrderUnit": "P",
    "ShortName": "BONN PINDAKAAS 325G",
    "IsNew": false,
    "RecentQuanityOfStockUnits": "1",
    "LongName": "BONNE MAMAN pindakaas 325g",
    "FicCode": "E"
  },
  {
    "productId": "805746",
    "technicalArticleNumber": "4623720",
    "commercialArticleNumber": "3505",
    "name": "crunchy chocolade",
    "description": "*Geroosterde havervlok.\nmet pure chocolade\nen hazelnoten\n*100% belgisch",
    "brand": "BAMBOO",
    "seoBrand": "Bamboo",
    "thumbNail": "https://static.colruytgroup.com/images/200x200/std.lang.all/13/77/asset-2851377.jpg",
    "fullImage": "https://static.colruytgroup.com/images/500x500/std.lang.all/13/77/asset-2851377.jpg",
    "squareImage": "https://static.colruytgroup.com/images/500x500sq/std.lang.all/13/77/asset-2851377.jpg",
    "content": "500g",
    "walkRouteSequenceNumber": 17480,
    "price": {
      "basicPrice": 6.65,
      "recommendedQuantity": "1.0",
      "measurementUnitPrice": 13.3,
      "measurementUnit": "K",
      "isRedPrice": false,
      "pricePerUOM": 13.3,
      "activationDate": "07-11-2023",
      "recordSource": "Offline",
      "isPromoActive": "N",
      "priceChangeCode": "E"
    },
    "isAvailable": true,
    "isPriceAvailable": true,
    "inPromo": false,
    "gtin": [
      "55430000992270",
      "05430000992336"
    ],
    "topCategoryName": "Brood/Ontbijt",
    "topCategoryId": "124",
    "businessDomain": "RETAIL_BE",
    "IsPrivateLabel": false,
    "IsBiffe": false,
    "WeightconversionFactor": "0",
    "IsWeightArticle": false,
    "nutriscoreLabel": "B",
    "IsBio": false,
    "CountryOfOrigin": "BELGIË",
    "IsExclusivelySoldInLuxembourg": false,
    "OrderUnit": "P",
    "ShortName": "BAMB CRUNCHY CHOCOLA500",
    "IsNew": false,
    "EcoscoreLabel": "B",
    "RecentQuanityOfStockUnits": "1",
    "LongName": "BAMBOO crunchy chocolade 500g",
    "FicCode": "E",
    "EcoscoreValue": "61"
  },
  {
    "productId": "847106",
    "technicalArticleNumber": "4693424",
    "commercialArticleNumber": "15955",
    "name": "gevulde vanillewafels",
    "brand": "BONI",
    "seoBrand": "Boni Selection",
    "thumbNail": "https://static.colruytgroup.com/images/200x200/std.lang.all/58/19/asset-3155819.jpg",
    "fullImage": "https://static.colruytgroup.com/images/500x500/std.lang.all/58/19/asset-3155819.jpg",
    "squareImage": "https://static.colruytgroup.com/images/500x500sq/std.lang.all/58/19/asset-3155819.jpg",
    "content": "6st",
    "walkRouteSequenceNumber": 6106,
    "price": {
      "basicPrice": 4.79,
      "recommendedQuantity": "1.0",
      "measurementUnitPrice": 19.96,
      "measurementUnit": "K",
      "isRedPrice": false,
      "pricePerUOM": 19.96,
      "activationDate": "28-02-2024",
      "isPromoActive": "N",
      "priceChangeCode": "E"
    },
    "isAvailable": true,
    "isPriceAvailable": true,
    "inPromo": false,
    "gtin": [
      "05400141862324",
      "15400141862321"
    ],
    "topCategoryName": "Brood/Ontbijt",
    "topCategoryId": "124",
    "businessDomain": "RETAIL_BE",
    "IsPrivateLabel": true,
    "IsBiffe": false,
    "WeightconversionFactor": "0",
    "IsWeightArticle": false,
    "nutriscoreLabel": "E",
    "IsBio": false,
    "CountryOfOrigin": "BELGIË",
    "IsExclusivelySoldInLuxembourg": false,
    "OrderUnit": "P",
    "ShortName": "BONI GEV.VANILLEWAF.6ST",
    "IsNew": false,
    "EcoscoreLabel": "C",
    "RecentQuanityOfStockUnits": "1",
    "LongName": "BONI gevulde vanillewafels 6st",
    "AlcoholVolume": "0",
    "FicCode": "I",
    "EcoscoreValue": "56"
  },
  {
    "productId": "83264",
    "technicalArticleNumber": "2946065",
    "commercialArticleNumber": "38724",
    "name": "confituur krieken Bio",
    "description": "*50 % vruchten",
    "brand": "PUR NATUR",
    "seoBrand": "Pur Natur",
    "thumbNail": "https://static.colruytgroup.com/images/200x200/std.lang.all/00/46/asset-2620046.jpg",
    "fullImage": "https://static.colruytgroup.com/images/500x500/std.lang.all/00/46/asset-2620046.jpg",
    "squareImage": "https://static.colruytgroup.com/images/500x500sq/std.lang.all/00/46/asset-2620046.jpg",
    "content": "450g",
    "walkRouteSequenceNumber": 17987,
    "price": {
      "basicPrice": 4.48,
      "recommendedQuantity": "1.0",
      "measurementUnitPrice": 9.96,
      "measurementUnit": "K",
      "isRedPrice": false,
      "pricePerUOM": 9.96,
      "activationDate": "10-02-2024",
      "recordSource": "Offline",
      "isPromoActive": "N",
      "priceChangeCode": "H"
    },
    "isAvailable": true,
    "isPriceAvailable": true,
    "inPromo": false,
    "gtin": [
      "05410986132407",
      "05410986073403"
    ],
    "topCategoryName": "Brood/Ontbijt",
    "topCategoryId": "124",
    "businessDomain": "RETAIL_BE",
    "IsPrivateLabel": false,
    "IsBiffe": false,
    "WeightconversionFactor": "0",
    "IsWeightArticle": false,
    "nutriscoreLabel": "D",
    "IsBio": true,
    "CountryOfOrigin": "BELGIË",
    "IsExclusivelySoldInLuxembourg": false,
    "OrderUnit": "P",
    "ShortName": "PN BIO KRIEKEN 450G.",
    "InSeason": true,
    "IsNew": false,
    "EcoscoreLabel": "C",
    "RecentQuanityOfStockUnits": "1",
    "LongName": "PUR NATUR confituur krieken Bio 450g",
    "AlcoholVolume": "0",
    "StartSeasonDate": "20/06/2013",
    "FicCode": "E",
    "EcoscoreValue": "55"
  },
  {
    "productId": "886792",
    "technicalArticleNumber": "4746115",
    "commercialArticleNumber": "32690",
    "name": "Petits Fours 12st",
    "brand": "BONI",
    "seoBrand": "Boni Selection",
    "thumbNail": "https://static.colruytgroup.com/images/200x200/std.lang.all/86/44/asset-3348644.jpg",
    "fullImage": "https://static.colruytgroup.com/images/500x500/std.lang.all/86/44/asset-3348644.jpg",
    "squareImage": "https://static.colruytgroup.com/images/500x500sq/std.lang.all/86/44/asset-3348644.jpg",
    "content": "180g",
    "walkRouteSequenceNumber": 18297,
    "price": {
      "basicPrice": 4.99,
      "recommendedQuantity": "1.0",
      "measurementUnitPrice": 27.73,
      "measurementUnit": "K",
      "isRedPrice": false,
      "pricePerUOM": 27.73,
      "activationDate": "17-01-2024",
      "isPromoActive": "N",
      "priceChangeCode": "H"
    },
    "isAvailable": true,
    "isPriceAvailable": true,
    "inPromo": false,
    "gtin": [
      "05400141756531"
    ],
    "topCategoryName": "Brood/Ontbijt",
    "topCategoryId": "124",
    "businessDomain": "RETAIL_BE",
    "IsPrivateLabel": true,
    "IsBiffe": false,
    "WeightconversionFactor": "0",
    "IsWeightArticle": false,
    "nutriscoreLabel": "E",
    "IsBio": false,
    "CountryOfOrigin": "BELGIË",
    "IsExclusivelySoldInLuxembourg": false,
    "OrderUnit": "P",
    "ShortName": "BONI PETITS FOURS 180G",
    "IsNew": false,
    "EcoscoreLabel": "B",
    "RecentQuanityOfStockUnits": "1",
    "LongName": "BONI Petits Fours 12st 180g",
    "FicCode": "I",
    "EcoscoreValue": "64"
  },
  {
    "productId": "719554",
    "technicalArticleNumber": "4468548",
    "commercialArticleNumber": "26956",
    "name": "Dark Chocolate",
    "brand": "NESTLÉ FITNESS",
    "seoBrand": "Nestlé Fitness",
    "thumbNail": "https://static.colruytgroup.com/images/200x200/std.lang.all/74/55/asset-2657455.jpg",
    "fullImage": "https://static.colruytgroup.com/images/500x500/std.lang.all/74/55/asset-2657455.jpg",
    "squareImage": "https://static.colruytgroup.com/images/500x500sq/std.lang.all/74/55/asset-2657455.jpg",
    "content": "450g",
    "walkRouteSequenceNumber": 17542,
    "price": {
      "basicPrice": 5.5,
      "recommendedQuantity": "1.0",
      "measurementUnitPrice": 12.23,
      "measurementUnit": "K",
      "isRedPrice": false,
      "pricePerUOM": 12.23,
      "activationDate": "17-02-2024",
      "recordSource": "Offline",
      "isPromoActive": "N",
      "priceChangeCode": "E"
    },
    "isAvailable": true,
    "isPriceAvailable": true,
    "inPromo": false,
    "gtin": [
      "07613287514271",
      "07613287742889",
      "25400141905773"
    ],
    "topCategoryName": "Brood/Ontbijt",
    "topCategoryId": "124",
    "businessDomain": "RETAIL_BE",
    "IsPrivateLabel": false,
    "IsBiffe": false,
    "WeightconversionFactor": "0",
    "IsWeightArticle": false,
    "nutriscoreLabel": "C",
    "IsBio": false,
    "CountryOfOrigin": "FRANKRIJK",
    "IsExclusivelySoldInLuxembourg": false,
    "OrderUnit": "P",
    "ShortName": "FITN DARK CHOCOLAT 450G",
    "IsNew": false,
    "RecentQuanityOfStockUnits": "1,2",
    "LongName": "NESTLÉ FITNESS Dark Chocolate 450g",
    "FicCode": "E"
  },
  {
    "productId": "859254",
    "technicalArticleNumber": "4709658",
    "commercialArticleNumber": "31818",
    "name": "cac&haz.pasta z.melk Bio",
    "description": "*Hazelnootpasta met cacao\n*Zonder melk\n*Met zonnebloemolie",
    "brand": "NOCCIOLATA",
    "seoBrand": "Nocciolata",
    "thumbNail": "https://static.colruytgroup.com/images/200x200/std.lang.all/22/01/asset-3182201.jpg",
    "fullImage": "https://static.colruytgroup.com/images/500x500/std.lang.all/22/01/asset-3182201.jpg",
    "squareImage": "https://static.colruytgroup.com/images/500x500sq/std.lang.all/22/01/asset-3182201.jpg",
    "content": "325g",
    "walkRouteSequenceNumber": 17661,
    "price": {
      "basicPrice": 5.49,
      "recommendedQuantity": "1.0",
      "measurementUnitPrice": 16.9,
      "measurementUnit": "K",
      "isRedPrice": false,
      "pricePerUOM": 16.9,
      "activationDate": "14-02-2024",
      "recordSource": "Offline",
      "isPromoActive": "N",
      "priceChangeCode": "E"
    },
    "isAvailable": true,
    "isPriceAvailable": true,
    "inPromo": false,
    "gtin": [
      "08052575090407",
      "08052575090483"
    ],
    "topCategoryName": "Brood/Ontbijt",
    "topCategoryId": "124",
    "businessDomain": "RETAIL_BE",
    "IsPrivateLabel": false,
    "IsBiffe": false,
    "WeightconversionFactor": "0",
    "IsWeightArticle": false,
    "nutriscoreLabel": "E",
    "IsBio": true,
    "CountryOfOrigin": "ITALIË",
    "IsExclusivelySoldInLuxembourg": false,
    "OrderUnit": "P",
    "ShortName": "NOCC HA.P.Z.MELK BIO325",
    "IsNew": false,
    "EcoscoreLabel": "C",
    "RecentQuanityOfStockUnits": "1",
    "LongName": "NOCCIOLATA cac&haz.pasta z.melk Bio 325g",
    "FicCode": "E",
    "EcoscoreValue": "45"
  },
  {
    "productId": "11923",
    "technicalArticleNumber": "1391463",
    "commercialArticleNumber": "16336",
    "name": "conf. nectarine-frambozen",
    "description": "*50 % vruchten",
    "brand": "MATERNE",
    "seoBrand": "Materne",
    "thumbNail": "https://static.colruytgroup.com/images/200x200/nl_be/25/33/asset-2732533.jpg",
    "fullImage": "https://static.colruytgroup.com/images/500x500/nl_be/25/33/asset-2732533.jpg",
    "squareImage": "https://static.colruytgroup.com/images/500x500sq/nl_be/25/33/asset-2732533.jpg",
    "content": "450g",
    "walkRouteSequenceNumber": 17940,
    "price": {
      "basicPrice": 4,
      "recommendedQuantity": "1.0",
      "measurementUnitPrice": 8.89,
      "measurementUnit": "K",
      "isRedPrice": false,
      "pricePerUOM": 8.89,
      "activationDate": "19-03-2024",
      "recordSource": "Offline",
      "isPromoActive": "N",
      "priceChangeCode": "H"
    },
    "isAvailable": true,
    "isPriceAvailable": true,
    "inPromo": false,
    "gtin": [
      "05410046000196",
      "05410046804398"
    ],
    "topCategoryName": "Brood/Ontbijt",
    "topCategoryId": "124",
    "businessDomain": "RETAIL_BE",
    "IsPrivateLabel": false,
    "IsBiffe": false,
    "WeightconversionFactor": "0",
    "IsWeightArticle": false,
    "nutriscoreLabel": "D",
    "IsBio": false,
    "CountryOfOrigin": "BELGIË",
    "IsExclusivelySoldInLuxembourg": false,
    "OrderUnit": "P",
    "ShortName": "MATERNE NECT FRAMB 450G",
    "IsNew": false,
    "RecentQuanityOfStockUnits": "1",
    "LongName": "MATERNE conf. nectarine-frambozen 450g",
    "AlcoholVolume": "0",
    "FicCode": "E"
  },
  {
    "productId": "113414",
    "technicalArticleNumber": "3046431",
    "commercialArticleNumber": "17596",
    "name": "marmelade sinaasappel",
    "description": "*30 % vruchten",
    "brand": "ROBERTSON'S",
    "seoBrand": "Robertson's",
    "thumbNail": "https://static.colruytgroup.com/images/200x200/std.lang.all/71/29/asset-1467129.jpg",
    "fullImage": "https://static.colruytgroup.com/images/500x500/std.lang.all/71/29/asset-1467129.jpg",
    "squareImage": "https://static.colruytgroup.com/images/500x500sq/std.lang.all/71/29/asset-1467129.jpg",
    "content": "340g",
    "walkRouteSequenceNumber": 17926,
    "price": {
      "basicPrice": 3.25,
      "recommendedQuantity": "1.0",
      "measurementUnitPrice": 9.56,
      "measurementUnit": "K",
      "isRedPrice": false,
      "pricePerUOM": 9.56,
      "activationDate": "17-02-2024",
      "recordSource": "Offline",
      "isPromoActive": "N",
      "priceChangeCode": "E"
    },
    "isAvailable": true,
    "isPriceAvailable": true,
    "inPromo": false,
    "gtin": [
      "05035660249273",
      "00000050172061"
    ],
    "topCategoryName": "Brood/Ontbijt",
    "topCategoryId": "124",
    "businessDomain": "RETAIL_BE",
    "IsPrivateLabel": false,
    "IsBiffe": false,
    "WeightconversionFactor": "0",
    "IsWeightArticle": false,
    "nutriscoreLabel": "D",
    "IsBio": false,
    "CountryOfOrigin": "VERENIGD KONINKRIJK",
    "IsExclusivelySoldInLuxembourg": false,
    "OrderUnit": "P",
    "ShortName": "ROB SINAAS.MARMEL 340G",
    "IsNew": false,
    "EcoscoreLabel": "B",
    "RecentQuanityOfStockUnits": "1",
    "LongName": "ROBERTSON'S marmelade sinaasappel 340g",
    "AlcoholVolume": "0",
    "FicCode": "E",
    "EcoscoreValue": "72"
  },
  {
    "productId": "243796",
    "technicalArticleNumber": "3519723",
    "commercialArticleNumber": "12313",
    "name": "bio mini rijstw.blauwe bes",
    "description": "*Koekjes\n*Vanaf 10 maanden",
    "brand": "GOOD GOUT",
    "seoBrand": "Good Goût",
    "thumbNail": "https://static.colruytgroup.com/images/200x200/std.lang.all/79/30/asset-927930.jpg",
    "fullImage": "https://static.colruytgroup.com/images/500x500/std.lang.all/79/30/asset-927930.jpg",
    "squareImage": "https://static.colruytgroup.com/images/500x500sq/std.lang.all/79/30/asset-927930.jpg",
    "content": "40g",
    "walkRouteSequenceNumber": 15851,
    "price": {
      "basicPrice": 2.29,
      "recommendedQuantity": "1.0",
      "measurementUnitPrice": 57.25,
      "measurementUnit": "K",
      "isRedPrice": false,
      "pricePerUOM": 57.25,
      "activationDate": "08-02-2024",
      "isPromoActive": "N",
      "priceChangeCode": "H"
    },
    "isAvailable": true,
    "isPriceAvailable": true,
    "inPromo": false,
    "gtin": [
      "03770002327685",
      "13770002327682"
    ],
    "topCategoryName": "Brood/Ontbijt",
    "topCategoryId": "124",
    "businessDomain": "RETAIL_BE",
    "IsPrivateLabel": false,
    "IsBiffe": false,
    "WeightconversionFactor": "0",
    "IsWeightArticle": false,
    "IsBio": true,
    "CountryOfOrigin": "NEDERLAND",
    "IsExclusivelySoldInLuxembourg": false,
    "OrderUnit": "P",
    "ShortName": "GOOD RIJST.BE.BIO10M 40",
    "IsNew": false,
    "EcoscoreLabel": "B",
    "RecentQuanityOfStockUnits": "1,10",
    "LongName": "GOOD GOUT bio mini rijstw.blauwe bes 40g",
    "AlcoholVolume": "0",
    "FicCode": "E",
    "EcoscoreValue": "68"
  },
  {
    "productId": "343917",
    "technicalArticleNumber": "3817807",
    "commercialArticleNumber": "16614",
    "name": "romig bloemenhoning",
    "brand": "CHANFLOR",
    "seoBrand": "Chanflor",
    "thumbNail": "https://static.colruytgroup.com/images/200x200/std.lang.all/75/77/asset-2337577.jpg",
    "fullImage": "https://static.colruytgroup.com/images/500x500/std.lang.all/75/77/asset-2337577.jpg",
    "squareImage": "https://static.colruytgroup.com/images/500x500sq/std.lang.all/75/77/asset-2337577.jpg",
    "content": "500g",
    "walkRouteSequenceNumber": 18006,
    "price": {
      "basicPrice": 5.99,
      "recommendedQuantity": "1.0",
      "measurementUnitPrice": 11.98,
      "measurementUnit": "K",
      "isRedPrice": false,
      "pricePerUOM": 11.98,
      "activationDate": "03-01-2024",
      "isPromoActive": "N",
      "priceChangeCode": "L"
    },
    "isAvailable": true,
    "isPriceAvailable": true,
    "inPromo": true,
    "promotion": [
      {
        "techPromoId": "100875COLR",
        "promotionId": "100875",
        "promotionType": "3",
        "isPersonalized": "N",
        "publicationStartDate": "13-03-2024",
        "publicationEndDate": "26-03-2024"
      }
    ],
    "gtin": [
      "15411536721369",
      "05411536721362"
    ],
    "topCategoryName": "Brood/Ontbijt",
    "topCategoryId": "124",
    "businessDomain": "RETAIL_BE",
    "IsPrivateLabel": false,
    "IsBiffe": false,
    "WeightconversionFactor": "0",
    "IsWeightArticle": false,
    "nutriscoreLabel": "D",
    "IsBio": false,
    "CountryOfOrigin": "BELGIË",
    "IsExclusivelySoldInLuxembourg": false,
    "OrderUnit": "P",
    "ShortName": "CHAN RO BL.HONING 500G",
    "InSeason": true,
    "IsNew": false,
    "EcoscoreLabel": "B",
    "RecentQuanityOfStockUnits": "1",
    "LongName": "CHANFLOR romig bloemenhoning 500g",
    "AlcoholVolume": "0",
    "StartSeasonDate": "28/11/2019",
    "FicCode": "E",
    "EcoscoreValue": "72"
  },
  {
    "productId": "186203",
    "technicalArticleNumber": "3459991",
    "commercialArticleNumber": "50300",
    "name": "speculoos",
    "brand": "LOTUS",
    "seoBrand": "Lotus",
    "thumbNail": "https://static.colruytgroup.com/images/200x200/std.lang.all/23/61/asset-1592361.jpg",
    "fullImage": "https://static.colruytgroup.com/images/500x500/std.lang.all/23/61/asset-1592361.jpg",
    "squareImage": "https://static.colruytgroup.com/images/500x500sq/std.lang.all/23/61/asset-1592361.jpg",
    "content": "2,5kg",
    "walkRouteSequenceNumber": 2118,
    "price": {
      "basicPrice": 22.5,
      "recommendedQuantity": "1.0",
      "measurementUnitPrice": 9,
      "measurementUnit": "K",
      "isRedPrice": false,
      "pricePerUOM": 9,
      "activationDate": "07-03-2024",
      "isPromoActive": "N",
      "priceChangeCode": "H"
    },
    "isAvailable": true,
    "isPriceAvailable": true,
    "inPromo": false,
    "gtin": [
      "05410126006193"
    ],
    "topCategoryName": "Brood/Ontbijt",
    "topCategoryId": "124",
    "businessDomain": "RETAIL_BE",
    "IsPrivateLabel": false,
    "IsBiffe": false,
    "WeightconversionFactor": "0",
    "IsWeightArticle": false,
    "nutriscoreLabel": "E",
    "IsBio": false,
    "CountryOfOrigin": "BELGIË",
    "IsExclusivelySoldInLuxembourg": false,
    "OrderUnit": "P",
    "ShortName": "HC LOTU SPECU.400S 2.5K",
    "IsNew": false,
    "RecentQuanityOfStockUnits": "1",
    "LongName": "LOTUS speculoos 2,5kg",
    "AlcoholVolume": "0",
    "FicCode": "E"
  },
  {
    "productId": "329243",
    "technicalArticleNumber": "3808191",
    "commercialArticleNumber": "51195",
    "name": "bio honing Squeeze",
    "description": "*Vloeibaar",
    "brand": "MELI",
    "seoBrand": "Meli",
    "thumbNail": "https://static.colruytgroup.com/images/200x200/std.lang.all/55/06/asset-1475506.jpg",
    "fullImage": "https://static.colruytgroup.com/images/500x500/std.lang.all/55/06/asset-1475506.jpg",
    "squareImage": "https://static.colruytgroup.com/images/500x500sq/std.lang.all/55/06/asset-1475506.jpg",
    "content": "250g",
    "walkRouteSequenceNumber": 18000,
    "price": {
      "basicPrice": 4.52,
      "recommendedQuantity": "1.0",
      "measurementUnitPrice": 18.08,
      "measurementUnit": "K",
      "isRedPrice": false,
      "pricePerUOM": 18.08,
      "activationDate": "21-03-2024",
      "recordSource": "Folder",
      "isPromoActive": "N",
      "priceChangeCode": "L"
    },
    "isAvailable": true,
    "isPriceAvailable": true,
    "inPromo": true,
    "promotion": [
      {
        "techPromoId": "100875COLR",
        "promotionId": "100875",
        "promotionType": "3",
        "isPersonalized": "N",
        "publicationStartDate": "13-03-2024",
        "publicationEndDate": "26-03-2024"
      }
    ],
    "gtin": [
      "05410038205325",
      "15410038205322"
    ],
    "topCategoryName": "Brood/Ontbijt",
    "topCategoryId": "124",
    "businessDomain": "RETAIL_BE",
    "IsPrivateLabel": false,
    "IsBiffe": false,
    "WeightconversionFactor": "0",
    "IsWeightArticle": false,
    "nutriscoreLabel": "D",
    "IsBio": true,
    "CountryOfOrigin": "BELGIË",
    "IsExclusivelySoldInLuxembourg": false,
    "OrderUnit": "P",
    "ShortName": "MELI BIO HONING SQ 250G",
    "IsNew": false,
    "EcoscoreLabel": "B",
    "RecentQuanityOfStockUnits": "1,8",
    "LongName": "MELI bio honing Squeeze 250g",
    "AlcoholVolume": "0",
    "FicCode": "E",
    "EcoscoreValue": "79"
  },
  {
    "productId": "853780",
    "technicalArticleNumber": "4702404",
    "commercialArticleNumber": "31205",
    "name": "Honey & Peanuts",
    "description": "*Ontbijtgranen\n*Ovengeroosterde\n*Maisvlokken met\npindanoten en honing",
    "brand": "KELLOGG'S FROSTIES",
    "seoBrand": "Kellogg's",
    "thumbNail": "https://static.colruytgroup.com/images/200x200/std.lang.all/82/33/asset-3178233.jpg",
    "fullImage": "https://static.colruytgroup.com/images/500x500/std.lang.all/82/33/asset-3178233.jpg",
    "squareImage": "https://static.colruytgroup.com/images/500x500sq/std.lang.all/82/33/asset-3178233.jpg",
    "content": "375g",
    "walkRouteSequenceNumber": 17252,
    "price": {
      "basicPrice": 3.99,
      "recommendedQuantity": "1.0",
      "measurementUnitPrice": 10.64,
      "measurementUnit": "K",
      "isRedPrice": false,
      "pricePerUOM": 10.64,
      "activationDate": "29-02-2024",
      "recordSource": "Offline",
      "isPromoActive": "N",
      "priceChangeCode": "E"
    },
    "isAvailable": true,
    "isPriceAvailable": true,
    "inPromo": false,
    "gtin": [
      "05059319021621",
      "05059319021614"
    ],
    "topCategoryName": "Brood/Ontbijt",
    "topCategoryId": "124",
    "businessDomain": "RETAIL_BE",
    "IsPrivateLabel": false,
    "IsBiffe": false,
    "WeightconversionFactor": "0",
    "IsWeightArticle": false,
    "nutriscoreLabel": "D",
    "IsBio": false,
    "CountryOfOrigin": "VERENIGD KONINKRIJK",
    "IsExclusivelySoldInLuxembourg": false,
    "OrderUnit": "P",
    "ShortName": "KELL FROST.HON&PEA 375G",
    "IsNew": false,
    "RecentQuanityOfStockUnits": "1",
    "LongName": "KELLOGG'S FROSTIES Honey & Peanuts 375g",
    "AlcoholVolume": "0",
    "FicCode": "E"
  },
  {
    "productId": "15037",
    "technicalArticleNumber": "1426198",
    "commercialArticleNumber": "10717",
    "name": "Fette Croccanti lv glutenvrij",
    "description": "*Lactosevrij\n*Glutenvrij\n*Knäckerbrood",
    "brand": "SCHÄR",
    "seoBrand": "Schär",
    "thumbNail": "https://static.colruytgroup.com/images/200x200/std.lang.all/39/52/asset-2393952.jpg",
    "fullImage": "https://static.colruytgroup.com/images/500x500/std.lang.all/39/52/asset-2393952.jpg",
    "squareImage": "https://static.colruytgroup.com/images/500x500sq/std.lang.all/39/52/asset-2393952.jpg",
    "content": "150g",
    "walkRouteSequenceNumber": 17013,
    "price": {
      "basicPrice": 2.1,
      "recommendedQuantity": "1.0",
      "measurementUnitPrice": 14,
      "measurementUnit": "K",
      "isRedPrice": false,
      "pricePerUOM": 14,
      "activationDate": "26-01-2024",
      "recordSource": "Online",
      "isPromoActive": "N",
      "priceChangeCode": "L"
    },
    "isAvailable": true,
    "isPriceAvailable": true,
    "inPromo": false,
    "gtin": [
      "08008698007303",
      "08008698012932"
    ],
    "topCategoryName": "Brood/Ontbijt",
    "topCategoryId": "124",
    "businessDomain": "RETAIL_BE",
    "IsPrivateLabel": false,
    "IsBiffe": false,
    "WeightconversionFactor": "0",
    "IsWeightArticle": false,
    "nutriscoreLabel": "D",
    "IsBio": false,
    "CountryOfOrigin": "SPANJE",
    "IsExclusivelySoldInLuxembourg": false,
    "OrderUnit": "P",
    "ShortName": "SCHAR FET.CROC.GV 150G",
    "IsNew": false,
    "EcoscoreLabel": "B",
    "RecentQuanityOfStockUnits": "1,6",
    "LongName": "SCHÄR Fette Croccanti lv glutenvrij 150g",
    "AlcoholVolume": "0",
    "FicCode": "E",
    "EcoscoreValue": "75"
  },
  {
    "productId": "508685",
    "technicalArticleNumber": "4090140",
    "commercialArticleNumber": "8052",
    "name": "crackers gv lv",
    "description": "*Glutenvrij\n*Lactosevrij",
    "brand": "SCHÄR",
    "seoBrand": "Schär",
    "thumbNail": "https://static.colruytgroup.com/images/200x200/std.lang.all/66/42/asset-2396642.jpg",
    "fullImage": "https://static.colruytgroup.com/images/500x500/std.lang.all/66/42/asset-2396642.jpg",
    "squareImage": "https://static.colruytgroup.com/images/500x500sq/std.lang.all/66/42/asset-2396642.jpg",
    "content": "210g",
    "walkRouteSequenceNumber": 17015,
    "price": {
      "basicPrice": 3.29,
      "recommendedQuantity": "1.0",
      "measurementUnitPrice": 15.67,
      "measurementUnit": "K",
      "isRedPrice": false,
      "pricePerUOM": 15.67,
      "activationDate": "22-03-2024",
      "recordSource": "Offline",
      "isPromoActive": "N",
      "priceChangeCode": "L"
    },
    "isAvailable": true,
    "isPriceAvailable": true,
    "inPromo": false,
    "gtin": [
      "08008698003503",
      "08008698016039",
      "08008698041642"
    ],
    "topCategoryName": "Brood/Ontbijt",
    "topCategoryId": "124",
    "businessDomain": "RETAIL_BE",
    "IsPrivateLabel": false,
    "IsBiffe": false,
    "WeightconversionFactor": "0",
    "IsWeightArticle": false,
    "nutriscoreLabel": "D",
    "IsBio": false,
    "CountryOfOrigin": "ITALIË",
    "IsExclusivelySoldInLuxembourg": false,
    "OrderUnit": "P",
    "ShortName": "SCHA CRACKERS GV LV210G",
    "IsNew": false,
    "EcoscoreLabel": "C",
    "RecentQuanityOfStockUnits": "1",
    "LongName": "SCHÄR crackers gv lv 210g",
    "FicCode": "E",
    "EcoscoreValue": "43"
  },
  {
    "productId": "191121",
    "technicalArticleNumber": "3449975",
    "commercialArticleNumber": "50210",
    "name": "confituur vijgen",
    "brand": "MATERNE",
    "seoBrand": "Materne",
    "thumbNail": "https://static.colruytgroup.com/images/200x200/nl_be/84/79/asset-3158479.jpg",
    "fullImage": "https://static.colruytgroup.com/images/500x500/nl_be/84/79/asset-3158479.jpg",
    "squareImage": "https://static.colruytgroup.com/images/500x500sq/nl_be/84/79/asset-3158479.jpg",
    "content": "450g",
    "walkRouteSequenceNumber": 17939,
    "price": {
      "basicPrice": 3.59,
      "recommendedQuantity": "1.0",
      "measurementUnitPrice": 7.98,
      "measurementUnit": "K",
      "isRedPrice": false,
      "pricePerUOM": 7.98,
      "activationDate": "25-04-2023",
      "isPromoActive": "N",
      "priceChangeCode": "H"
    },
    "isAvailable": true,
    "isPriceAvailable": true,
    "inPromo": false,
    "gtin": [
      "05410046000028",
      "05410046804411"
    ],
    "topCategoryName": "Brood/Ontbijt",
    "topCategoryId": "124",
    "businessDomain": "RETAIL_BE",
    "IsPrivateLabel": false,
    "IsBiffe": false,
    "WeightconversionFactor": "0",
    "IsWeightArticle": false,
    "nutriscoreLabel": "D",
    "IsBio": false,
    "CountryOfOrigin": "BELGIË",
    "IsExclusivelySoldInLuxembourg": false,
    "OrderUnit": "P",
    "ShortName": "MATERNE VIJGENCONF 450G",
    "InSeason": true,
    "IsNew": false,
    "RecentQuanityOfStockUnits": "1",
    "LongName": "MATERNE confituur vijgen 450g",
    "AlcoholVolume": "0",
    "StartSeasonDate": "24/10/2018",
    "FicCode": "E"
  },
  {
    "productId": "3729",
    "technicalArticleNumber": "1102937",
    "commercialArticleNumber": "16280",
    "name": "confituur 4 gele vruchten",
    "description": "*50 % vruchten",
    "brand": "MATERNE",
    "seoBrand": "Materne",
    "thumbNail": "https://static.colruytgroup.com/images/200x200/nl_be/82/98/asset-1308298.jpg",
    "fullImage": "https://static.colruytgroup.com/images/500x500/nl_be/82/98/asset-1308298.jpg",
    "squareImage": "https://static.colruytgroup.com/images/500x500sq/nl_be/82/98/asset-1308298.jpg",
    "content": "450g",
    "walkRouteSequenceNumber": 17937,
    "price": {
      "basicPrice": 5.49,
      "recommendedQuantity": "1.0",
      "measurementUnitPrice": 12.2,
      "measurementUnit": "K",
      "isRedPrice": false,
      "pricePerUOM": 12.2,
      "activationDate": "07-03-2024",
      "recordSource": "Offline",
      "isPromoActive": "N",
      "priceChangeCode": "L"
    },
    "isAvailable": true,
    "isPriceAvailable": true,
    "inPromo": false,
    "gtin": [
      "05410046804138",
      "05410046070182"
    ],
    "topCategoryName": "Brood/Ontbijt",
    "topCategoryId": "124",
    "businessDomain": "RETAIL_BE",
    "IsPrivateLabel": false,
    "IsBiffe": false,
    "WeightconversionFactor": "0",
    "IsWeightArticle": false,
    "nutriscoreLabel": "D",
    "IsBio": false,
    "CountryOfOrigin": "BELGIË",
    "IsExclusivelySoldInLuxembourg": false,
    "OrderUnit": "P",
    "ShortName": "MATERNE 4GELE VRUCHT450",
    "InSeason": true,
    "IsNew": false,
    "RecentQuanityOfStockUnits": "1",
    "LongName": "MATERNE confituur 4 gele vruchten 450g",
    "AlcoholVolume": "0",
    "StartSeasonDate": "24/01/2003",
    "FicCode": "E"
  },
  {
    "productId": "156048",
    "technicalArticleNumber": "3290139",
    "commercialArticleNumber": "2318",
    "name": "confituur ass. cups",
    "description": "*50 % vruchten\n*Assortiment: kriek,\n4 vruchten, aardbei,\nabrikoos",
    "brand": "GOURMET",
    "seoBrand": "Gourmet",
    "thumbNail": "https://static.colruytgroup.com/images/200x200/std.lang.all/93/23/asset-579323.jpg",
    "fullImage": "https://static.colruytgroup.com/images/500x500/std.lang.all/93/23/asset-579323.jpg",
    "squareImage": "https://static.colruytgroup.com/images/500x500sq/std.lang.all/93/23/asset-579323.jpg",
    "content": "20x25g",
    "walkRouteSequenceNumber": 17922,
    "price": {
      "basicPrice": 5.49,
      "recommendedQuantity": "1.0",
      "measurementUnitPrice": 10.98,
      "measurementUnit": "K",
      "isRedPrice": false,
      "pricePerUOM": 10.98,
      "activationDate": "02-11-2023",
      "isPromoActive": "N",
      "priceChangeCode": "E"
    },
    "isAvailable": true,
    "isPriceAvailable": true,
    "inPromo": false,
    "gtin": [
      "05410018797345",
      "05410018797369"
    ],
    "topCategoryName": "Brood/Ontbijt",
    "topCategoryId": "124",
    "businessDomain": "RETAIL_BE",
    "IsPrivateLabel": false,
    "IsBiffe": false,
    "WeightconversionFactor": "0",
    "IsWeightArticle": false,
    "nutriscoreLabel": "D",
    "IsBio": false,
    "CountryOfOrigin": "EUROPA",
    "IsExclusivelySoldInLuxembourg": false,
    "OrderUnit": "P",
    "ShortName": "HC GOUR CONFITUUR20X25G",
    "IsNew": false,
    "EcoscoreLabel": "E",
    "RecentQuanityOfStockUnits": "1,5",
    "LongName": "GOURMET confituur ass. cups 20x25g",
    "AlcoholVolume": "0",
    "FicCode": "E",
    "EcoscoreValue": "19"
  },
  {
    "productId": "520252",
    "technicalArticleNumber": "4103622",
    "commercialArticleNumber": "8517",
    "name": "melk pasta suiker arm",
    "brand": "BOERINNEKE",
    "seoBrand": "Boerinneke",
    "thumbNail": "https://static.colruytgroup.com/images/200x200/std.lang.all/26/87/asset-2092687.jpg",
    "fullImage": "https://static.colruytgroup.com/images/500x500/std.lang.all/26/87/asset-2092687.jpg",
    "squareImage": "https://static.colruytgroup.com/images/500x500sq/std.lang.all/26/87/asset-2092687.jpg",
    "content": "400g",
    "walkRouteSequenceNumber": 17623,
    "price": {
      "basicPrice": 4.99,
      "recommendedQuantity": "1.0",
      "measurementUnitPrice": 12.48,
      "measurementUnit": "K",
      "isRedPrice": false,
      "pricePerUOM": 12.48,
      "activationDate": "03-02-2024",
      "recordSource": "Offline",
      "isPromoActive": "N",
      "priceChangeCode": "E"
    },
    "isAvailable": true,
    "isPriceAvailable": true,
    "inPromo": false,
    "gtin": [
      "05411146224055",
      "05411146224048"
    ],
    "topCategoryName": "Brood/Ontbijt",
    "topCategoryId": "124",
    "businessDomain": "RETAIL_BE",
    "IsPrivateLabel": false,
    "IsBiffe": false,
    "WeightconversionFactor": "0",
    "IsWeightArticle": false,
    "nutriscoreLabel": "D",
    "IsBio": false,
    "CountryOfOrigin": "BELGIË",
    "IsExclusivelySoldInLuxembourg": false,
    "OrderUnit": "P",
    "ShortName": "BOER MELK PASTA SA 400G",
    "IsNew": false,
    "EcoscoreLabel": "D",
    "RecentQuanityOfStockUnits": "1",
    "LongName": "BOERINNEKE melk pasta suiker arm 400g",
    "FicCode": "E",
    "EcoscoreValue": "32"
  },
  {
    "productId": "874306",
    "technicalArticleNumber": "4729312",
    "commercialArticleNumber": "32108",
    "name": "reep High Energy banaan",
    "brand": "ISOSTAR",
    "seoBrand": "Isostar",
    "thumbNail": "https://static.colruytgroup.com/images/200x200/std.lang.all/88/03/asset-3278803.jpg",
    "fullImage": "https://static.colruytgroup.com/images/500x500/std.lang.all/88/03/asset-3278803.jpg",
    "squareImage": "https://static.colruytgroup.com/images/500x500sq/std.lang.all/88/03/asset-3278803.jpg",
    "content": "3x40g",
    "walkRouteSequenceNumber": 2198,
    "price": {
      "basicPrice": 3.99,
      "recommendedQuantity": "1.0",
      "measurementUnitPrice": 33.25,
      "measurementUnit": "K",
      "isRedPrice": false,
      "pricePerUOM": 33.25,
      "activationDate": "20-02-2024",
      "recordSource": "Offline",
      "isPromoActive": "N",
      "priceChangeCode": "E"
    },
    "isAvailable": true,
    "isPriceAvailable": true,
    "inPromo": false,
    "gtin": [
      "03175681019331",
      "07612100008171"
    ],
    "topCategoryName": "Brood/Ontbijt",
    "topCategoryId": "124",
    "businessDomain": "RETAIL_BE",
    "IsPrivateLabel": false,
    "IsBiffe": false,
    "WeightconversionFactor": "0",
    "IsWeightArticle": false,
    "nutriscoreLabel": "E",
    "IsBio": false,
    "CountryOfOrigin": "FRANKRIJK",
    "IsExclusivelySoldInLuxembourg": false,
    "OrderUnit": "P",
    "ShortName": "ISOS REEP BANAAN 3X40G",
    "IsNew": false,
    "EcoscoreLabel": "B",
    "RecentQuanityOfStockUnits": "1",
    "LongName": "ISOSTAR reep High Energy banaan 3x40g",
    "AlcoholVolume": "0",
    "FicCode": "E",
    "EcoscoreValue": "63"
  },
  {
    "productId": "884167",
    "technicalArticleNumber": "4742757",
    "commercialArticleNumber": "32457",
    "name": "Bokkenpootjes mix",
    "description": "4x bokkenpootjes\n4x ganache",
    "brand": "BONI",
    "seoBrand": "Boni Selection",
    "thumbNail": "https://static.colruytgroup.com/images/200x200/std.lang.all/33/64/asset-3323364.jpg",
    "fullImage": "https://static.colruytgroup.com/images/500x500/std.lang.all/33/64/asset-3323364.jpg",
    "squareImage": "https://static.colruytgroup.com/images/500x500sq/std.lang.all/33/64/asset-3323364.jpg",
    "content": "165g",
    "walkRouteSequenceNumber": 18299,
    "price": {
      "basicPrice": 4.99,
      "recommendedQuantity": "1.0",
      "measurementUnitPrice": 30.25,
      "measurementUnit": "K",
      "isRedPrice": false,
      "pricePerUOM": 30.25,
      "activationDate": "13-03-2024",
      "recordSource": "Offline",
      "isPromoActive": "N",
      "priceChangeCode": "L"
    },
    "isAvailable": true,
    "isPriceAvailable": true,
    "inPromo": false,
    "gtin": [
      "05400141690859",
      "15400141690856"
    ],
    "topCategoryName": "Brood/Ontbijt",
    "topCategoryId": "124",
    "businessDomain": "RETAIL_BE",
    "IsPrivateLabel": true,
    "IsBiffe": false,
    "WeightconversionFactor": "0",
    "IsWeightArticle": false,
    "nutriscoreLabel": "E",
    "IsBio": false,
    "CountryOfOrigin": "BELGIË",
    "IsExclusivelySoldInLuxembourg": false,
    "OrderUnit": "P",
    "ShortName": "BONI BOKKENPOOT.MIX165G",
    "IsNew": false,
    "EcoscoreLabel": "C",
    "RecentQuanityOfStockUnits": "1",
    "LongName": "BONI Bokkenpootjes mix 165g",
    "FicCode": "I",
    "EcoscoreValue": "44"
  },
  {
    "productId": "240769",
    "technicalArticleNumber": "3530262",
    "commercialArticleNumber": "50669",
    "name": "confituur kersen Maltitol",
    "description": "*50 % fruit\n*Met zoetstoffen",
    "brand": "BONI",
    "seoBrand": "Boni Selection",
    "thumbNail": "https://static.colruytgroup.com/images/200x200/std.lang.all/22/68/asset-1052268.jpg",
    "fullImage": "https://static.colruytgroup.com/images/500x500/std.lang.all/22/68/asset-1052268.jpg",
    "squareImage": "https://static.colruytgroup.com/images/500x500sq/std.lang.all/22/68/asset-1052268.jpg",
    "content": "440g",
    "walkRouteSequenceNumber": 17964,
    "price": {
      "basicPrice": 2.99,
      "recommendedQuantity": "1.0",
      "measurementUnitPrice": 6.8,
      "measurementUnit": "K",
      "isRedPrice": false,
      "pricePerUOM": 6.8,
      "activationDate": "27-02-2024",
      "recordSource": "Offline",
      "isPromoActive": "N",
      "priceChangeCode": "H"
    },
    "isAvailable": true,
    "isPriceAvailable": true,
    "inPromo": false,
    "gtin": [
      "05400141331851",
      "05400141424614",
      "15400141331919",
      "15400141798095"
    ],
    "topCategoryName": "Brood/Ontbijt",
    "topCategoryId": "124",
    "businessDomain": "RETAIL_BE",
    "IsPrivateLabel": true,
    "IsBiffe": false,
    "WeightconversionFactor": "0",
    "IsWeightArticle": false,
    "nutriscoreLabel": "B",
    "IsBio": false,
    "CountryOfOrigin": "BELGIË",
    "IsExclusivelySoldInLuxembourg": false,
    "OrderUnit": "P",
    "ShortName": "BONI KERSCONF.MALT.440G",
    "InSeason": true,
    "IsNew": false,
    "EcoscoreLabel": "B",
    "RecentQuanityOfStockUnits": "1,6",
    "LongName": "BONI confituur kersen Maltitol 440g",
    "AlcoholVolume": "0",
    "StartSeasonDate": "01/02/2022",
    "FicCode": "I",
    "EcoscoreValue": "76"
  },
  {
    "productId": "83265",
    "technicalArticleNumber": "2946072",
    "commercialArticleNumber": "38726",
    "name": "confituur vijgen Bio",
    "description": "*50 % vruchten",
    "brand": "PUR NATUR",
    "seoBrand": "Pur Natur",
    "thumbNail": "https://static.colruytgroup.com/images/200x200/std.lang.all/09/24/asset-2640924.jpg",
    "fullImage": "https://static.colruytgroup.com/images/500x500/std.lang.all/09/24/asset-2640924.jpg",
    "squareImage": "https://static.colruytgroup.com/images/500x500sq/std.lang.all/09/24/asset-2640924.jpg",
    "content": "450g",
    "walkRouteSequenceNumber": 17985,
    "price": {
      "basicPrice": 4.48,
      "recommendedQuantity": "1.0",
      "measurementUnitPrice": 9.96,
      "measurementUnit": "K",
      "isRedPrice": false,
      "pricePerUOM": 9.96,
      "activationDate": "17-02-2024",
      "recordSource": "Offline",
      "isPromoActive": "N",
      "priceChangeCode": "E"
    },
    "isAvailable": true,
    "isPriceAvailable": true,
    "inPromo": false,
    "gtin": [
      "05410986132193",
      "05410986073182"
    ],
    "topCategoryName": "Brood/Ontbijt",
    "topCategoryId": "124",
    "businessDomain": "RETAIL_BE",
    "IsPrivateLabel": false,
    "IsBiffe": false,
    "WeightconversionFactor": "0",
    "IsWeightArticle": false,
    "nutriscoreLabel": "D",
    "IsBio": true,
    "CountryOfOrigin": "BELGIË",
    "IsExclusivelySoldInLuxembourg": false,
    "OrderUnit": "P",
    "ShortName": "PN BIO VIJGEN 450G",
    "IsNew": false,
    "EcoscoreLabel": "A",
    "RecentQuanityOfStockUnits": "1,8",
    "LongName": "PUR NATUR confituur vijgen Bio 450g",
    "AlcoholVolume": "0",
    "FicCode": "E",
    "EcoscoreValue": "89"
  },
  {
    "productId": "689237",
    "technicalArticleNumber": "4414855",
    "commercialArticleNumber": "12931",
    "name": "dark chocolate&fleur de sel",
    "brand": "BAMBOO",
    "seoBrand": "Bamboo",
    "thumbNail": "https://static.colruytgroup.com/images/200x200/std.lang.all/70/66/asset-2787066.jpg",
    "fullImage": "https://static.colruytgroup.com/images/500x500/std.lang.all/70/66/asset-2787066.jpg",
    "squareImage": "https://static.colruytgroup.com/images/500x500sq/std.lang.all/70/66/asset-2787066.jpg",
    "content": "350g",
    "walkRouteSequenceNumber": 17430,
    "price": {
      "basicPrice": 4.99,
      "recommendedQuantity": "1.0",
      "measurementUnitPrice": 14.26,
      "measurementUnit": "K",
      "isRedPrice": false,
      "pricePerUOM": 14.26,
      "activationDate": "07-11-2023",
      "recordSource": "Offline",
      "isPromoActive": "N",
      "priceChangeCode": "E"
    },
    "isAvailable": true,
    "isPriceAvailable": true,
    "inPromo": false,
    "gtin": [
      "35419980021824",
      "05419980021823"
    ],
    "topCategoryName": "Brood/Ontbijt",
    "topCategoryId": "124",
    "businessDomain": "RETAIL_BE",
    "IsPrivateLabel": false,
    "IsBiffe": false,
    "WeightconversionFactor": "0",
    "IsWeightArticle": false,
    "nutriscoreLabel": "C",
    "IsBio": false,
    "CountryOfOrigin": "BELGIË",
    "IsExclusivelySoldInLuxembourg": false,
    "OrderUnit": "P",
    "ShortName": "BAMB D.CHOC&FL.SEL 350G",
    "IsNew": false,
    "EcoscoreLabel": "B",
    "RecentQuanityOfStockUnits": "1",
    "LongName": "BAMBOO dark chocolate&fleur de sel 350g",
    "FicCode": "E",
    "EcoscoreValue": "76"
  },
  {
    "productId": "868705",
    "technicalArticleNumber": "4721980",
    "commercialArticleNumber": "16762",
    "name": "cookie dough protein bar",
    "brand": "JOYFUEL",
    "seoBrand": "Joyfuel",
    "thumbNail": "https://static.colruytgroup.com/images/200x200/std.lang.all/55/26/asset-3215526.jpg",
    "fullImage": "https://static.colruytgroup.com/images/500x500/std.lang.all/55/26/asset-3215526.jpg",
    "squareImage": "https://static.colruytgroup.com/images/500x500sq/std.lang.all/55/26/asset-3215526.jpg",
    "content": "55g",
    "walkRouteSequenceNumber": 2191,
    "price": {
      "basicPrice": 2.95,
      "recommendedQuantity": "1.0",
      "measurementUnitPrice": 53.64,
      "measurementUnit": "K",
      "isRedPrice": false,
      "pricePerUOM": 53.64,
      "activationDate": "13-03-2024",
      "isPromoActive": "Y",
      "priceChangeCode": "E"
    },
    "isAvailable": true,
    "isPriceAvailable": true,
    "inPromo": true,
    "promotion": [
      {
        "techPromoId": "100977COLR",
        "promotionId": "100977",
        "promotionType": "3",
        "isPersonalized": "N",
        "publicationStartDate": "13-03-2024",
        "publicationEndDate": "26-03-2024"
      }
    ],
    "gtin": [
      "03609209004290",
      "03609200011372",
      "03609200011174",
      "03609209004474"
    ],
    "topCategoryName": "Brood/Ontbijt",
    "topCategoryId": "124",
    "businessDomain": "RETAIL_BE",
    "IsPrivateLabel": false,
    "IsBiffe": false,
    "WeightconversionFactor": "0",
    "IsWeightArticle": false,
    "nutriscoreLabel": "D",
    "IsBio": false,
    "CountryOfOrigin": "NEDERLAND",
    "IsExclusivelySoldInLuxembourg": false,
    "OrderUnit": "P",
    "ShortName": "JOYF COOK.DOUGH PR.BA55",
    "IsNew": false,
    "EcoscoreLabel": "D",
    "RecentQuanityOfStockUnits": "1,1,15",
    "LongName": "JOYFUEL cookie dough protein bar 55g",
    "FicCode": "E",
    "EcoscoreValue": "35"
  },
  {
    "productId": "14830",
    "technicalArticleNumber": "1443133",
    "commercialArticleNumber": "8341",
    "name": "volk.mueslikoeken bio",
    "brand": "BILLY'S FARM",
    "seoBrand": "Billy's Farm",
    "thumbNail": "https://static.colruytgroup.com/images/200x200/std.lang.all/92/65/asset-3019265.jpg",
    "fullImage": "https://static.colruytgroup.com/images/500x500/std.lang.all/92/65/asset-3019265.jpg",
    "squareImage": "https://static.colruytgroup.com/images/500x500sq/std.lang.all/92/65/asset-3019265.jpg",
    "content": "250g",
    "walkRouteSequenceNumber": 2322,
    "price": {
      "basicPrice": 2.89,
      "recommendedQuantity": "1.0",
      "measurementUnitPrice": 11.56,
      "measurementUnit": "K",
      "isRedPrice": false,
      "pricePerUOM": 11.56,
      "activationDate": "03-11-2022",
      "isPromoActive": "N",
      "priceChangeCode": "E"
    },
    "isAvailable": true,
    "isPriceAvailable": true,
    "inPromo": false,
    "gtin": [
      "08711753001061",
      "08711753021120"
    ],
    "topCategoryName": "Brood/Ontbijt",
    "topCategoryId": "124",
    "businessDomain": "RETAIL_BE",
    "IsPrivateLabel": false,
    "IsBiffe": false,
    "WeightconversionFactor": "0",
    "IsWeightArticle": false,
    "nutriscoreLabel": "D",
    "IsBio": true,
    "CountryOfOrigin": "NEDERLAND",
    "IsExclusivelySoldInLuxembourg": false,
    "OrderUnit": "P",
    "ShortName": "UB BIO MUESLIKOEK12ST",
    "IsNew": false,
    "EcoscoreLabel": "B",
    "RecentQuanityOfStockUnits": "1",
    "LongName": "BILLY'S FARM volk.mueslikoeken bio 250g",
    "AlcoholVolume": "0",
    "FicCode": "E",
    "EcoscoreValue": "77"
  },
  {
    "productId": "428551",
    "technicalArticleNumber": "3970043",
    "commercialArticleNumber": "3062",
    "name": "assortiment",
    "brand": "NESTLÉ FITNESS",
    "seoBrand": "Nestlé Fitness",
    "thumbNail": "https://static.colruytgroup.com/images/200x200/std.lang.all/44/26/asset-3244426.jpg",
    "fullImage": "https://static.colruytgroup.com/images/500x500/std.lang.all/44/26/asset-3244426.jpg",
    "squareImage": "https://static.colruytgroup.com/images/500x500sq/std.lang.all/44/26/asset-3244426.jpg",
    "content": "6x23,5g",
    "walkRouteSequenceNumber": 2162,
    "price": {
      "basicPrice": 3.9,
      "recommendedQuantity": "1.0",
      "measurementUnitPrice": 27.66,
      "measurementUnit": "K",
      "isRedPrice": false,
      "pricePerUOM": 27.66,
      "activationDate": "18-03-2024",
      "isPromoActive": "Y",
      "priceChangeCode": "H"
    },
    "isAvailable": true,
    "isPriceAvailable": true,
    "inPromo": true,
    "promotion": [
      {
        "techPromoId": "100915COLR",
        "promotionId": "100915",
        "promotionType": "3",
        "isPersonalized": "N",
        "publicationStartDate": "13-03-2024",
        "publicationEndDate": "26-03-2024"
      }
    ],
    "gtin": [
      "05900020030597",
      "05900020030580",
      "05900020030573",
      "05900020030566",
      "05900020044518",
      "05900020033499",
      "05900020033482",
      "05900020041326",
      "05900020041319"
    ],
    "topCategoryName": "Brood/Ontbijt",
    "topCategoryId": "124",
    "businessDomain": "RETAIL_BE",
    "IsPrivateLabel": false,
    "IsBiffe": false,
    "WeightconversionFactor": "0",
    "IsWeightArticle": false,
    "nutriscoreLabel": "B",
    "IsBio": false,
    "CountryOfOrigin": "POLEN",
    "IsExclusivelySoldInLuxembourg": false,
    "OrderUnit": "P",
    "ShortName": "NEST FITN.ASS.6X23.5G",
    "IsNew": false,
    "RecentQuanityOfStockUnits": "1,1,16,1",
    "LongName": "NESTLÉ FITNESS assortiment 6x23,5g",
    "FicCode": "E"
  },
  {
    "productId": "214840",
    "technicalArticleNumber": "3484335",
    "commercialArticleNumber": "20388",
    "description": "*Voltarwewafels",
    "brand": "NESTLÉ GOLDEN GRAHAMS",
    "seoBrand": "Nestlé Golden Grahams",
    "thumbNail": "https://static.colruytgroup.com/images/200x200/std.lang.all/22/58/asset-2732258.jpg",
    "fullImage": "https://static.colruytgroup.com/images/500x500/std.lang.all/22/58/asset-2732258.jpg",
    "squareImage": "https://static.colruytgroup.com/images/500x500sq/std.lang.all/22/58/asset-2732258.jpg",
    "content": "570g",
    "walkRouteSequenceNumber": 17193,
    "price": {
      "basicPrice": 6.99,
      "recommendedQuantity": "1.0",
      "measurementUnitPrice": 12.27,
      "measurementUnit": "K",
      "isRedPrice": false,
      "pricePerUOM": 12.27,
      "activationDate": "07-03-2024",
      "recordSource": "Offline",
      "isPromoActive": "N",
      "priceChangeCode": "H"
    },
    "isAvailable": true,
    "isPriceAvailable": true,
    "inPromo": false,
    "gtin": [
      "07613035449671",
      "07613035449664"
    ],
    "topCategoryName": "Brood/Ontbijt",
    "topCategoryId": "124",
    "businessDomain": "RETAIL_BE",
    "IsPrivateLabel": false,
    "IsBiffe": false,
    "WeightconversionFactor": "0",
    "IsWeightArticle": false,
    "nutriscoreLabel": "C",
    "IsBio": false,
    "CountryOfOrigin": "FRANKRIJK",
    "IsExclusivelySoldInLuxembourg": false,
    "OrderUnit": "P",
    "ShortName": "NESTLE GOLD.GRAHAM 570G",
    "IsNew": false,
    "RecentQuanityOfStockUnits": "1",
    "LongName": "NESTLÉ GOLDEN GRAHAMS 570g",
    "AlcoholVolume": "0",
    "FicCode": "E"
  },
  {
    "productId": "1084",
    "technicalArticleNumber": "16112",
    "commercialArticleNumber": "16112",
    "name": "vlokken melkchocolade",
    "brand": "KWATTA",
    "seoBrand": "Kwatta",
    "thumbNail": "https://static.colruytgroup.com/images/200x200/std.lang.all/50/89/asset-2495089.jpg",
    "fullImage": "https://static.colruytgroup.com/images/500x500/std.lang.all/50/89/asset-2495089.jpg",
    "squareImage": "https://static.colruytgroup.com/images/500x500sq/std.lang.all/50/89/asset-2495089.jpg",
    "content": "200g",
    "walkRouteSequenceNumber": 17884,
    "price": {
      "basicPrice": 4.99,
      "recommendedQuantity": "2.0",
      "measurementUnitPrice": 24.95,
      "measurementUnit": "K",
      "isRedPrice": false,
      "pricePerUOM": 24.95,
      "activationDate": "06-03-2024",
      "recordSource": "Offline",
      "isPromoActive": "N",
      "priceChangeCode": "H"
    },
    "isAvailable": true,
    "isPriceAvailable": true,
    "inPromo": false,
    "gtin": [
      "05400141024487",
      "05410018970212",
      "05410018970410",
      "08715700119526",
      "08715700119212"
    ],
    "topCategoryName": "Brood/Ontbijt",
    "topCategoryId": "124",
    "businessDomain": "RETAIL_BE",
    "IsPrivateLabel": false,
    "IsBiffe": false,
    "WeightconversionFactor": "0",
    "IsWeightArticle": false,
    "nutriscoreLabel": "E",
    "IsBio": false,
    "CountryOfOrigin": "EUROPA",
    "IsExclusivelySoldInLuxembourg": false,
    "OrderUnit": "P",
    "ShortName": "KWATTA VLOKKEN MELK200G",
    "IsNew": false,
    "EcoscoreLabel": "D",
    "RecentQuanityOfStockUnits": "1,2",
    "LongName": "KWATTA vlokken melkchocolade 200g",
    "AlcoholVolume": "0",
    "FicCode": "E",
    "EcoscoreValue": "22"
  },
  {
    "productId": "765642",
    "technicalArticleNumber": "4548478",
    "commercialArticleNumber": "10291",
    "name": "w.chocol.vitamin&protein bar",
    "brand": "FULFIL",
    "seoBrand": "Fulfil",
    "thumbNail": "https://static.colruytgroup.com/images/200x200/std.lang.all/91/64/asset-2709164.jpg",
    "fullImage": "https://static.colruytgroup.com/images/500x500/std.lang.all/91/64/asset-2709164.jpg",
    "squareImage": "https://static.colruytgroup.com/images/500x500sq/std.lang.all/91/64/asset-2709164.jpg",
    "content": "55g",
    "walkRouteSequenceNumber": 2187,
    "price": {
      "basicPrice": 2.99,
      "recommendedQuantity": "1.0",
      "measurementUnitPrice": 54.37,
      "measurementUnit": "K",
      "isRedPrice": false,
      "pricePerUOM": 54.37,
      "activationDate": "23-03-2024",
      "isPromoActive": "N",
      "priceChangeCode": "L"
    },
    "isAvailable": true,
    "isPriceAvailable": true,
    "inPromo": false,
    "gtin": [
      "05390691017995",
      "05390691018008",
      "05391532122434"
    ],
    "topCategoryName": "Brood/Ontbijt",
    "topCategoryId": "124",
    "businessDomain": "RETAIL_BE",
    "IsPrivateLabel": false,
    "IsBiffe": false,
    "WeightconversionFactor": "0",
    "IsWeightArticle": false,
    "nutriscoreLabel": "D",
    "IsBio": false,
    "CountryOfOrigin": "NEDERLAND",
    "IsExclusivelySoldInLuxembourg": false,
    "OrderUnit": "P",
    "ShortName": "FULF PR.BAR WIT.CHOC55G",
    "IsNew": false,
    "EcoscoreLabel": "D",
    "RecentQuanityOfStockUnits": "1,15",
    "LongName": "FULFIL w.chocol.vitamin&protein bar 55g",
    "FicCode": "E",
    "EcoscoreValue": "35"
  },
  {
    "productId": "493177",
    "technicalArticleNumber": "4040645",
    "commercialArticleNumber": "5972",
    "name": "granola kokosnoot glutenvrij",
    "description": "*Glutenvrij",
    "brand": "BONI",
    "seoBrand": "Boni Selection",
    "thumbNail": "https://static.colruytgroup.com/images/200x200/std.lang.all/69/26/asset-1926926.jpg",
    "fullImage": "https://static.colruytgroup.com/images/500x500/std.lang.all/69/26/asset-1926926.jpg",
    "squareImage": "https://static.colruytgroup.com/images/500x500sq/std.lang.all/69/26/asset-1926926.jpg",
    "content": "340g",
    "walkRouteSequenceNumber": 17428,
    "price": {
      "basicPrice": 4.19,
      "recommendedQuantity": "1.0",
      "measurementUnitPrice": 12.33,
      "measurementUnit": "K",
      "isRedPrice": false,
      "pricePerUOM": 12.33,
      "activationDate": "10-11-2022",
      "isPromoActive": "N",
      "priceChangeCode": "E"
    },
    "isAvailable": true,
    "isPriceAvailable": true,
    "inPromo": false,
    "gtin": [
      "05400141249255",
      "15400141249252",
      "15400141712619",
      "05400141712612"
    ],
    "topCategoryName": "Brood/Ontbijt",
    "topCategoryId": "124",
    "businessDomain": "RETAIL_BE",
    "IsPrivateLabel": true,
    "IsBiffe": false,
    "WeightconversionFactor": "0",
    "IsWeightArticle": false,
    "nutriscoreLabel": "C",
    "IsBio": false,
    "CountryOfOrigin": "BELGIË",
    "IsExclusivelySoldInLuxembourg": false,
    "OrderUnit": "P",
    "ShortName": "BONI GRANOLA COCO.GV340",
    "IsNew": false,
    "EcoscoreLabel": "B",
    "RecentQuanityOfStockUnits": "1",
    "LongName": "BONI granola kokosnoot glutenvrij 340g",
    "FicCode": "I",
    "EcoscoreValue": "74"
  },
  {
    "productId": "114323",
    "technicalArticleNumber": "3080961",
    "commercialArticleNumber": "7823",
    "name": "confituur ananas",
    "description": "*50 % vruchten",
    "brand": "MATERNE",
    "seoBrand": "Materne",
    "thumbNail": "https://static.colruytgroup.com/images/200x200/nl_be/29/14/asset-1842914.jpg",
    "fullImage": "https://static.colruytgroup.com/images/500x500/nl_be/29/14/asset-1842914.jpg",
    "squareImage": "https://static.colruytgroup.com/images/500x500sq/nl_be/29/14/asset-1842914.jpg",
    "content": "450g",
    "walkRouteSequenceNumber": 17941,
    "price": {
      "basicPrice": 3.89,
      "recommendedQuantity": "1.0",
      "measurementUnitPrice": 8.65,
      "measurementUnit": "K",
      "isRedPrice": false,
      "pricePerUOM": 8.65,
      "activationDate": "13-02-2024",
      "isPromoActive": "N",
      "priceChangeCode": "H"
    },
    "isAvailable": true,
    "isPriceAvailable": true,
    "inPromo": false,
    "gtin": [
      "05410046000080",
      "05410046804213"
    ],
    "topCategoryName": "Brood/Ontbijt",
    "topCategoryId": "124",
    "businessDomain": "RETAIL_BE",
    "IsPrivateLabel": false,
    "IsBiffe": false,
    "WeightconversionFactor": "0",
    "IsWeightArticle": false,
    "nutriscoreLabel": "D",
    "IsBio": false,
    "CountryOfOrigin": "BELGIË",
    "IsExclusivelySoldInLuxembourg": false,
    "OrderUnit": "P",
    "ShortName": "MATERNE ANANAS 450G",
    "InSeason": true,
    "IsNew": false,
    "RecentQuanityOfStockUnits": "1",
    "LongName": "MATERNE confituur ananas 450g",
    "AlcoholVolume": "0",
    "StartSeasonDate": "10/09/2018",
    "FicCode": "E"
  },
  {
    "productId": "665666",
    "technicalArticleNumber": "4374315",
    "commercialArticleNumber": "24202",
    "name": "reep cranberry-hazelnoot",
    "brand": "BELVITA",
    "seoBrand": "belVita",
    "thumbNail": "https://static.colruytgroup.com/images/200x200/std.lang.all/48/87/asset-2404887.jpg",
    "fullImage": "https://static.colruytgroup.com/images/500x500/std.lang.all/48/87/asset-2404887.jpg",
    "squareImage": "https://static.colruytgroup.com/images/500x500sq/std.lang.all/48/87/asset-2404887.jpg",
    "content": "160g",
    "walkRouteSequenceNumber": 2174,
    "price": {
      "basicPrice": 3.69,
      "recommendedQuantity": "1.0",
      "measurementUnitPrice": 23.07,
      "measurementUnit": "K",
      "isRedPrice": false,
      "pricePerUOM": 23.07,
      "activationDate": "14-03-2024",
      "recordSource": "Offline",
      "isPromoActive": "N",
      "priceChangeCode": "E"
    },
    "isAvailable": true,
    "isPriceAvailable": true,
    "inPromo": false,
    "gtin": [
      "07622210547491",
      "07622210547477"
    ],
    "topCategoryName": "Brood/Ontbijt",
    "topCategoryId": "124",
    "businessDomain": "RETAIL_BE",
    "IsPrivateLabel": false,
    "IsBiffe": false,
    "WeightconversionFactor": "0",
    "IsWeightArticle": false,
    "nutriscoreLabel": "C",
    "IsBio": false,
    "CountryOfOrigin": "POLEN",
    "IsExclusivelySoldInLuxembourg": false,
    "OrderUnit": "P",
    "ShortName": "BELV REEP CRAN-HAZEL160",
    "IsNew": false,
    "RecentQuanityOfStockUnits": "1",
    "LongName": "BELVITA reep cranberry-hazelnoot 160g",
    "FicCode": "E"
  },
  {
    "productId": "12354",
    "technicalArticleNumber": "1310559",
    "commercialArticleNumber": "16281",
    "name": "confituur kersen",
    "description": "*50 % vruchten",
    "brand": "MATERNE",
    "seoBrand": "Materne",
    "thumbNail": "https://static.colruytgroup.com/images/200x200/nl_be/20/10/asset-702010.jpg",
    "fullImage": "https://static.colruytgroup.com/images/500x500/nl_be/20/10/asset-702010.jpg",
    "squareImage": "https://static.colruytgroup.com/images/500x500sq/nl_be/20/10/asset-702010.jpg",
    "content": "720g",
    "walkRouteSequenceNumber": 17915,
    "price": {
      "basicPrice": 5.84,
      "recommendedQuantity": "1.0",
      "measurementUnitPrice": 8.12,
      "measurementUnit": "K",
      "isRedPrice": false,
      "pricePerUOM": 8.12,
      "activationDate": "22-03-2024",
      "recordSource": "Offline",
      "isPromoActive": "N",
      "priceChangeCode": "L"
    },
    "isAvailable": true,
    "isPriceAvailable": true,
    "inPromo": false,
    "gtin": [
      "05410046805081",
      "05410046001261"
    ],
    "topCategoryName": "Brood/Ontbijt",
    "topCategoryId": "124",
    "businessDomain": "RETAIL_BE",
    "IsPrivateLabel": false,
    "IsBiffe": false,
    "WeightconversionFactor": "0",
    "IsWeightArticle": false,
    "nutriscoreLabel": "D",
    "IsBio": false,
    "CountryOfOrigin": "BELGIË",
    "IsExclusivelySoldInLuxembourg": false,
    "OrderUnit": "P",
    "ShortName": "MATERNE KERSEN 720G",
    "IsNew": false,
    "RecentQuanityOfStockUnits": "1",
    "LongName": "MATERNE confituur kersen 720g",
    "AlcoholVolume": "0",
    "FicCode": "E"
  },
  {
    "productId": "889483",
    "technicalArticleNumber": "4750007",
    "commercialArticleNumber": "5129",
    "name": "Repen amandelen pindanoten",
    "brand": "GRANY",
    "seoBrand": "LU Grany",
    "thumbNail": "https://static.colruytgroup.com/images/200x200/std.lang.all/59/47/asset-3325947.jpg",
    "fullImage": "https://static.colruytgroup.com/images/500x500/std.lang.all/59/47/asset-3325947.jpg",
    "squareImage": "https://static.colruytgroup.com/images/500x500sq/std.lang.all/59/47/asset-3325947.jpg",
    "content": "3x35g",
    "walkRouteSequenceNumber": 2176,
    "price": {
      "basicPrice": 3.19,
      "recommendedQuantity": "1.0",
      "measurementUnitPrice": 30.39,
      "measurementUnit": "K",
      "isRedPrice": false,
      "pricePerUOM": 30.39,
      "activationDate": "14-03-2024",
      "recordSource": "Offline",
      "isPromoActive": "N",
      "priceChangeCode": "E"
    },
    "isAvailable": true,
    "isPriceAvailable": true,
    "inPromo": false,
    "gtin": [
      "07622201754358",
      "07622201754365"
    ],
    "topCategoryName": "Brood/Ontbijt",
    "topCategoryId": "124",
    "businessDomain": "RETAIL_BE",
    "IsPrivateLabel": false,
    "IsBiffe": false,
    "WeightconversionFactor": "0",
    "IsWeightArticle": false,
    "nutriscoreLabel": "D",
    "IsBio": false,
    "CountryOfOrigin": "FRANKRIJK",
    "IsExclusivelySoldInLuxembourg": false,
    "OrderUnit": "P",
    "ShortName": "GRAN GO NUT.PEANUT 105G",
    "IsNew": false,
    "RecentQuanityOfStockUnits": "1,9",
    "LongName": "GRANY Repen amandelen pindanoten 3x35g",
    "AlcoholVolume": "0",
    "FicCode": "E"
  },
  {
    "productId": "877437",
    "technicalArticleNumber": "4733322",
    "commercialArticleNumber": "9708",
    "name": "Artisa.peperkoek honing",
    "description": "*Artisanale peperkoek met honing\nen parelsuiker",
    "brand": "VONDELMOLEN",
    "seoBrand": "Vondelmolen",
    "thumbNail": "https://static.colruytgroup.com/images/200x200/std.lang.all/23/86/asset-3242386.jpg",
    "fullImage": "https://static.colruytgroup.com/images/500x500/std.lang.all/23/86/asset-3242386.jpg",
    "squareImage": "https://static.colruytgroup.com/images/500x500sq/std.lang.all/23/86/asset-3242386.jpg",
    "content": "400g",
    "walkRouteSequenceNumber": 17580,
    "price": {
      "basicPrice": 3.69,
      "recommendedQuantity": "1.0",
      "measurementUnitPrice": 9.23,
      "measurementUnit": "K",
      "isRedPrice": false,
      "pricePerUOM": 9.23,
      "activationDate": "03-01-2024",
      "isPromoActive": "N",
      "priceChangeCode": "H"
    },
    "isAvailable": true,
    "isPriceAvailable": true,
    "inPromo": false,
    "gtin": [
      "05410383410665"
    ],
    "topCategoryName": "Brood/Ontbijt",
    "topCategoryId": "124",
    "businessDomain": "RETAIL_BE",
    "IsPrivateLabel": false,
    "IsBiffe": false,
    "WeightconversionFactor": "0",
    "IsWeightArticle": false,
    "nutriscoreLabel": "D",
    "IsBio": false,
    "CountryOfOrigin": "BELGIË",
    "IsExclusivelySoldInLuxembourg": false,
    "OrderUnit": "P",
    "ShortName": "VDM ARTI.PEPERK.HON.400",
    "IsNew": false,
    "EcoscoreLabel": "B",
    "RecentQuanityOfStockUnits": "1",
    "LongName": "VONDELMOLEN Artisa.peperkoek honing 400g",
    "AlcoholVolume": "0",
    "FicCode": "E",
    "EcoscoreValue": "66"
  },
  {
    "productId": "916467",
    "technicalArticleNumber": "4760771",
    "commercialArticleNumber": "10547",
    "name": "Pindakaas crunchy",
    "description": "*crunchy",
    "brand": "BONNE MAMAN",
    "seoBrand": "Bonne Maman",
    "thumbNail": "https://static.colruytgroup.com/images/200x200/std.lang.all/10/75/asset-3321075.jpg",
    "fullImage": "https://static.colruytgroup.com/images/500x500/std.lang.all/10/75/asset-3321075.jpg",
    "squareImage": "https://static.colruytgroup.com/images/500x500sq/std.lang.all/10/75/asset-3321075.jpg",
    "content": "325g",
    "walkRouteSequenceNumber": 17870,
    "price": {
      "basicPrice": 3.99,
      "recommendedQuantity": "1.0",
      "measurementUnitPrice": 12.28,
      "measurementUnit": "K",
      "isRedPrice": false,
      "pricePerUOM": 12.28,
      "activationDate": "21-03-2024",
      "recordSource": "Offline",
      "isPromoActive": "N",
      "priceChangeCode": "E"
    },
    "isAvailable": true,
    "isPriceAvailable": true,
    "inPromo": false,
    "gtin": [
      "03608580125440"
    ],
    "topCategoryName": "Brood/Ontbijt",
    "topCategoryId": "124",
    "businessDomain": "RETAIL_BE",
    "IsPrivateLabel": false,
    "IsBiffe": false,
    "WeightconversionFactor": "0",
    "IsWeightArticle": false,
    "nutriscoreLabel": "C",
    "IsBio": false,
    "CountryOfOrigin": "FRANKRIJK",
    "IsExclusivelySoldInLuxembourg": false,
    "OrderUnit": "P",
    "ShortName": "BONN PINDAKAAS CRUN.325",
    "IsNew": false,
    "RecentQuanityOfStockUnits": "1",
    "LongName": "BONNE MAMAN Pindakaas crunchy 325g",
    "FicCode": "E"
  },
  {
    "productId": "857304",
    "technicalArticleNumber": "4707216",
    "commercialArticleNumber": "31491",
    "name": "donkere choco.-zout GV",
    "brand": "EAT NATURAL",
    "seoBrand": "Eat Natural",
    "thumbNail": "https://static.colruytgroup.com/images/200x200/std.lang.all/07/81/asset-3210781.jpg",
    "fullImage": "https://static.colruytgroup.com/images/500x500/std.lang.all/07/81/asset-3210781.jpg",
    "squareImage": "https://static.colruytgroup.com/images/500x500sq/std.lang.all/07/81/asset-3210781.jpg",
    "content": "3x45g",
    "walkRouteSequenceNumber": 2182,
    "price": {
      "basicPrice": 3.49,
      "recommendedQuantity": "1.0",
      "measurementUnitPrice": 25.86,
      "measurementUnit": "K",
      "isRedPrice": false,
      "pricePerUOM": 25.86,
      "activationDate": "08-02-2023",
      "isPromoActive": "N",
      "priceChangeCode": "E"
    },
    "isAvailable": true,
    "isPriceAvailable": true,
    "inPromo": false,
    "gtin": [
      "05013803001582",
      "05013803001186"
    ],
    "topCategoryName": "Brood/Ontbijt",
    "topCategoryId": "124",
    "businessDomain": "RETAIL_BE",
    "IsPrivateLabel": false,
    "IsBiffe": false,
    "WeightconversionFactor": "0",
    "IsWeightArticle": false,
    "IsBio": false,
    "CountryOfOrigin": "VERENIGD KONINKRIJK",
    "IsExclusivelySoldInLuxembourg": false,
    "OrderUnit": "P",
    "ShortName": "EATN CHOC-ZOUT GV 3X45G",
    "IsNew": false,
    "RecentQuanityOfStockUnits": "1,12",
    "LongName": "EAT NATURAL donkere choco.-zout GV 3x45g",
    "FicCode": "E"
  },
  {
    "productId": "361975",
    "technicalArticleNumber": "3862820",
    "commercialArticleNumber": "22597",
    "name": "proteïner. koko/cacao",
    "description": "*Rijk aan vezels\n*Bron van eiwitten",
    "brand": "SPECIAL K",
    "seoBrand": "Kellogg's Special K",
    "thumbNail": "https://static.colruytgroup.com/images/200x200/std.lang.all/62/96/asset-1486296.jpg",
    "fullImage": "https://static.colruytgroup.com/images/500x500/std.lang.all/62/96/asset-1486296.jpg",
    "squareImage": "https://static.colruytgroup.com/images/500x500sq/std.lang.all/62/96/asset-1486296.jpg",
    "content": "4x28g",
    "walkRouteSequenceNumber": 2170,
    "price": {
      "basicPrice": 4.15,
      "recommendedQuantity": "1.0",
      "measurementUnitPrice": 37.06,
      "measurementUnit": "K",
      "isRedPrice": false,
      "pricePerUOM": 37.06,
      "activationDate": "13-03-2024",
      "recordSource": "Offline",
      "isPromoActive": "N",
      "priceChangeCode": "E"
    },
    "isAvailable": true,
    "isPriceAvailable": true,
    "inPromo": false,
    "gtin": [
      "05053827189934",
      "05053827189927"
    ],
    "topCategoryName": "Brood/Ontbijt",
    "topCategoryId": "124",
    "businessDomain": "RETAIL_BE",
    "IsPrivateLabel": false,
    "IsBiffe": false,
    "WeightconversionFactor": "0",
    "IsWeightArticle": false,
    "nutriscoreLabel": "C",
    "IsBio": false,
    "CountryOfOrigin": "EUROPA",
    "IsExclusivelySoldInLuxembourg": false,
    "OrderUnit": "P",
    "ShortName": "KELL PR.KO-CAC-CASH4X28",
    "IsNew": false,
    "RecentQuanityOfStockUnits": "1",
    "LongName": "SPECIAL K proteïner. koko/cacao 4x28g",
    "AlcoholVolume": "0",
    "FicCode": "E"
  },
  {
    "productId": "113091",
    "technicalArticleNumber": "3080434",
    "commercialArticleNumber": "8266",
    "name": "confituur aardbei-aalbessen",
    "description": "*50 % vruchten",
    "brand": "MATERNE",
    "seoBrand": "Materne",
    "thumbNail": "https://static.colruytgroup.com/images/200x200/std.lang.all/03/32/asset-370332.jpg",
    "fullImage": "https://static.colruytgroup.com/images/500x500/std.lang.all/03/32/asset-370332.jpg",
    "squareImage": "https://static.colruytgroup.com/images/500x500sq/std.lang.all/03/32/asset-370332.jpg",
    "content": "450g",
    "walkRouteSequenceNumber": 17938,
    "price": {
      "basicPrice": 3.75,
      "recommendedQuantity": "1.0",
      "measurementUnitPrice": 8.34,
      "measurementUnit": "K",
      "isRedPrice": false,
      "pricePerUOM": 8.34,
      "activationDate": "27-02-2024",
      "recordSource": "Offline",
      "isPromoActive": "N",
      "priceChangeCode": "H"
    },
    "isAvailable": true,
    "isPriceAvailable": true,
    "inPromo": false,
    "gtin": [
      "05410046016333",
      "05410046016326"
    ],
    "topCategoryName": "Brood/Ontbijt",
    "topCategoryId": "124",
    "businessDomain": "RETAIL_BE",
    "IsPrivateLabel": false,
    "IsBiffe": false,
    "WeightconversionFactor": "0",
    "IsWeightArticle": false,
    "nutriscoreLabel": "D",
    "IsBio": false,
    "CountryOfOrigin": "BELGIË",
    "IsExclusivelySoldInLuxembourg": false,
    "OrderUnit": "P",
    "ShortName": "MATERNE AARD-AALBES450G",
    "IsNew": false,
    "RecentQuanityOfStockUnits": "1",
    "LongName": "MATERNE confituur aardbei-aalbessen 450g",
    "AlcoholVolume": "0",
    "FicCode": "E"
  },
  {
    "productId": "552105",
    "technicalArticleNumber": "4183890",
    "commercialArticleNumber": "12877",
    "name": "aardbeien sublieme bio70%",
    "brand": "PUR NATUR",
    "seoBrand": "Pur Natur",
    "thumbNail": "https://static.colruytgroup.com/images/200x200/std.lang.all/33/41/asset-2813341.jpg",
    "fullImage": "https://static.colruytgroup.com/images/500x500/std.lang.all/33/41/asset-2813341.jpg",
    "squareImage": "https://static.colruytgroup.com/images/500x500sq/std.lang.all/33/41/asset-2813341.jpg",
    "content": "350g",
    "walkRouteSequenceNumber": 17980,
    "price": {
      "basicPrice": 4.99,
      "recommendedQuantity": "1.0",
      "measurementUnitPrice": 14.26,
      "measurementUnit": "K",
      "isRedPrice": false,
      "pricePerUOM": 14.26,
      "activationDate": "17-02-2024",
      "isPromoActive": "N",
      "priceChangeCode": "E"
    },
    "isAvailable": true,
    "isPriceAvailable": true,
    "inPromo": false,
    "gtin": [
      "05410986040177",
      "05410986041174"
    ],
    "topCategoryName": "Brood/Ontbijt",
    "topCategoryId": "124",
    "businessDomain": "RETAIL_BE",
    "IsPrivateLabel": false,
    "IsBiffe": false,
    "WeightconversionFactor": "0",
    "IsWeightArticle": false,
    "nutriscoreLabel": "D",
    "IsBio": true,
    "CountryOfOrigin": "BELGIË",
    "IsExclusivelySoldInLuxembourg": false,
    "OrderUnit": "P",
    "ShortName": "PN BIO AARDB.SUBL70%350",
    "InSeason": true,
    "IsNew": false,
    "EcoscoreLabel": "A",
    "RecentQuanityOfStockUnits": "1",
    "LongName": "PUR NATUR aardbeien sublieme bio70% 350g",
    "StartSeasonDate": "22/03/2021",
    "FicCode": "E",
    "EcoscoreValue": "91"
  },
  {
    "productId": "883919",
    "technicalArticleNumber": "4742465",
    "commercialArticleNumber": "32433",
    "name": "verse dessertkoekjes",
    "brand": "BONI",
    "seoBrand": "Boni Selection",
    "thumbNail": "https://static.colruytgroup.com/images/200x200/std.lang.all/74/77/asset-3427477.jpg",
    "fullImage": "https://static.colruytgroup.com/images/500x500/std.lang.all/74/77/asset-3427477.jpg",
    "squareImage": "https://static.colruytgroup.com/images/500x500sq/std.lang.all/74/77/asset-3427477.jpg",
    "content": "125g",
    "walkRouteSequenceNumber": 18295,
    "price": {
      "basicPrice": 4.99,
      "recommendedQuantity": "1.0",
      "quantityPrice": 3.96,
      "quantityPriceQuantity": "2.0",
      "measurementUnitPrice": 39.92,
      "measurementUnitQuantityPrice": 31.68,
      "measurementUnit": "K",
      "isRedPrice": false,
      "pricePerUOM": 39.92,
      "activationDate": "21-03-2024",
      "recordSource": "Offline",
      "isPromoActive": "N",
      "priceChangeCode": "E",
      "quantityPricePerUOM": 31.68,
      "quantityActivationDate": "21-03-2024",
      "quantityPriceChangeCode": "E"
    },
    "isAvailable": true,
    "isPriceAvailable": true,
    "inPromo": false,
    "gtin": [
      "05400141690842",
      "15400141690849"
    ],
    "topCategoryName": "Brood/Ontbijt",
    "topCategoryId": "124",
    "businessDomain": "RETAIL_BE",
    "IsPrivateLabel": true,
    "IsBiffe": false,
    "WeightconversionFactor": "0",
    "IsWeightArticle": false,
    "nutriscoreLabel": "E",
    "IsBio": false,
    "CountryOfOrigin": "BELGIË",
    "IsExclusivelySoldInLuxembourg": false,
    "OrderUnit": "P",
    "ShortName": "OK BONI KOEK DESSERT8ST",
    "IsNew": false,
    "RecentQuanityOfStockUnits": "1",
    "LongName": "BONI verse dessertkoekjes 125g",
    "FicCode": "I"
  },
  {
    "productId": "868708",
    "technicalArticleNumber": "4721983",
    "commercialArticleNumber": "16770",
    "name": "cookie & cream protein bar",
    "brand": "JOYFUEL",
    "seoBrand": "Joyfuel",
    "thumbNail": "https://static.colruytgroup.com/images/200x200/std.lang.all/55/27/asset-3215527.jpg",
    "fullImage": "https://static.colruytgroup.com/images/500x500/std.lang.all/55/27/asset-3215527.jpg",
    "squareImage": "https://static.colruytgroup.com/images/500x500sq/std.lang.all/55/27/asset-3215527.jpg",
    "content": "55g",
    "walkRouteSequenceNumber": 2207,
    "price": {
      "basicPrice": 2.95,
      "recommendedQuantity": "1.0",
      "measurementUnitPrice": 53.64,
      "measurementUnit": "K",
      "isRedPrice": false,
      "pricePerUOM": 53.64,
      "activationDate": "13-03-2024",
      "isPromoActive": "Y",
      "priceChangeCode": "E"
    },
    "isAvailable": true,
    "isPriceAvailable": true,
    "inPromo": true,
    "promotion": [
      {
        "techPromoId": "100977COLR",
        "promotionId": "100977",
        "promotionType": "3",
        "isPersonalized": "N",
        "publicationStartDate": "13-03-2024",
        "publicationEndDate": "26-03-2024"
      }
    ],
    "gtin": [
      "03609200011204",
      "03609209004320",
      "03609200011396"
    ],
    "topCategoryName": "Brood/Ontbijt",
    "topCategoryId": "124",
    "businessDomain": "RETAIL_BE",
    "IsPrivateLabel": false,
    "IsBiffe": false,
    "WeightconversionFactor": "0",
    "IsWeightArticle": false,
    "nutriscoreLabel": "D",
    "IsBio": false,
    "CountryOfOrigin": "NEDERLAND",
    "IsExclusivelySoldInLuxembourg": false,
    "OrderUnit": "P",
    "ShortName": "JOYF COOK&CREAM PR.BA55",
    "IsNew": false,
    "EcoscoreLabel": "D",
    "RecentQuanityOfStockUnits": "1,1,15",
    "LongName": "JOYFUEL cookie & cream protein bar 55g",
    "FicCode": "E",
    "EcoscoreValue": "35"
  },
  {
    "productId": "208677",
    "technicalArticleNumber": "3523773",
    "commercialArticleNumber": "50633",
    "name": "reep amandel-choc",
    "description": "*Reep met\ngeroosterde\namandelen, chocolade\n*Rijk aan vezels",
    "brand": "KELLOGG'S EXTRA",
    "seoBrand": "Kellogg's Extra",
    "thumbNail": "https://static.colruytgroup.com/images/200x200/std.lang.all/77/30/asset-947730.jpg",
    "fullImage": "https://static.colruytgroup.com/images/500x500/std.lang.all/77/30/asset-947730.jpg",
    "squareImage": "https://static.colruytgroup.com/images/500x500sq/std.lang.all/77/30/asset-947730.jpg",
    "content": "4st",
    "walkRouteSequenceNumber": 2171,
    "price": {
      "basicPrice": 3.79,
      "recommendedQuantity": "2.0",
      "measurementUnitPrice": 29.61,
      "measurementUnit": "K",
      "isRedPrice": false,
      "pricePerUOM": 29.61,
      "activationDate": "07-03-2024",
      "recordSource": "Offline",
      "isPromoActive": "N",
      "priceChangeCode": "H"
    },
    "isAvailable": true,
    "isPriceAvailable": true,
    "inPromo": false,
    "gtin": [
      "05400141236712",
      "05053827157025",
      "05053827157018"
    ],
    "topCategoryName": "Brood/Ontbijt",
    "topCategoryId": "124",
    "businessDomain": "RETAIL_BE",
    "IsPrivateLabel": false,
    "IsBiffe": false,
    "WeightconversionFactor": "0",
    "IsWeightArticle": false,
    "nutriscoreLabel": "D",
    "IsBio": false,
    "CountryOfOrigin": "EUROPA",
    "IsExclusivelySoldInLuxembourg": false,
    "OrderUnit": "P",
    "ShortName": "KELL.EXT.BAR CHOC.4X32G",
    "IsNew": false,
    "RecentQuanityOfStockUnits": "1,2",
    "LongName": "KELLOGG'S EXTRA reep amandel-choc 4st",
    "AlcoholVolume": "0",
    "FicCode": "E"
  },
  {
    "productId": "99959",
    "technicalArticleNumber": "2839040",
    "commercialArticleNumber": "21283",
    "name": "honing koninginnengelei",
    "description": "*Vast",
    "brand": "MELI",
    "seoBrand": "Meli",
    "thumbNail": "https://static.colruytgroup.com/images/200x200/std.lang.all/78/99/asset-2337899.jpg",
    "fullImage": "https://static.colruytgroup.com/images/500x500/std.lang.all/78/99/asset-2337899.jpg",
    "squareImage": "https://static.colruytgroup.com/images/500x500sq/std.lang.all/78/99/asset-2337899.jpg",
    "content": "375g",
    "walkRouteSequenceNumber": 18004,
    "price": {
      "basicPrice": 4.92,
      "recommendedQuantity": "1.0",
      "measurementUnitPrice": 13.12,
      "measurementUnit": "K",
      "isRedPrice": false,
      "pricePerUOM": 13.12,
      "activationDate": "21-03-2024",
      "recordSource": "Folder",
      "isPromoActive": "N",
      "priceChangeCode": "L"
    },
    "isAvailable": true,
    "isPriceAvailable": true,
    "inPromo": true,
    "promotion": [
      {
        "techPromoId": "100875COLR",
        "promotionId": "100875",
        "promotionType": "3",
        "isPersonalized": "N",
        "publicationStartDate": "13-03-2024",
        "publicationEndDate": "26-03-2024"
      }
    ],
    "gtin": [
      "15410038204967",
      "05410038204960"
    ],
    "topCategoryName": "Brood/Ontbijt",
    "topCategoryId": "124",
    "businessDomain": "RETAIL_BE",
    "IsPrivateLabel": false,
    "IsBiffe": false,
    "WeightconversionFactor": "0",
    "IsWeightArticle": false,
    "nutriscoreLabel": "D",
    "IsBio": false,
    "CountryOfOrigin": "ARGENTINIË",
    "IsExclusivelySoldInLuxembourg": false,
    "OrderUnit": "P",
    "ShortName": "MELI HON.MET KON.GEL375",
    "InSeason": true,
    "IsNew": false,
    "EcoscoreLabel": "B",
    "RecentQuanityOfStockUnits": "1",
    "LongName": "MELI honing koninginnengelei 375g",
    "AlcoholVolume": "0",
    "StartSeasonDate": "10/08/2018",
    "FicCode": "E",
    "EcoscoreValue": "72"
  },
  {
    "productId": "803509",
    "technicalArticleNumber": "4619843",
    "commercialArticleNumber": "13991",
    "name": "reep energy spor.gran&cho.",
    "description": "*Bevat enkelvoudige en\ncomplexe koolhydraten\n(29g/reep)\n*Voor/tijdens/na inspanning\n*Bron van vitB1,B2,B6,C,E en PP",
    "brand": "ISOSTAR",
    "seoBrand": "Isostar",
    "thumbNail": "https://static.colruytgroup.com/images/200x200/std.lang.all/97/28/asset-2839728.jpg",
    "fullImage": "https://static.colruytgroup.com/images/500x500/std.lang.all/97/28/asset-2839728.jpg",
    "squareImage": "https://static.colruytgroup.com/images/500x500sq/std.lang.all/97/28/asset-2839728.jpg",
    "content": "3x35g",
    "walkRouteSequenceNumber": 2199,
    "price": {
      "basicPrice": 4.52,
      "recommendedQuantity": "1.0",
      "measurementUnitPrice": 43.05,
      "measurementUnit": "K",
      "isRedPrice": false,
      "pricePerUOM": 43.05,
      "activationDate": "20-02-2024",
      "recordSource": "Offline",
      "isPromoActive": "N",
      "priceChangeCode": "E"
    },
    "isAvailable": true,
    "isPriceAvailable": true,
    "inPromo": false,
    "gtin": [
      "03175681141070",
      "03175681141087"
    ],
    "topCategoryName": "Brood/Ontbijt",
    "topCategoryId": "124",
    "businessDomain": "RETAIL_BE",
    "IsPrivateLabel": false,
    "IsBiffe": false,
    "WeightconversionFactor": "0",
    "IsWeightArticle": false,
    "IsBio": false,
    "CountryOfOrigin": "FRANKRIJK",
    "IsExclusivelySoldInLuxembourg": false,
    "OrderUnit": "P",
    "ShortName": "ISOS ENE.SPO.GRA&CHO105",
    "IsNew": false,
    "RecentQuanityOfStockUnits": "1",
    "LongName": "ISOSTAR reep energy spor.gran&cho. 3x35g",
    "FicCode": "E"
  },
  {
    "productId": "884128",
    "technicalArticleNumber": "4742701",
    "commercialArticleNumber": "32450",
    "name": "verse dessertkoekjes mix",
    "brand": "BONI",
    "seoBrand": "Boni Selection",
    "thumbNail": "https://static.colruytgroup.com/images/200x200/std.lang.all/86/43/asset-3348643.jpg",
    "fullImage": "https://static.colruytgroup.com/images/500x500/std.lang.all/86/43/asset-3348643.jpg",
    "squareImage": "https://static.colruytgroup.com/images/500x500sq/std.lang.all/86/43/asset-3348643.jpg",
    "content": "300g",
    "walkRouteSequenceNumber": 18298,
    "price": {
      "basicPrice": 7.99,
      "recommendedQuantity": "1.0",
      "measurementUnitPrice": 26.64,
      "measurementUnit": "K",
      "isRedPrice": false,
      "pricePerUOM": 26.64,
      "activationDate": "14-03-2024",
      "recordSource": "Offline",
      "isPromoActive": "N",
      "priceChangeCode": "H"
    },
    "isAvailable": true,
    "isPriceAvailable": true,
    "inPromo": false,
    "gtin": [
      "15400141690863",
      "05400141690866"
    ],
    "topCategoryName": "Brood/Ontbijt",
    "topCategoryId": "124",
    "businessDomain": "RETAIL_BE",
    "IsPrivateLabel": true,
    "IsBiffe": false,
    "WeightconversionFactor": "0",
    "IsWeightArticle": false,
    "nutriscoreLabel": "E",
    "IsBio": false,
    "CountryOfOrigin": "BELGIË",
    "IsExclusivelySoldInLuxembourg": false,
    "OrderUnit": "P",
    "ShortName": "BONI VERS.KOEK.MIX300G",
    "IsNew": false,
    "RecentQuanityOfStockUnits": "1",
    "LongName": "BONI verse dessertkoekjes mix 300g",
    "FicCode": "I"
  },
  {
    "productId": "694138",
    "technicalArticleNumber": "4422610",
    "commercialArticleNumber": "25834",
    "name": "Baklava",
    "description": "*Grieks gebak",
    "brand": "SWEET HELLAS",
    "seoBrand": "Sweet Hellas",
    "thumbNail": "https://ecgproductmw.colruytgroup.com/ecgproductmw/noPicForArticle_2.jpg",
    "fullImage": "https://ecgproductmw.colruytgroup.com/ecgproductmw/noPicForArticle_5.jpg",
    "squareImage": "https://ecgproductmw.colruytgroup.com/ecgproductmw/noPicForArticle_5.jpg",
    "content": "2st",
    "walkRouteSequenceNumber": 18296,
    "price": {
      "basicPrice": 3.49,
      "recommendedQuantity": "1.0",
      "measurementUnitPrice": 13.96,
      "measurementUnit": "K",
      "isRedPrice": false,
      "pricePerUOM": 13.96,
      "activationDate": "08-11-2022",
      "isPromoActive": "N",
      "priceChangeCode": "H"
    },
    "isAvailable": true,
    "isPriceAvailable": true,
    "inPromo": false,
    "gtin": [
      "05425005030381",
      "05425005031500"
    ],
    "topCategoryName": "Brood/Ontbijt",
    "topCategoryId": "124",
    "businessDomain": "RETAIL_BE",
    "IsPrivateLabel": false,
    "IsBiffe": false,
    "WeightconversionFactor": "0",
    "IsWeightArticle": false,
    "IsBio": false,
    "CountryOfOrigin": "BELGIË",
    "IsExclusivelySoldInLuxembourg": false,
    "OrderUnit": "P",
    "ShortName": "SWHE BAKLAVA 2 ST",
    "IsNew": false,
    "RecentQuanityOfStockUnits": "1",
    "LongName": "SWEET HELLAS Baklava 2st",
    "FicCode": "E"
  },
  {
    "productId": "205782",
    "technicalArticleNumber": "3511468",
    "commercialArticleNumber": "15997",
    "name": "pindakaas",
    "description": "*Smeerpasta\n*Pindakaas\n*Voor ontbijt\n*Vegan friendly\n*Ideaal voor lunch",
    "brand": "CALVÉ",
    "seoBrand": "Calvé",
    "thumbNail": "https://static.colruytgroup.com/images/200x200/std.lang.all/46/22/asset-2804622.jpg",
    "fullImage": "https://static.colruytgroup.com/images/500x500/std.lang.all/46/22/asset-2804622.jpg",
    "squareImage": "https://static.colruytgroup.com/images/500x500sq/std.lang.all/46/22/asset-2804622.jpg",
    "content": "350g",
    "walkRouteSequenceNumber": 17868,
    "price": {
      "basicPrice": 2.79,
      "recommendedQuantity": "1.0",
      "measurementUnitPrice": 7.98,
      "measurementUnit": "K",
      "isRedPrice": false,
      "pricePerUOM": 7.98,
      "activationDate": "18-03-2024",
      "recordSource": "Offline",
      "isPromoActive": "N",
      "priceChangeCode": "E"
    },
    "isAvailable": true,
    "isPriceAvailable": true,
    "inPromo": false,
    "gtin": [
      "05410033902007",
      "05410033019873"
    ],
    "topCategoryName": "Brood/Ontbijt",
    "topCategoryId": "124",
    "businessDomain": "RETAIL_BE",
    "IsPrivateLabel": false,
    "IsBiffe": false,
    "WeightconversionFactor": "0",
    "IsWeightArticle": false,
    "nutriscoreLabel": "A",
    "IsBio": false,
    "CountryOfOrigin": "NEDERLAND",
    "IsExclusivelySoldInLuxembourg": false,
    "OrderUnit": "P",
    "ShortName": "CALVE PINDAKAAS 350G",
    "IsNew": false,
    "EcoscoreLabel": "D",
    "RecentQuanityOfStockUnits": "1",
    "LongName": "CALVÉ pindakaas 350g",
    "AlcoholVolume": "0",
    "FicCode": "E",
    "EcoscoreValue": "35"
  },
  {
    "productId": "884148",
    "technicalArticleNumber": "4742731",
    "commercialArticleNumber": "32456",
    "name": "Soft Salted Peanut Caramel",
    "description": "*salted peanut caramel\n*Ontbijtreep",
    "brand": "BAREBELLS",
    "seoBrand": "Barebells",
    "thumbNail": "https://static.colruytgroup.com/images/200x200/std.lang.all/97/62/asset-3249762.jpg",
    "fullImage": "https://static.colruytgroup.com/images/500x500/std.lang.all/97/62/asset-3249762.jpg",
    "squareImage": "https://static.colruytgroup.com/images/500x500sq/std.lang.all/97/62/asset-3249762.jpg",
    "content": "55g",
    "walkRouteSequenceNumber": 2195,
    "price": {
      "basicPrice": 2.99,
      "recommendedQuantity": "1.0",
      "measurementUnitPrice": 54.37,
      "measurementUnit": "K",
      "isRedPrice": false,
      "pricePerUOM": 54.37,
      "activationDate": "14-02-2024",
      "recordSource": "Online",
      "isPromoActive": "N",
      "priceChangeCode": "H"
    },
    "isAvailable": true,
    "isPriceAvailable": true,
    "inPromo": false,
    "gtin": [
      "04260287181274",
      "07340001805116"
    ],
    "topCategoryName": "Brood/Ontbijt",
    "topCategoryId": "124",
    "businessDomain": "RETAIL_BE",
    "IsPrivateLabel": false,
    "IsBiffe": false,
    "WeightconversionFactor": "0",
    "IsWeightArticle": false,
    "nutriscoreLabel": "D",
    "IsBio": false,
    "CountryOfOrigin": "ZWEDEN",
    "IsExclusivelySoldInLuxembourg": false,
    "OrderUnit": "P",
    "ShortName": "BARE SOFT PEANUT CAR.55",
    "IsNew": false,
    "EcoscoreLabel": "D",
    "RecentQuanityOfStockUnits": "1",
    "LongName": "BAREBELLS Soft Salted Peanut Caramel 55g",
    "FicCode": "I",
    "EcoscoreValue": "33"
  },
  {
    "productId": "163",
    "technicalArticleNumber": "15111",
    "commercialArticleNumber": "15111",
    "name": "sesamcrunch",
    "description": "*Reep op basis van\nsesamzaad\n*Rijk aan vezels\n*Geen zout toegevoegd\n*Vegan",
    "brand": "ZONNATURA",
    "seoBrand": "Zonnatura",
    "thumbNail": "https://static.colruytgroup.com/images/200x200/std.lang.all/14/36/asset-2041436.jpg",
    "fullImage": "https://static.colruytgroup.com/images/500x500/std.lang.all/14/36/asset-2041436.jpg",
    "squareImage": "https://static.colruytgroup.com/images/500x500sq/std.lang.all/14/36/asset-2041436.jpg",
    "content": "50g",
    "walkRouteSequenceNumber": 2185,
    "price": {
      "basicPrice": 0.99,
      "recommendedQuantity": "1.0",
      "measurementUnitPrice": 19.8,
      "measurementUnit": "K",
      "isRedPrice": false,
      "pricePerUOM": 19.8,
      "activationDate": "02-11-2023",
      "isPromoActive": "N",
      "priceChangeCode": "E"
    },
    "isAvailable": true,
    "isPriceAvailable": true,
    "inPromo": false,
    "gtin": [
      "00000024151115",
      "00000087127478",
      "00000087304565",
      "05400141151114",
      "08710863686731",
      "08710863686748"
    ],
    "topCategoryName": "Brood/Ontbijt",
    "topCategoryId": "124",
    "businessDomain": "RETAIL_BE",
    "IsPrivateLabel": false,
    "IsBiffe": false,
    "WeightconversionFactor": "0",
    "IsWeightArticle": false,
    "nutriscoreLabel": "C",
    "IsBio": false,
    "CountryOfOrigin": "NEDERLAND",
    "IsExclusivelySoldInLuxembourg": false,
    "OrderUnit": "P",
    "ShortName": "ZONN.SESAM CRUNCH 50 GR",
    "IsNew": false,
    "EcoscoreLabel": "C",
    "RecentQuanityOfStockUnits": "1,6",
    "LongName": "ZONNATURA sesamcrunch 50g",
    "AlcoholVolume": "0",
    "FicCode": "E",
    "EcoscoreValue": "47"
  },
  {
    "productId": "179291",
    "technicalArticleNumber": "3335217",
    "commercialArticleNumber": "33959",
    "name": "choco ov rijst lv-gv Bio",
    "description": "Boerinneke chocopasta op basis van rij\nstmelk 350gr.\n*Lactosevrij\n*Glutenvrij",
    "brand": "BOERINNEKE",
    "seoBrand": "Boerinneke",
    "thumbNail": "https://static.colruytgroup.com/images/200x200/std.lang.all/14/52/asset-2361452.jpg",
    "fullImage": "https://static.colruytgroup.com/images/500x500/std.lang.all/14/52/asset-2361452.jpg",
    "squareImage": "https://static.colruytgroup.com/images/500x500sq/std.lang.all/14/52/asset-2361452.jpg",
    "content": "350g",
    "walkRouteSequenceNumber": 17622,
    "price": {
      "basicPrice": 5.89,
      "recommendedQuantity": "1.0",
      "measurementUnitPrice": 16.83,
      "measurementUnit": "K",
      "isRedPrice": false,
      "pricePerUOM": 16.83,
      "activationDate": "06-01-2024",
      "recordSource": "Offline",
      "isPromoActive": "N",
      "priceChangeCode": "E"
    },
    "isAvailable": true,
    "isPriceAvailable": true,
    "inPromo": false,
    "gtin": [
      "05411146223577",
      "05411146223560"
    ],
    "topCategoryName": "Brood/Ontbijt",
    "topCategoryId": "124",
    "businessDomain": "RETAIL_BE",
    "IsPrivateLabel": false,
    "IsBiffe": false,
    "WeightconversionFactor": "0",
    "IsWeightArticle": false,
    "nutriscoreLabel": "E",
    "IsBio": true,
    "CountryOfOrigin": "BELGIË",
    "IsExclusivelySoldInLuxembourg": false,
    "OrderUnit": "P",
    "ShortName": "BOER BIO CHOC LV GV350G",
    "IsNew": false,
    "EcoscoreLabel": "C",
    "RecentQuanityOfStockUnits": "1",
    "LongName": "BOERINNEKE choco ov rijst lv-gv Bio 350g",
    "AlcoholVolume": "0",
    "FicCode": "E",
    "EcoscoreValue": "56"
  },
  {
    "productId": "1108",
    "technicalArticleNumber": "16592",
    "commercialArticleNumber": "16592",
    "name": "geleermiddel Pec Plus",
    "brand": "IMPERIAL",
    "seoBrand": "Imperial",
    "thumbNail": "https://static.colruytgroup.com/images/200x200/std.lang.all/54/34/asset-1515434.jpg",
    "fullImage": "https://static.colruytgroup.com/images/500x500/std.lang.all/54/34/asset-1515434.jpg",
    "squareImage": "https://static.colruytgroup.com/images/500x500sq/std.lang.all/54/34/asset-1515434.jpg",
    "content": "4x20g",
    "walkRouteSequenceNumber": 9309,
    "price": {
      "basicPrice": 3.49,
      "recommendedQuantity": "1.0",
      "quantityPrice": 2.84,
      "quantityPriceQuantity": "3.0",
      "measurementUnitPrice": 43.63,
      "measurementUnitQuantityPrice": 35.5,
      "measurementUnit": "K",
      "isRedPrice": false,
      "pricePerUOM": 43.63,
      "activationDate": "20-03-2024",
      "recordSource": "Offline",
      "isPromoActive": "N",
      "priceChangeCode": "E",
      "quantityPricePerUOM": 35.5,
      "quantityActivationDate": "20-03-2024",
      "quantityPriceChangeCode": "H"
    },
    "isAvailable": true,
    "isPriceAvailable": true,
    "inPromo": false,
    "gtin": [
      "05414972105536",
      "05414972705538",
      "05410231097345"
    ],
    "topCategoryName": "Brood/Ontbijt",
    "topCategoryId": "124",
    "businessDomain": "RETAIL_BE",
    "IsPrivateLabel": false,
    "IsBiffe": false,
    "WeightconversionFactor": "0",
    "IsWeightArticle": false,
    "IsBio": false,
    "CountryOfOrigin": "BELGIË",
    "IsExclusivelySoldInLuxembourg": false,
    "OrderUnit": "P",
    "ShortName": "PEC PLUS 4X20 GR",
    "InSeason": true,
    "IsNew": false,
    "RecentQuanityOfStockUnits": "12,1",
    "LongName": "IMPERIAL geleermiddel Pec Plus 4x20g",
    "AlcoholVolume": "0",
    "StartSeasonDate": "11/03/2011",
    "FicCode": "E"
  },
  {
    "productId": "222570",
    "technicalArticleNumber": "3505732",
    "commercialArticleNumber": "50567",
    "name": "confituur bosbessen 61%",
    "description": "*61% vruchten",
    "brand": "BONI",
    "seoBrand": "Boni Selection",
    "thumbNail": "https://static.colruytgroup.com/images/200x200/std.lang.all/78/77/asset-2477877.jpg",
    "fullImage": "https://static.colruytgroup.com/images/500x500/std.lang.all/78/77/asset-2477877.jpg",
    "squareImage": "https://static.colruytgroup.com/images/500x500sq/std.lang.all/78/77/asset-2477877.jpg",
    "content": "370g",
    "walkRouteSequenceNumber": 17903,
    "price": {
      "basicPrice": 2.29,
      "recommendedQuantity": "1.0",
      "measurementUnitPrice": 6.19,
      "measurementUnit": "K",
      "isRedPrice": false,
      "pricePerUOM": 6.19,
      "activationDate": "20-02-2024",
      "recordSource": "Offline",
      "isPromoActive": "N",
      "priceChangeCode": "H"
    },
    "isAvailable": true,
    "isPriceAvailable": true,
    "inPromo": false,
    "gtin": [
      "15400141387657",
      "05400141387650",
      "05400141699654",
      "05400141977356",
      "15400141977353",
      "05400141403480",
      "15400141838548",
      "15400141699651"
    ],
    "topCategoryName": "Brood/Ontbijt",
    "topCategoryId": "124",
    "businessDomain": "RETAIL_BE",
    "IsPrivateLabel": true,
    "IsBiffe": false,
    "WeightconversionFactor": "0",
    "IsWeightArticle": false,
    "nutriscoreLabel": "D",
    "IsBio": false,
    "CountryOfOrigin": "FRANKRIJK",
    "IsExclusivelySoldInLuxembourg": false,
    "OrderUnit": "P",
    "ShortName": "BONI BOSBES CONF61%370G",
    "InSeason": true,
    "IsNew": false,
    "EcoscoreLabel": "A",
    "RecentQuanityOfStockUnits": "1,6",
    "LongName": "BONI confituur bosbessen 61% 370g",
    "AlcoholVolume": "0",
    "StartSeasonDate": "22/03/2022",
    "FicCode": "I",
    "EcoscoreValue": "81"
  },
  {
    "productId": "384550",
    "technicalArticleNumber": "3846313",
    "commercialArticleNumber": "51301",
    "name": "pindakaas Crunchy",
    "description": "*Smeerpasta\n*Pindakaas\n*Voor ontbijt\n*Vegan friendly\n*Ideaal voor lunch",
    "brand": "CALVÉ",
    "seoBrand": "Calvé",
    "thumbNail": "https://static.colruytgroup.com/images/200x200/std.lang.all/55/09/asset-1475509.jpg",
    "fullImage": "https://static.colruytgroup.com/images/500x500/std.lang.all/55/09/asset-1475509.jpg",
    "squareImage": "https://static.colruytgroup.com/images/500x500sq/std.lang.all/55/09/asset-1475509.jpg",
    "content": "350g",
    "walkRouteSequenceNumber": 17879,
    "price": {
      "basicPrice": 3.19,
      "recommendedQuantity": "1.0",
      "measurementUnitPrice": 9.12,
      "measurementUnit": "K",
      "isRedPrice": false,
      "pricePerUOM": 9.12,
      "activationDate": "18-03-2024",
      "recordSource": "Offline",
      "isPromoActive": "N",
      "priceChangeCode": "E"
    },
    "isAvailable": true,
    "isPriceAvailable": true,
    "inPromo": false,
    "gtin": [
      "08712423007260",
      "08712423007253"
    ],
    "topCategoryName": "Brood/Ontbijt",
    "topCategoryId": "124",
    "businessDomain": "RETAIL_BE",
    "IsPrivateLabel": false,
    "IsBiffe": false,
    "WeightconversionFactor": "0",
    "IsWeightArticle": false,
    "nutriscoreLabel": "B",
    "IsBio": false,
    "CountryOfOrigin": "NEDERLAND",
    "IsExclusivelySoldInLuxembourg": false,
    "OrderUnit": "P",
    "ShortName": "CALV PINDAK.CRUNCHY350G",
    "IsNew": false,
    "EcoscoreLabel": "D",
    "RecentQuanityOfStockUnits": "1",
    "LongName": "CALVÉ pindakaas Crunchy 350g",
    "AlcoholVolume": "0",
    "FicCode": "E",
    "EcoscoreValue": "35"
  },
  {
    "productId": "686668",
    "technicalArticleNumber": "4410166",
    "commercialArticleNumber": "24982",
    "name": "sinaas confituur",
    "brand": "EL BARAKA",
    "seoBrand": "El Baraka",
    "thumbNail": "https://static.colruytgroup.com/images/200x200/std.lang.all/31/60/asset-2353160.jpg",
    "fullImage": "https://static.colruytgroup.com/images/500x500/std.lang.all/31/60/asset-2353160.jpg",
    "squareImage": "https://static.colruytgroup.com/images/500x500sq/std.lang.all/31/60/asset-2353160.jpg",
    "content": "430g",
    "walkRouteSequenceNumber": 17924,
    "price": {
      "basicPrice": 2.49,
      "recommendedQuantity": "1.0",
      "measurementUnitPrice": 5.8,
      "measurementUnit": "K",
      "isRedPrice": false,
      "pricePerUOM": 5.8,
      "activationDate": "03-01-2024",
      "isPromoActive": "N",
      "priceChangeCode": "H"
    },
    "isAvailable": true,
    "isPriceAvailable": true,
    "inPromo": false,
    "gtin": [
      "06111184009087",
      "06111184001906"
    ],
    "topCategoryName": "Brood/Ontbijt",
    "topCategoryId": "124",
    "businessDomain": "RETAIL_BE",
    "IsPrivateLabel": false,
    "IsBiffe": false,
    "WeightconversionFactor": "0",
    "IsWeightArticle": false,
    "IsBio": false,
    "CountryOfOrigin": "MAROKKO",
    "IsExclusivelySoldInLuxembourg": false,
    "OrderUnit": "P",
    "ShortName": "ELBA SINAAS CONFITUU430",
    "InSeason": true,
    "IsNew": false,
    "RecentQuanityOfStockUnits": "1",
    "LongName": "EL BARAKA sinaas confituur 430g",
    "StartSeasonDate": "22/09/2022",
    "FicCode": "E"
  },
  {
    "productId": "763849",
    "technicalArticleNumber": "4544177",
    "commercialArticleNumber": "6595",
    "name": "honing met gember",
    "brand": "MELI",
    "seoBrand": "Meli",
    "thumbNail": "https://static.colruytgroup.com/images/200x200/std.lang.all/16/00/asset-2701600.jpg",
    "fullImage": "https://static.colruytgroup.com/images/500x500/std.lang.all/16/00/asset-2701600.jpg",
    "squareImage": "https://static.colruytgroup.com/images/500x500sq/std.lang.all/16/00/asset-2701600.jpg",
    "content": "250g",
    "walkRouteSequenceNumber": 18001,
    "price": {
      "basicPrice": 4.29,
      "recommendedQuantity": "1.0",
      "quantityPrice": 2.57,
      "quantityPriceQuantity": "2.0",
      "measurementUnitPrice": 17.16,
      "measurementUnitQuantityPrice": 10.28,
      "measurementUnit": "K",
      "isRedPrice": false,
      "pricePerUOM": 17.16,
      "activationDate": "21-03-2024",
      "recordSource": "Offline",
      "isPromoActive": "N",
      "priceChangeCode": "E",
      "quantityPricePerUOM": 10.28,
      "quantityActivationDate": "21-03-2024",
      "quantityPriceChangeCode": "L"
    },
    "isAvailable": true,
    "isPriceAvailable": true,
    "inPromo": false,
    "gtin": [
      "15410038508331",
      "05410038508334"
    ],
    "topCategoryName": "Brood/Ontbijt",
    "topCategoryId": "124",
    "businessDomain": "RETAIL_BE",
    "IsPrivateLabel": false,
    "IsBiffe": false,
    "WeightconversionFactor": "0",
    "IsWeightArticle": false,
    "nutriscoreLabel": "E",
    "IsBio": false,
    "CountryOfOrigin": "OEKRAÏNE",
    "IsExclusivelySoldInLuxembourg": false,
    "OrderUnit": "P",
    "ShortName": "MELI HONING GEMBER 250G",
    "InSeason": true,
    "IsNew": false,
    "EcoscoreLabel": "B",
    "RecentQuanityOfStockUnits": "1",
    "LongName": "MELI honing met gember 250g",
    "StartSeasonDate": "22/08/2023",
    "FicCode": "E",
    "EcoscoreValue": "72"
  },
  {
    "productId": "877755",
    "technicalArticleNumber": "4733766",
    "commercialArticleNumber": "13105",
    "name": "Druiven en cranberry",
    "brand": "ISOSTAR",
    "seoBrand": "Isostar",
    "thumbNail": "https://static.colruytgroup.com/images/200x200/std.lang.all/89/54/asset-3278954.jpg",
    "fullImage": "https://static.colruytgroup.com/images/500x500/std.lang.all/89/54/asset-3278954.jpg",
    "squareImage": "https://static.colruytgroup.com/images/500x500sq/std.lang.all/89/54/asset-3278954.jpg",
    "content": "3x40g",
    "walkRouteSequenceNumber": 2197,
    "price": {
      "basicPrice": 5.59,
      "recommendedQuantity": "1.0",
      "measurementUnitPrice": 46.59,
      "measurementUnit": "K",
      "isRedPrice": false,
      "pricePerUOM": 46.59,
      "activationDate": "14-03-2024",
      "recordSource": "Offline",
      "isPromoActive": "N",
      "priceChangeCode": "E"
    },
    "isAvailable": true,
    "isPriceAvailable": true,
    "inPromo": false,
    "gtin": [
      "03175681161542",
      "03175681161535"
    ],
    "topCategoryName": "Brood/Ontbijt",
    "topCategoryId": "124",
    "businessDomain": "RETAIL_BE",
    "IsPrivateLabel": false,
    "IsBiffe": false,
    "WeightconversionFactor": "0",
    "IsWeightArticle": false,
    "nutriscoreLabel": "E",
    "IsBio": false,
    "CountryOfOrigin": "FRANKRIJK",
    "IsExclusivelySoldInLuxembourg": false,
    "OrderUnit": "P",
    "ShortName": "ISOS REEP DRUI.CRA.3X40",
    "IsNew": false,
    "EcoscoreLabel": "B",
    "RecentQuanityOfStockUnits": "1",
    "LongName": "ISOSTAR Druiven en cranberry 3x40g",
    "AlcoholVolume": "0",
    "FicCode": "E",
    "EcoscoreValue": "63"
  },
  {
    "productId": "885285",
    "technicalArticleNumber": "4744220",
    "commercialArticleNumber": "32531",
    "name": "Soft Marshmallow RockyRoad",
    "description": "*Marshmallow Rocky Road\n*Ontbijtreep",
    "brand": "BAREBELLS",
    "seoBrand": "Barebells",
    "thumbNail": "https://static.colruytgroup.com/images/200x200/std.lang.all/97/65/asset-3249765.jpg",
    "fullImage": "https://static.colruytgroup.com/images/500x500/std.lang.all/97/65/asset-3249765.jpg",
    "squareImage": "https://static.colruytgroup.com/images/500x500sq/std.lang.all/97/65/asset-3249765.jpg",
    "content": "55g",
    "walkRouteSequenceNumber": 2196,
    "price": {
      "basicPrice": 2.99,
      "recommendedQuantity": "1.0",
      "measurementUnitPrice": 54.37,
      "measurementUnit": "K",
      "isRedPrice": false,
      "pricePerUOM": 54.37,
      "activationDate": "16-02-2024",
      "isPromoActive": "N",
      "priceChangeCode": "L"
    },
    "isAvailable": true,
    "isPriceAvailable": true,
    "inPromo": false,
    "gtin": [
      "04260287188587",
      "07340001804904"
    ],
    "topCategoryName": "Brood/Ontbijt",
    "topCategoryId": "124",
    "businessDomain": "RETAIL_BE",
    "IsPrivateLabel": false,
    "IsBiffe": false,
    "WeightconversionFactor": "0",
    "IsWeightArticle": false,
    "nutriscoreLabel": "D",
    "IsBio": false,
    "CountryOfOrigin": "ZWEDEN",
    "IsExclusivelySoldInLuxembourg": false,
    "OrderUnit": "P",
    "ShortName": "BARE SOFT MARSCH.R.R.55",
    "IsNew": false,
    "EcoscoreLabel": "D",
    "RecentQuanityOfStockUnits": "1,12",
    "LongName": "BAREBELLS Soft Marshmallow RockyRoad 55g",
    "FicCode": "I",
    "EcoscoreValue": "35"
  },
  {
    "productId": "284320",
    "technicalArticleNumber": "3666528",
    "commercialArticleNumber": "21873",
    "name": "reep aman-honing",
    "description": "*Rijk aan vezels",
    "brand": "KELLOGG'S EXTRA",
    "seoBrand": "Kellogg's Extra",
    "thumbNail": "https://static.colruytgroup.com/images/200x200/std.lang.all/15/45/asset-2041545.jpg",
    "fullImage": "https://static.colruytgroup.com/images/500x500/std.lang.all/15/45/asset-2041545.jpg",
    "squareImage": "https://static.colruytgroup.com/images/500x500sq/std.lang.all/15/45/asset-2041545.jpg",
    "content": "4st",
    "walkRouteSequenceNumber": 2172,
    "price": {
      "basicPrice": 4.49,
      "recommendedQuantity": "2.0",
      "measurementUnitPrice": 35.08,
      "measurementUnit": "K",
      "isRedPrice": false,
      "pricePerUOM": 35.08,
      "activationDate": "07-03-2024",
      "recordSource": "Offline",
      "isPromoActive": "N",
      "priceChangeCode": "H"
    },
    "isAvailable": true,
    "isPriceAvailable": true,
    "inPromo": false,
    "gtin": [
      "05053827176125",
      "05053827176132",
      "05400141236699"
    ],
    "topCategoryName": "Brood/Ontbijt",
    "topCategoryId": "124",
    "businessDomain": "RETAIL_BE",
    "IsPrivateLabel": false,
    "IsBiffe": false,
    "WeightconversionFactor": "0",
    "IsWeightArticle": false,
    "nutriscoreLabel": "D",
    "IsBio": false,
    "CountryOfOrigin": "EUROPA",
    "IsExclusivelySoldInLuxembourg": false,
    "OrderUnit": "P",
    "ShortName": "KELL EXTRA BAR HONEY128",
    "IsNew": false,
    "RecentQuanityOfStockUnits": "1,2",
    "LongName": "KELLOGG'S EXTRA reep aman-honing 4st",
    "AlcoholVolume": "0",
    "FicCode": "E"
  },
  {
    "productId": "780760",
    "technicalArticleNumber": "4575764",
    "commercialArticleNumber": "28777",
    "name": "aardbeien confituur",
    "brand": "EL BARAKA",
    "seoBrand": "El Baraka",
    "thumbNail": "https://static.colruytgroup.com/images/200x200/std.lang.all/96/30/asset-2759630.jpg",
    "fullImage": "https://static.colruytgroup.com/images/500x500/std.lang.all/96/30/asset-2759630.jpg",
    "squareImage": "https://static.colruytgroup.com/images/500x500sq/std.lang.all/96/30/asset-2759630.jpg",
    "content": "430g",
    "walkRouteSequenceNumber": 17923,
    "price": {
      "basicPrice": 2.49,
      "recommendedQuantity": "1.0",
      "measurementUnitPrice": 5.8,
      "measurementUnit": "K",
      "isRedPrice": false,
      "pricePerUOM": 5.8,
      "activationDate": "03-01-2024",
      "isPromoActive": "N",
      "priceChangeCode": "H"
    },
    "isAvailable": true,
    "isPriceAvailable": true,
    "inPromo": false,
    "gtin": [
      "06111184001074",
      "06111184001081"
    ],
    "topCategoryName": "Brood/Ontbijt",
    "topCategoryId": "124",
    "businessDomain": "RETAIL_BE",
    "IsPrivateLabel": false,
    "IsBiffe": false,
    "WeightconversionFactor": "0",
    "IsWeightArticle": false,
    "IsBio": false,
    "CountryOfOrigin": "MAROKKO",
    "IsExclusivelySoldInLuxembourg": false,
    "OrderUnit": "P",
    "ShortName": "ELBA AARDBEI CONFIT.430",
    "IsNew": false,
    "RecentQuanityOfStockUnits": "1",
    "LongName": "EL BARAKA aardbeien confituur 430g",
    "FicCode": "E"
  },
  {
    "productId": "681861",
    "technicalArticleNumber": "4401556",
    "commercialArticleNumber": "24645",
    "name": "honing geoogst regio champagne",
    "brand": "MELI",
    "seoBrand": "Meli",
    "thumbNail": "https://static.colruytgroup.com/images/200x200/std.lang.all/22/34/asset-2372234.jpg",
    "fullImage": "https://static.colruytgroup.com/images/500x500/std.lang.all/22/34/asset-2372234.jpg",
    "squareImage": "https://static.colruytgroup.com/images/500x500sq/std.lang.all/22/34/asset-2372234.jpg",
    "content": "340g",
    "walkRouteSequenceNumber": 18003,
    "price": {
      "basicPrice": 6.99,
      "recommendedQuantity": "1.0",
      "measurementUnitPrice": 20.56,
      "measurementUnit": "K",
      "isRedPrice": false,
      "pricePerUOM": 20.56,
      "activationDate": "03-01-2024",
      "isPromoActive": "N",
      "priceChangeCode": "L"
    },
    "isAvailable": true,
    "isPriceAvailable": true,
    "inPromo": true,
    "promotion": [
      {
        "techPromoId": "100875COLR",
        "promotionId": "100875",
        "promotionType": "3",
        "isPersonalized": "N",
        "publicationStartDate": "13-03-2024",
        "publicationEndDate": "26-03-2024"
      }
    ],
    "gtin": [
      "05410038205400",
      "15410038205407"
    ],
    "topCategoryName": "Brood/Ontbijt",
    "topCategoryId": "124",
    "businessDomain": "RETAIL_BE",
    "IsPrivateLabel": false,
    "IsBiffe": false,
    "WeightconversionFactor": "0",
    "IsWeightArticle": false,
    "nutriscoreLabel": "D",
    "IsBio": false,
    "CountryOfOrigin": "BELGIË",
    "IsExclusivelySoldInLuxembourg": false,
    "OrderUnit": "P",
    "ShortName": "MELI HONING CHAMP340",
    "IsNew": false,
    "EcoscoreLabel": "B",
    "RecentQuanityOfStockUnits": "1",
    "LongName": "MELI honing geoogst regio champagne 340g",
    "FicCode": "E",
    "EcoscoreValue": "72"
  },
  {
    "productId": "804646",
    "technicalArticleNumber": "4622131",
    "commercialArticleNumber": "16493",
    "name": "vlokfeest puur&wit.choc.",
    "brand": "DE RUIJTER",
    "seoBrand": "De Ruijter",
    "thumbNail": "https://static.colruytgroup.com/images/200x200/std.lang.all/57/29/asset-2895729.jpg",
    "fullImage": "https://static.colruytgroup.com/images/500x500/std.lang.all/57/29/asset-2895729.jpg",
    "squareImage": "https://static.colruytgroup.com/images/500x500sq/std.lang.all/57/29/asset-2895729.jpg",
    "content": "300g",
    "walkRouteSequenceNumber": 17896,
    "price": {
      "basicPrice": 2.99,
      "recommendedQuantity": "1.0",
      "measurementUnitPrice": 9.97,
      "measurementUnit": "K",
      "isRedPrice": false,
      "pricePerUOM": 9.97,
      "activationDate": "01-03-2024",
      "recordSource": "Offline",
      "isPromoActive": "N",
      "priceChangeCode": "E"
    },
    "isAvailable": true,
    "isPriceAvailable": true,
    "inPromo": false,
    "gtin": [
      "08710496979507",
      "08710496978982",
      "08715700119120",
      "08715700119427"
    ],
    "topCategoryName": "Brood/Ontbijt",
    "topCategoryId": "124",
    "businessDomain": "RETAIL_BE",
    "IsPrivateLabel": false,
    "IsBiffe": false,
    "WeightconversionFactor": "0",
    "IsWeightArticle": false,
    "IsBio": false,
    "CountryOfOrigin": "EUROPA",
    "IsExclusivelySoldInLuxembourg": false,
    "OrderUnit": "P",
    "ShortName": "RUIJ VLOKFEEST 300G",
    "IsNew": false,
    "EcoscoreLabel": "D",
    "RecentQuanityOfStockUnits": "1",
    "LongName": "DE RUIJTER vlokfeest puur&wit.choc. 300g",
    "FicCode": "E",
    "EcoscoreValue": "22"
  },
  {
    "productId": "884455",
    "technicalArticleNumber": "4743437",
    "commercialArticleNumber": "32475",
    "name": "Soft Caramel Choco",
    "description": "*Caramel Choco\n*Ontbijtreep",
    "brand": "BAREBELLS",
    "seoBrand": "Barebells",
    "thumbNail": "https://static.colruytgroup.com/images/200x200/std.lang.all/97/64/asset-3249764.jpg",
    "fullImage": "https://static.colruytgroup.com/images/500x500/std.lang.all/97/64/asset-3249764.jpg",
    "squareImage": "https://static.colruytgroup.com/images/500x500sq/std.lang.all/97/64/asset-3249764.jpg",
    "content": "55g",
    "walkRouteSequenceNumber": 2194,
    "price": {
      "basicPrice": 2.99,
      "recommendedQuantity": "1.0",
      "measurementUnitPrice": 54.37,
      "measurementUnit": "K",
      "isRedPrice": false,
      "pricePerUOM": 54.37,
      "activationDate": "23-03-2024",
      "isPromoActive": "N",
      "priceChangeCode": "E"
    },
    "isAvailable": true,
    "isPriceAvailable": true,
    "inPromo": false,
    "gtin": [
      "07340001804843",
      "04260287188600"
    ],
    "topCategoryName": "Brood/Ontbijt",
    "topCategoryId": "124",
    "businessDomain": "RETAIL_BE",
    "IsPrivateLabel": false,
    "IsBiffe": false,
    "WeightconversionFactor": "0",
    "IsWeightArticle": false,
    "nutriscoreLabel": "D",
    "IsBio": false,
    "CountryOfOrigin": "ZWEDEN",
    "IsExclusivelySoldInLuxembourg": false,
    "OrderUnit": "P",
    "ShortName": "BARE SOFT CARAM.COCO55",
    "IsNew": false,
    "EcoscoreLabel": "D",
    "RecentQuanityOfStockUnits": "1",
    "LongName": "BAREBELLS Soft Caramel Choco 55g",
    "FicCode": "I",
    "EcoscoreValue": "35"
  },
  {
    "productId": "863432",
    "technicalArticleNumber": "4714833",
    "commercialArticleNumber": "31914",
    "name": "Crunchy Bread Vit. Glutenvrij",
    "description": "Glutenvrij",
    "brand": "SCHAR",
    "seoBrand": "Schär",
    "thumbNail": "https://static.colruytgroup.com/images/200x200/std.lang.all/01/51/asset-3220151.jpg",
    "fullImage": "https://static.colruytgroup.com/images/500x500/std.lang.all/01/51/asset-3220151.jpg",
    "squareImage": "https://static.colruytgroup.com/images/500x500sq/std.lang.all/01/51/asset-3220151.jpg",
    "content": "150g",
    "walkRouteSequenceNumber": 17014,
    "price": {
      "basicPrice": 3.14,
      "recommendedQuantity": "1.0",
      "measurementUnitPrice": 20.94,
      "measurementUnit": "K",
      "isRedPrice": false,
      "pricePerUOM": 20.94,
      "activationDate": "23-03-2024",
      "isPromoActive": "N",
      "priceChangeCode": "L"
    },
    "isAvailable": true,
    "isPriceAvailable": true,
    "inPromo": false,
    "gtin": [
      "08008698040805"
    ],
    "topCategoryName": "Brood/Ontbijt",
    "topCategoryId": "124",
    "businessDomain": "RETAIL_BE",
    "IsPrivateLabel": false,
    "IsBiffe": false,
    "WeightconversionFactor": "0",
    "IsWeightArticle": false,
    "nutriscoreLabel": "D",
    "IsBio": false,
    "CountryOfOrigin": "FRANKRIJK",
    "IsExclusivelySoldInLuxembourg": false,
    "OrderUnit": "P",
    "ShortName": "SCHA CRUN.BREAD VIT.150",
    "IsNew": false,
    "EcoscoreLabel": "B",
    "RecentQuanityOfStockUnits": "1,8",
    "LongName": "SCHAR Crunchy Bread Vit. Glutenvrij 150g",
    "AlcoholVolume": "0",
    "FicCode": "E",
    "EcoscoreValue": "67"
  },
  {
    "productId": "801958",
    "technicalArticleNumber": "4617268",
    "commercialArticleNumber": "10899",
    "name": "hagelslag melkchocolade",
    "brand": "DE RUIJTER",
    "seoBrand": "De Ruijter",
    "thumbNail": "https://static.colruytgroup.com/images/200x200/std.lang.all/52/03/asset-2915203.jpg",
    "fullImage": "https://static.colruytgroup.com/images/500x500/std.lang.all/52/03/asset-2915203.jpg",
    "squareImage": "https://static.colruytgroup.com/images/500x500sq/std.lang.all/52/03/asset-2915203.jpg",
    "content": "390g",
    "walkRouteSequenceNumber": 17895,
    "price": {
      "basicPrice": 3.49,
      "recommendedQuantity": "1.0",
      "measurementUnitPrice": 8.95,
      "measurementUnit": "K",
      "isRedPrice": false,
      "pricePerUOM": 8.95,
      "activationDate": "04-12-2023",
      "recordSource": "Offline",
      "isPromoActive": "N",
      "priceChangeCode": "H"
    },
    "isAvailable": true,
    "isPriceAvailable": true,
    "inPromo": false,
    "gtin": [
      "08710496979569",
      "08715700119274",
      "08715700118963",
      "08710496978975"
    ],
    "topCategoryName": "Brood/Ontbijt",
    "topCategoryId": "124",
    "businessDomain": "RETAIL_BE",
    "IsPrivateLabel": false,
    "IsBiffe": false,
    "WeightconversionFactor": "0",
    "IsWeightArticle": false,
    "nutriscoreLabel": "E",
    "IsBio": false,
    "CountryOfOrigin": "EUROPA",
    "IsExclusivelySoldInLuxembourg": false,
    "OrderUnit": "P",
    "ShortName": "RUIJ HAGELSLAG MELK390G",
    "IsNew": false,
    "EcoscoreLabel": "D",
    "RecentQuanityOfStockUnits": "1",
    "LongName": "DE RUIJTER hagelslag melkchocolade 390g",
    "FicCode": "E",
    "EcoscoreValue": "22"
  },
  {
    "productId": "619332",
    "technicalArticleNumber": "4297389",
    "commercialArticleNumber": "22159",
    "name": "caram-alm-sea salt",
    "brand": "BE-KIND",
    "seoBrand": "Be-Kind",
    "thumbNail": "https://static.colruytgroup.com/images/200x200/std.lang.all/31/89/asset-2213189.jpg",
    "fullImage": "https://static.colruytgroup.com/images/500x500/std.lang.all/31/89/asset-2213189.jpg",
    "squareImage": "https://static.colruytgroup.com/images/500x500sq/std.lang.all/31/89/asset-2213189.jpg",
    "content": "3x30g",
    "walkRouteSequenceNumber": 2178,
    "price": {
      "basicPrice": 4.27,
      "recommendedQuantity": "1.0",
      "measurementUnitPrice": 47.45,
      "measurementUnit": "K",
      "isRedPrice": false,
      "pricePerUOM": 47.45,
      "activationDate": "22-03-2024",
      "recordSource": "Offline",
      "isPromoActive": "N",
      "priceChangeCode": "H"
    },
    "isAvailable": true,
    "isPriceAvailable": true,
    "inPromo": false,
    "gtin": [
      "05000159532914",
      "05000159532921"
    ],
    "topCategoryName": "Brood/Ontbijt",
    "topCategoryId": "124",
    "businessDomain": "RETAIL_BE",
    "IsPrivateLabel": false,
    "IsBiffe": false,
    "WeightconversionFactor": "0",
    "IsWeightArticle": false,
    "nutriscoreLabel": "D",
    "IsBio": false,
    "CountryOfOrigin": "EUROPA",
    "IsExclusivelySoldInLuxembourg": false,
    "OrderUnit": "P",
    "ShortName": "BE-K CAR-ALM-S.SALT3X30",
    "IsNew": false,
    "RecentQuanityOfStockUnits": "1",
    "LongName": "BE-KIND caram-alm-sea salt 3x30g",
    "FicCode": "E"
  },
  {
    "productId": "8268",
    "technicalArticleNumber": "1165847",
    "commercialArticleNumber": "1864",
    "name": "muesli original bio",
    "description": "*Muesli",
    "brand": "LIMA",
    "seoBrand": "Lima",
    "thumbNail": "https://static.colruytgroup.com/images/200x200/std.lang.all/72/82/asset-2317282.jpg",
    "fullImage": "https://static.colruytgroup.com/images/500x500/std.lang.all/72/82/asset-2317282.jpg",
    "squareImage": "https://static.colruytgroup.com/images/500x500sq/std.lang.all/72/82/asset-2317282.jpg",
    "content": "1kg",
    "walkRouteSequenceNumber": 17269,
    "price": {
      "basicPrice": 7.09,
      "recommendedQuantity": "1.0",
      "measurementUnitPrice": 7.09,
      "measurementUnit": "K",
      "isRedPrice": false,
      "pricePerUOM": 7.09,
      "activationDate": "14-11-2023",
      "isPromoActive": "N",
      "priceChangeCode": "E"
    },
    "isAvailable": true,
    "isPriceAvailable": true,
    "inPromo": false,
    "gtin": [
      "05411788038195",
      "05411788060707",
      "05411788070775"
    ],
    "topCategoryName": "Brood/Ontbijt",
    "topCategoryId": "124",
    "businessDomain": "RETAIL_BE",
    "IsPrivateLabel": false,
    "IsBiffe": false,
    "WeightconversionFactor": "0",
    "IsWeightArticle": false,
    "nutriscoreLabel": "A",
    "IsBio": true,
    "CountryOfOrigin": "BELGIË",
    "IsExclusivelySoldInLuxembourg": false,
    "OrderUnit": "P",
    "ShortName": "UB BIO LIMA MUESLI 1KG",
    "IsNew": false,
    "EcoscoreLabel": "B",
    "RecentQuanityOfStockUnits": "1",
    "LongName": "LIMA muesli original bio 1kg",
    "AlcoholVolume": "0",
    "FicCode": "E",
    "EcoscoreValue": "61"
  },
  {
    "productId": "1015817",
    "technicalArticleNumber": "4788568",
    "commercialArticleNumber": "4503",
    "name": "Truffelgebak Pasen",
    "brand": "BONI",
    "seoBrand": "Boni Selection",
    "thumbNail": "https://static.colruytgroup.com/images/200x200/std.lang.all/88/99/asset-3448899.jpg",
    "fullImage": "https://static.colruytgroup.com/images/500x500/std.lang.all/88/99/asset-3448899.jpg",
    "squareImage": "https://static.colruytgroup.com/images/500x500sq/std.lang.all/88/99/asset-3448899.jpg",
    "content": "2st",
    "walkRouteSequenceNumber": 6090,
    "price": {
      "basicPrice": 4.99,
      "recommendedQuantity": "1.0",
      "measurementUnitPrice": 35.65,
      "measurementUnit": "K",
      "isRedPrice": false,
      "pricePerUOM": 35.65,
      "activationDate": "13-02-2024",
      "isPromoActive": "Y",
      "priceChangeCode": "E"
    },
    "isAvailable": true,
    "isPriceAvailable": true,
    "inPromo": false,
    "gtin": [
      "05400141698398"
    ],
    "topCategoryName": "Brood/Ontbijt",
    "topCategoryId": "124",
    "businessDomain": "RETAIL_BE",
    "IsPrivateLabel": true,
    "IsBiffe": false,
    "WeightconversionFactor": "0",
    "IsWeightArticle": false,
    "IsBio": false,
    "CountryOfOrigin": "BELGIË",
    "IsExclusivelySoldInLuxembourg": false,
    "OrderUnit": "P",
    "ShortName": "BONI TRUFFELGEBAK 2ST",
    "IsNew": true,
    "RecentQuanityOfStockUnits": "1",
    "LongName": "BONI Truffelgebak Pasen 2st",
    "AlcoholVolume": "0",
    "FicCode": "I"
  },
  {
    "productId": "245734",
    "technicalArticleNumber": "3659554",
    "commercialArticleNumber": "17532",
    "name": "honing tijm vloeibaar",
    "description": "*Vloeibaar",
    "brand": "MELI",
    "seoBrand": "Meli",
    "thumbNail": "https://static.colruytgroup.com/images/200x200/std.lang.all/88/89/asset-1758889.jpg",
    "fullImage": "https://static.colruytgroup.com/images/500x500/std.lang.all/88/89/asset-1758889.jpg",
    "squareImage": "https://static.colruytgroup.com/images/500x500sq/std.lang.all/88/89/asset-1758889.jpg",
    "content": "375g",
    "walkRouteSequenceNumber": 17995,
    "price": {
      "basicPrice": 6.79,
      "recommendedQuantity": "1.0",
      "measurementUnitPrice": 18.11,
      "measurementUnit": "K",
      "isRedPrice": false,
      "pricePerUOM": 18.11,
      "activationDate": "28-12-2023",
      "isPromoActive": "N",
      "priceChangeCode": "E"
    },
    "isAvailable": true,
    "isPriceAvailable": true,
    "inPromo": true,
    "promotion": [
      {
        "techPromoId": "100875COLR",
        "promotionId": "100875",
        "promotionType": "3",
        "isPersonalized": "N",
        "publicationStartDate": "13-03-2024",
        "publicationEndDate": "26-03-2024"
      }
    ],
    "gtin": [
      "15410038205223",
      "05410038205226"
    ],
    "topCategoryName": "Brood/Ontbijt",
    "topCategoryId": "124",
    "businessDomain": "RETAIL_BE",
    "IsPrivateLabel": false,
    "IsBiffe": false,
    "WeightconversionFactor": "0",
    "IsWeightArticle": false,
    "nutriscoreLabel": "D",
    "IsBio": false,
    "CountryOfOrigin": "SPANJE",
    "IsExclusivelySoldInLuxembourg": false,
    "OrderUnit": "P",
    "ShortName": "MELI TIJMHONING 375G",
    "InSeason": true,
    "IsNew": false,
    "EcoscoreLabel": "B",
    "RecentQuanityOfStockUnits": "1",
    "LongName": "MELI honing tijm vloeibaar 375g",
    "AlcoholVolume": "0",
    "StartSeasonDate": "22/05/2023",
    "FicCode": "E",
    "EcoscoreValue": "72"
  },
  {
    "productId": "856414",
    "technicalArticleNumber": "4705914",
    "commercialArticleNumber": "31426",
    "name": "granola hazelnoot & banaan",
    "description": "*Granola\n*Smaak: hazelnoten &\nbanaan",
    "brand": "YESPERS",
    "seoBrand": "Yespers",
    "thumbNail": "https://static.colruytgroup.com/images/200x200/std.lang.all/72/45/asset-3377245.jpg",
    "fullImage": "https://static.colruytgroup.com/images/500x500/std.lang.all/72/45/asset-3377245.jpg",
    "squareImage": "https://static.colruytgroup.com/images/500x500sq/std.lang.all/72/45/asset-3377245.jpg",
    "content": "400g",
    "walkRouteSequenceNumber": 17516,
    "price": {
      "basicPrice": 4.99,
      "recommendedQuantity": "1.0",
      "measurementUnitPrice": 12.48,
      "measurementUnit": "K",
      "isRedPrice": false,
      "pricePerUOM": 12.48,
      "activationDate": "28-02-2024",
      "isPromoActive": "N",
      "priceChangeCode": "E"
    },
    "isAvailable": true,
    "isPriceAvailable": true,
    "inPromo": false,
    "gtin": [
      "08719189067576",
      "08719189067583",
      "08719189067842"
    ],
    "topCategoryName": "Brood/Ontbijt",
    "topCategoryId": "124",
    "businessDomain": "RETAIL_BE",
    "IsPrivateLabel": false,
    "IsBiffe": false,
    "WeightconversionFactor": "0",
    "IsWeightArticle": false,
    "IsBio": false,
    "CountryOfOrigin": "BELGIË",
    "IsExclusivelySoldInLuxembourg": false,
    "OrderUnit": "P",
    "ShortName": "YESP GRAN.HZLN&BAN 400G",
    "IsNew": false,
    "RecentQuanityOfStockUnits": "1",
    "LongName": "YESPERS granola hazelnoot & banaan 400g",
    "FicCode": "E"
  },
  {
    "productId": "620802",
    "technicalArticleNumber": "4300008",
    "commercialArticleNumber": "23552",
    "name": "honey roast.nuts&sea salt",
    "brand": "BE-KIND",
    "seoBrand": "Be-Kind",
    "thumbNail": "https://static.colruytgroup.com/images/200x200/std.lang.all/76/83/asset-3197683.jpg",
    "fullImage": "https://static.colruytgroup.com/images/500x500/std.lang.all/76/83/asset-3197683.jpg",
    "squareImage": "https://static.colruytgroup.com/images/500x500sq/std.lang.all/76/83/asset-3197683.jpg",
    "content": "3x30g",
    "walkRouteSequenceNumber": 2177,
    "price": {
      "basicPrice": 4.19,
      "recommendedQuantity": "1.0",
      "measurementUnitPrice": 46.56,
      "measurementUnit": "K",
      "isRedPrice": false,
      "pricePerUOM": 46.56,
      "activationDate": "19-03-2024",
      "recordSource": "Offline",
      "isPromoActive": "N",
      "priceChangeCode": "L"
    },
    "isAvailable": true,
    "isPriceAvailable": true,
    "inPromo": false,
    "gtin": [
      "05000159532624",
      "05000159532907"
    ],
    "topCategoryName": "Brood/Ontbijt",
    "topCategoryId": "124",
    "businessDomain": "RETAIL_BE",
    "IsPrivateLabel": false,
    "IsBiffe": false,
    "WeightconversionFactor": "0",
    "IsWeightArticle": false,
    "nutriscoreLabel": "D",
    "IsBio": false,
    "CountryOfOrigin": "VERENIGD KONINKRIJK",
    "IsExclusivelySoldInLuxembourg": false,
    "OrderUnit": "P",
    "ShortName": "BEKI HO.R.NUT.S.SAL3X30",
    "InSeason": true,
    "IsNew": false,
    "RecentQuanityOfStockUnits": "1",
    "LongName": "BE-KIND honey roast.nuts&sea salt 3x30g",
    "StartSeasonDate": "05/04/2023",
    "FicCode": "E"
  },
  {
    "productId": "366999",
    "technicalArticleNumber": "3788433",
    "commercialArticleNumber": "51179",
    "name": "bio hazelnootp.zo.palmo",
    "brand": "BOERINNEKE",
    "seoBrand": "Boerinneke",
    "thumbNail": "https://static.colruytgroup.com/images/200x200/std.lang.all/69/30/asset-1396930.jpg",
    "fullImage": "https://static.colruytgroup.com/images/500x500/std.lang.all/69/30/asset-1396930.jpg",
    "squareImage": "https://static.colruytgroup.com/images/500x500sq/std.lang.all/69/30/asset-1396930.jpg",
    "content": "370g",
    "walkRouteSequenceNumber": 17619,
    "price": {
      "basicPrice": 5.4,
      "recommendedQuantity": "1.0",
      "measurementUnitPrice": 14.6,
      "measurementUnit": "K",
      "isRedPrice": false,
      "pricePerUOM": 14.6,
      "activationDate": "16-03-2024",
      "recordSource": "Offline",
      "isPromoActive": "N",
      "priceChangeCode": "L"
    },
    "isAvailable": true,
    "isPriceAvailable": true,
    "inPromo": false,
    "gtin": [
      "05411146223874",
      "05411146223867"
    ],
    "topCategoryName": "Brood/Ontbijt",
    "topCategoryId": "124",
    "businessDomain": "RETAIL_BE",
    "IsPrivateLabel": false,
    "IsBiffe": false,
    "WeightconversionFactor": "0",
    "IsWeightArticle": false,
    "nutriscoreLabel": "E",
    "IsBio": true,
    "CountryOfOrigin": "BELGIË",
    "IsExclusivelySoldInLuxembourg": false,
    "OrderUnit": "P",
    "ShortName": "BOER BIO CH0C.Z.370",
    "IsNew": false,
    "EcoscoreLabel": "C",
    "RecentQuanityOfStockUnits": "1",
    "LongName": "BOERINNEKE bio hazelnootp.zo.palmo 370g",
    "AlcoholVolume": "0",
    "FicCode": "E",
    "EcoscoreValue": "56"
  },
  {
    "productId": "95812",
    "technicalArticleNumber": "2888293",
    "commercialArticleNumber": "17993",
    "name": "meergranen beschuiten",
    "description": "*Beschuiten,\nvierkant, met 7\ngranen",
    "brand": "BONI BIO",
    "seoBrand": "Boni Selection Bio",
    "thumbNail": "https://static.colruytgroup.com/images/200x200/std.lang.all/39/01/asset-2223901.jpg",
    "fullImage": "https://static.colruytgroup.com/images/500x500/std.lang.all/39/01/asset-2223901.jpg",
    "squareImage": "https://static.colruytgroup.com/images/500x500sq/std.lang.all/39/01/asset-2223901.jpg",
    "content": "200g",
    "walkRouteSequenceNumber": 17078,
    "price": {
      "basicPrice": 1.99,
      "recommendedQuantity": "1.0",
      "measurementUnitPrice": 9.95,
      "measurementUnit": "K",
      "isRedPrice": false,
      "pricePerUOM": 9.95,
      "activationDate": "03-01-2024",
      "isPromoActive": "N",
      "priceChangeCode": "L"
    },
    "isAvailable": true,
    "isPriceAvailable": true,
    "inPromo": false,
    "gtin": [
      "05400141013535",
      "05400141013658",
      "05400141193916",
      "05400141380231",
      "05400141825831"
    ],
    "topCategoryName": "Brood/Ontbijt",
    "topCategoryId": "124",
    "businessDomain": "RETAIL_BE",
    "IsPrivateLabel": true,
    "IsBiffe": false,
    "WeightconversionFactor": "0",
    "IsWeightArticle": false,
    "nutriscoreLabel": "D",
    "IsBio": true,
    "CountryOfOrigin": "BELGIË",
    "IsExclusivelySoldInLuxembourg": false,
    "OrderUnit": "P",
    "ShortName": "UB BIO BONI BESCHU.200G",
    "IsNew": false,
    "EcoscoreLabel": "A",
    "RecentQuanityOfStockUnits": "1",
    "LongName": "BONI BIO meergranen beschuiten 200g",
    "AlcoholVolume": "0",
    "FicCode": "I",
    "EcoscoreValue": "100"
  },
  {
    "productId": "869991",
    "technicalArticleNumber": "4723488",
    "commercialArticleNumber": "21035",
    "name": "Choco balls glutenvrij",
    "description": "*Glutenvrij",
    "brand": "SCHAR",
    "seoBrand": "Schär",
    "thumbNail": "https://static.colruytgroup.com/images/200x200/std.lang.all/75/01/asset-3207501.jpg",
    "fullImage": "https://static.colruytgroup.com/images/500x500/std.lang.all/75/01/asset-3207501.jpg",
    "squareImage": "https://static.colruytgroup.com/images/500x500sq/std.lang.all/75/01/asset-3207501.jpg",
    "content": "250g",
    "walkRouteSequenceNumber": 17454,
    "price": {
      "basicPrice": 3.99,
      "recommendedQuantity": "1.0",
      "measurementUnitPrice": 15.96,
      "measurementUnit": "K",
      "isRedPrice": false,
      "pricePerUOM": 15.96,
      "activationDate": "13-03-2024",
      "recordSource": "Offline",
      "isPromoActive": "N",
      "priceChangeCode": "L"
    },
    "isAvailable": true,
    "isPriceAvailable": true,
    "inPromo": false,
    "gtin": [
      "08008698007709"
    ],
    "topCategoryName": "Brood/Ontbijt",
    "topCategoryId": "124",
    "businessDomain": "RETAIL_BE",
    "IsPrivateLabel": false,
    "IsBiffe": false,
    "WeightconversionFactor": "0",
    "IsWeightArticle": false,
    "nutriscoreLabel": "D",
    "IsBio": false,
    "CountryOfOrigin": "DUITSLAND",
    "IsExclusivelySoldInLuxembourg": false,
    "OrderUnit": "P",
    "ShortName": "SCHAR CHOCO BALLS GV250",
    "IsNew": false,
    "EcoscoreLabel": "D",
    "RecentQuanityOfStockUnits": "1",
    "LongName": "SCHAR Choco balls glutenvrij 250g",
    "AlcoholVolume": "0",
    "FicCode": "E",
    "EcoscoreValue": "26"
  },
  {
    "productId": "858680",
    "technicalArticleNumber": "4708959",
    "commercialArticleNumber": "31682",
    "name": "proteïnereep kokos-pure choc.",
    "description": "*Eiwitreep\nmet krekelpoeder\n*Rijk aan vezels\n*Glutenvrij\n*Niet biologisch",
    "brand": "KRIKET",
    "seoBrand": "Kriket",
    "thumbNail": "https://static.colruytgroup.com/images/200x200/std.lang.all/70/00/asset-3167000.jpg",
    "fullImage": "https://static.colruytgroup.com/images/500x500/std.lang.all/70/00/asset-3167000.jpg",
    "squareImage": "https://static.colruytgroup.com/images/500x500sq/std.lang.all/70/00/asset-3167000.jpg",
    "content": "50g",
    "walkRouteSequenceNumber": 2186,
    "price": {
      "basicPrice": 2.49,
      "recommendedQuantity": "1.0",
      "measurementUnitPrice": 49.8,
      "measurementUnit": "K",
      "isRedPrice": false,
      "pricePerUOM": 49.8,
      "activationDate": "17-01-2024",
      "isPromoActive": "N",
      "priceChangeCode": "E"
    },
    "isAvailable": true,
    "isPriceAvailable": true,
    "inPromo": false,
    "gtin": [
      "05430001238631",
      "05430001238624",
      "05430001238587",
      "05430001238570",
      "05430001238594"
    ],
    "topCategoryName": "Brood/Ontbijt",
    "topCategoryId": "124",
    "businessDomain": "RETAIL_BE",
    "IsPrivateLabel": false,
    "IsBiffe": false,
    "WeightconversionFactor": "0",
    "IsWeightArticle": false,
    "IsBio": false,
    "CountryOfOrigin": "SLOVENIË",
    "IsExclusivelySoldInLuxembourg": false,
    "OrderUnit": "P",
    "ShortName": "KRIK KOKOS-PURE CHOC50G",
    "IsNew": false,
    "EcoscoreLabel": "D",
    "RecentQuanityOfStockUnits": "1",
    "LongName": "KRIKET proteïnereep kokos-pure choc. 50g",
    "FicCode": "E",
    "EcoscoreValue": "35"
  },
  {
    "productId": "856405",
    "technicalArticleNumber": "4705898",
    "commercialArticleNumber": "31419",
    "name": "granola kokos & kers",
    "description": "*Granola\n*Smaak: kokos & kers",
    "brand": "YESPERS",
    "seoBrand": "Yespers",
    "thumbNail": "https://static.colruytgroup.com/images/200x200/std.lang.all/72/44/asset-3377244.jpg",
    "fullImage": "https://static.colruytgroup.com/images/500x500/std.lang.all/72/44/asset-3377244.jpg",
    "squareImage": "https://static.colruytgroup.com/images/500x500sq/std.lang.all/72/44/asset-3377244.jpg",
    "content": "400g",
    "walkRouteSequenceNumber": 17492,
    "price": {
      "basicPrice": 4.99,
      "recommendedQuantity": "1.0",
      "measurementUnitPrice": 12.48,
      "measurementUnit": "K",
      "isRedPrice": false,
      "pricePerUOM": 12.48,
      "activationDate": "28-02-2024",
      "isPromoActive": "N",
      "priceChangeCode": "E"
    },
    "isAvailable": true,
    "isPriceAvailable": true,
    "inPromo": false,
    "gtin": [
      "08719189067194",
      "08719189067224",
      "08719189067828"
    ],
    "topCategoryName": "Brood/Ontbijt",
    "topCategoryId": "124",
    "businessDomain": "RETAIL_BE",
    "IsPrivateLabel": false,
    "IsBiffe": false,
    "WeightconversionFactor": "0",
    "IsWeightArticle": false,
    "IsBio": false,
    "CountryOfOrigin": "BELGIË",
    "IsExclusivelySoldInLuxembourg": false,
    "OrderUnit": "P",
    "ShortName": "YESP GRAN.KOKS&KRS 400G",
    "IsNew": false,
    "RecentQuanityOfStockUnits": "1",
    "LongName": "YESPERS granola kokos & kers 400g",
    "FicCode": "E"
  },
  {
    "productId": "1107",
    "technicalArticleNumber": "16590",
    "commercialArticleNumber": "16590",
    "name": "geleermiddel Pec",
    "brand": "IMPERIAL",
    "seoBrand": "Imperial",
    "thumbNail": "https://static.colruytgroup.com/images/200x200/std.lang.all/54/33/asset-1515433.jpg",
    "fullImage": "https://static.colruytgroup.com/images/500x500/std.lang.all/54/33/asset-1515433.jpg",
    "squareImage": "https://static.colruytgroup.com/images/500x500sq/std.lang.all/54/33/asset-1515433.jpg",
    "content": "4x30g",
    "walkRouteSequenceNumber": 9295,
    "price": {
      "basicPrice": 3.39,
      "recommendedQuantity": "1.0",
      "measurementUnitPrice": 28.25,
      "measurementUnit": "K",
      "isRedPrice": false,
      "pricePerUOM": 28.25,
      "activationDate": "19-03-2024",
      "recordSource": "Offline",
      "isPromoActive": "N",
      "priceChangeCode": "E"
    },
    "isAvailable": true,
    "isPriceAvailable": true,
    "inPromo": false,
    "gtin": [
      "05410231097246",
      "05414972105529",
      "05414972705521"
    ],
    "topCategoryName": "Brood/Ontbijt",
    "topCategoryId": "124",
    "businessDomain": "RETAIL_BE",
    "IsPrivateLabel": false,
    "IsBiffe": false,
    "WeightconversionFactor": "0",
    "IsWeightArticle": false,
    "IsBio": false,
    "CountryOfOrigin": "BELGIË",
    "IsExclusivelySoldInLuxembourg": false,
    "OrderUnit": "P",
    "ShortName": "PEC JAM SET 4X30G",
    "InSeason": true,
    "IsNew": false,
    "RecentQuanityOfStockUnits": "1,12",
    "LongName": "IMPERIAL geleermiddel Pec 4x30g",
    "AlcoholVolume": "0",
    "StartSeasonDate": "09/02/2023",
    "FicCode": "E"
  },
  {
    "productId": "1045316",
    "technicalArticleNumber": "4798161",
    "commercialArticleNumber": "6994",
    "name": "Crunchy Muesli Rood fruit",
    "description": "*Crunchy Rood Fruit",
    "brand": "HOLIE",
    "seoBrand": "Holie",
    "thumbNail": "https://static.colruytgroup.com/images/200x200/std.lang.all/99/61/asset-3449961.jpg",
    "fullImage": "https://static.colruytgroup.com/images/500x500/std.lang.all/99/61/asset-3449961.jpg",
    "squareImage": "https://static.colruytgroup.com/images/500x500sq/std.lang.all/99/61/asset-3449961.jpg",
    "content": "400g",
    "walkRouteSequenceNumber": 8881,
    "price": {
      "basicPrice": 3.99,
      "recommendedQuantity": "1.0",
      "measurementUnitPrice": 9.98,
      "measurementUnit": "K",
      "isRedPrice": false,
      "pricePerUOM": 9.98,
      "activationDate": "23-03-2024",
      "recordSource": "Offline",
      "isPromoActive": "N",
      "priceChangeCode": "L"
    },
    "isAvailable": true,
    "isPriceAvailable": true,
    "inPromo": false,
    "gtin": [
      "08720256082460",
      "08720256082477"
    ],
    "topCategoryName": "Brood/Ontbijt",
    "topCategoryId": "124",
    "businessDomain": "RETAIL_BE",
    "IsPrivateLabel": false,
    "IsBiffe": false,
    "WeightconversionFactor": "0",
    "IsWeightArticle": false,
    "IsBio": false,
    "CountryOfOrigin": "NEDERLAND",
    "IsExclusivelySoldInLuxembourg": false,
    "OrderUnit": "P",
    "ShortName": "HOLI CRU.MUESLI R.FR400",
    "IsNew": true,
    "RecentQuanityOfStockUnits": "1",
    "LongName": "HOLIE Crunchy Muesli Rood fruit 400g",
    "FicCode": "E"
  },
  {
    "productId": "769910",
    "technicalArticleNumber": "4556717",
    "commercialArticleNumber": "21779",
    "name": "beschuit",
    "description": "*Krokant en luchtig\n*Per 2 verpakt\n*Vierkant",
    "brand": "SOUBRY",
    "seoBrand": "Soubry",
    "thumbNail": "https://static.colruytgroup.com/images/200x200/std.lang.all/21/78/asset-2992178.jpg",
    "fullImage": "https://static.colruytgroup.com/images/500x500/std.lang.all/21/78/asset-2992178.jpg",
    "squareImage": "https://static.colruytgroup.com/images/500x500sq/std.lang.all/21/78/asset-2992178.jpg",
    "content": "156x2st",
    "walkRouteSequenceNumber": 17113,
    "price": {
      "basicPrice": 24.99,
      "recommendedQuantity": "1.0",
      "measurementUnitPrice": 0.081,
      "measurementUnit": "S",
      "isRedPrice": false,
      "pricePerUOM": 0.081,
      "activationDate": "28-01-2023",
      "isPromoActive": "N",
      "priceChangeCode": "H"
    },
    "isAvailable": true,
    "isPriceAvailable": true,
    "inPromo": false,
    "gtin": [
      "05410028620558"
    ],
    "topCategoryName": "Brood/Ontbijt",
    "topCategoryId": "124",
    "businessDomain": "RETAIL_BE",
    "IsPrivateLabel": false,
    "IsBiffe": false,
    "WeightconversionFactor": "0",
    "IsWeightArticle": false,
    "nutriscoreLabel": "C",
    "IsBio": false,
    "CountryOfOrigin": "BELGIË",
    "IsExclusivelySoldInLuxembourg": false,
    "OrderUnit": "P",
    "ShortName": "HC SOUB BESCHUIT156X2ST",
    "IsNew": false,
    "EcoscoreLabel": "A",
    "RecentQuanityOfStockUnits": "1",
    "LongName": "SOUBRY beschuit 156x2st",
    "FicCode": "E",
    "EcoscoreValue": "100"
  },
  {
    "productId": "1021289",
    "technicalArticleNumber": "4790148",
    "commercialArticleNumber": "26228",
    "name": "Ultimate Berry",
    "description": "*Ultimate berry",
    "brand": "JORDANS",
    "seoBrand": "Jordans",
    "thumbNail": "https://static.colruytgroup.com/images/200x200/std.lang.all/99/09/asset-3449909.jpg",
    "fullImage": "https://static.colruytgroup.com/images/500x500/std.lang.all/99/09/asset-3449909.jpg",
    "squareImage": "https://static.colruytgroup.com/images/500x500sq/std.lang.all/99/09/asset-3449909.jpg",
    "content": "325g",
    "walkRouteSequenceNumber": 17490,
    "price": {
      "basicPrice": 4.99,
      "recommendedQuantity": "1.0",
      "measurementUnitPrice": 15.36,
      "measurementUnit": "K",
      "isRedPrice": false,
      "pricePerUOM": 15.36,
      "activationDate": "17-02-2024",
      "isPromoActive": "N",
      "priceChangeCode": "E"
    },
    "isAvailable": true,
    "isPriceAvailable": true,
    "inPromo": false,
    "gtin": [
      "05010477364739"
    ],
    "topCategoryName": "Brood/Ontbijt",
    "topCategoryId": "124",
    "businessDomain": "RETAIL_BE",
    "IsPrivateLabel": false,
    "IsBiffe": false,
    "WeightconversionFactor": "0",
    "IsWeightArticle": false,
    "IsBio": false,
    "CountryOfOrigin": "VERENIGD KONINKRIJK",
    "IsExclusivelySoldInLuxembourg": false,
    "OrderUnit": "P",
    "ShortName": "JORD GRAN.ULTI.BERRY325",
    "IsNew": true,
    "RecentQuanityOfStockUnits": "1",
    "LongName": "JORDANS Ultimate Berry 325g",
    "FicCode": "N"
  },
  {
    "productId": "8577",
    "technicalArticleNumber": "1126786",
    "commercialArticleNumber": "16017",
    "name": "hazelnootpasta FT",
    "description": "*Minimum 7.5%\ncacaobestanddelen\n*13 % hazelnoten\n*Fairtrade",
    "brand": "BONI BIO",
    "seoBrand": "Boni Selection Bio",
    "thumbNail": "https://static.colruytgroup.com/images/200x200/std.lang.all/16/75/asset-3361675.jpg",
    "fullImage": "https://static.colruytgroup.com/images/500x500/std.lang.all/16/75/asset-3361675.jpg",
    "squareImage": "https://static.colruytgroup.com/images/500x500sq/std.lang.all/16/75/asset-3361675.jpg",
    "content": "400g",
    "walkRouteSequenceNumber": 17618,
    "price": {
      "basicPrice": 2.69,
      "recommendedQuantity": "1.0",
      "measurementUnitPrice": 6.73,
      "measurementUnit": "K",
      "isRedPrice": false,
      "pricePerUOM": 6.73,
      "activationDate": "27-02-2024",
      "recordSource": "Offline",
      "isPromoActive": "N",
      "priceChangeCode": "H"
    },
    "isAvailable": true,
    "isPriceAvailable": true,
    "inPromo": false,
    "gtin": [
      "05400141190939",
      "05400141234282",
      "05400141355260",
      "05400141359282",
      "15400141190936",
      "15400141234289",
      "15400141359289",
      "15400141704720",
      "05400141704723"
    ],
    "topCategoryName": "Brood/Ontbijt",
    "topCategoryId": "124",
    "businessDomain": "RETAIL_BE",
    "IsPrivateLabel": true,
    "IsBiffe": false,
    "WeightconversionFactor": "0",
    "IsWeightArticle": false,
    "nutriscoreLabel": "E",
    "IsBio": true,
    "CountryOfOrigin": "NEDERLAND",
    "IsExclusivelySoldInLuxembourg": false,
    "OrderUnit": "P",
    "ShortName": "BONI BIO HAZ.PAST.FT400",
    "IsNew": false,
    "EcoscoreLabel": "B",
    "RecentQuanityOfStockUnits": "1,1",
    "LongName": "BONI BIO hazelnootpasta FT 400g",
    "AlcoholVolume": "0",
    "FicCode": "I",
    "EcoscoreValue": "61"
  },
  {
    "productId": "53986",
    "technicalArticleNumber": "2288160",
    "commercialArticleNumber": "16572",
    "name": "chocopasta hazeln. cups",
    "description": "*7,4 % magere\ncacaopoeder\n*13 % hazelnoten\n*Altijd met factuur",
    "brand": "NUTELLA",
    "seoBrand": "Nutella",
    "thumbNail": "https://static.colruytgroup.com/images/200x200/std.lang.all/31/04/asset-1733104.jpg",
    "fullImage": "https://static.colruytgroup.com/images/500x500/std.lang.all/31/04/asset-1733104.jpg",
    "squareImage": "https://static.colruytgroup.com/images/500x500sq/std.lang.all/31/04/asset-1733104.jpg",
    "content": "120x15g",
    "walkRouteSequenceNumber": 17665,
    "price": {
      "basicPrice": 19.59,
      "recommendedQuantity": "1.0",
      "measurementUnitPrice": 10.89,
      "measurementUnit": "K",
      "isRedPrice": false,
      "pricePerUOM": 10.89,
      "activationDate": "04-11-2023",
      "isPromoActive": "N",
      "priceChangeCode": "H"
    },
    "isAvailable": true,
    "isPriceAvailable": true,
    "inPromo": false,
    "gtin": [
      "08000500106877"
    ],
    "topCategoryName": "Brood/Ontbijt",
    "topCategoryId": "124",
    "businessDomain": "RETAIL_BE",
    "IsPrivateLabel": false,
    "IsBiffe": false,
    "WeightconversionFactor": "0",
    "IsWeightArticle": false,
    "nutriscoreLabel": "E",
    "IsBio": false,
    "CountryOfOrigin": "BELGIË",
    "IsExclusivelySoldInLuxembourg": false,
    "OrderUnit": "P",
    "ShortName": "HC NUTELLA CUPS120X15G",
    "IsNew": false,
    "RecentQuanityOfStockUnits": "1",
    "LongName": "NUTELLA chocopasta hazeln. cups 120x15g",
    "AlcoholVolume": "0",
    "FicCode": "E"
  },
  {
    "productId": "18575",
    "technicalArticleNumber": "1716132",
    "commercialArticleNumber": "16394",
    "name": "confituur ass. cups",
    "description": "*50 % vruchten\n*Assortiment: kers,\nrode bes, abrikoos,\naardbei\n*Altijd met factuur",
    "brand": "GOURMET",
    "seoBrand": "Gourmet",
    "thumbNail": "https://static.colruytgroup.com/images/200x200/std.lang.all/31/03/asset-1733103.jpg",
    "fullImage": "https://static.colruytgroup.com/images/500x500/std.lang.all/31/03/asset-1733103.jpg",
    "squareImage": "https://static.colruytgroup.com/images/500x500sq/std.lang.all/31/03/asset-1733103.jpg",
    "content": "100x25g",
    "walkRouteSequenceNumber": 17921,
    "price": {
      "basicPrice": 16.44,
      "recommendedQuantity": "1.0",
      "measurementUnitPrice": 6.58,
      "measurementUnit": "K",
      "isRedPrice": false,
      "pricePerUOM": 6.58,
      "activationDate": "23-09-2023",
      "isPromoActive": "N",
      "priceChangeCode": "H"
    },
    "isAvailable": true,
    "isPriceAvailable": true,
    "inPromo": false,
    "gtin": [
      "05413226330168"
    ],
    "topCategoryName": "Brood/Ontbijt",
    "topCategoryId": "124",
    "businessDomain": "RETAIL_BE",
    "IsPrivateLabel": false,
    "IsBiffe": false,
    "WeightconversionFactor": "0",
    "IsWeightArticle": false,
    "nutriscoreLabel": "D",
    "IsBio": false,
    "CountryOfOrigin": "DUITSLAND",
    "IsExclusivelySoldInLuxembourg": false,
    "OrderUnit": "P",
    "ShortName": "HC GOUR CONF100X25G ASS",
    "IsNew": false,
    "EcoscoreLabel": "D",
    "RecentQuanityOfStockUnits": "1",
    "LongName": "GOURMET confituur ass. cups 100x25g",
    "AlcoholVolume": "0",
    "FicCode": "E",
    "EcoscoreValue": "25"
  },
  {
    "productId": "1021290",
    "technicalArticleNumber": "4790149",
    "commercialArticleNumber": "26513",
    "name": "Ultimate Honey",
    "description": "*Ultimate honey",
    "brand": "JORDANS",
    "seoBrand": "Jordans",
    "thumbNail": "https://static.colruytgroup.com/images/200x200/std.lang.all/99/10/asset-3449910.jpg",
    "fullImage": "https://static.colruytgroup.com/images/500x500/std.lang.all/99/10/asset-3449910.jpg",
    "squareImage": "https://static.colruytgroup.com/images/500x500sq/std.lang.all/99/10/asset-3449910.jpg",
    "content": "325g",
    "walkRouteSequenceNumber": 17489,
    "price": {
      "basicPrice": 4.99,
      "recommendedQuantity": "1.0",
      "measurementUnitPrice": 15.36,
      "measurementUnit": "K",
      "isRedPrice": false,
      "pricePerUOM": 15.36,
      "activationDate": "17-02-2024",
      "isPromoActive": "N",
      "priceChangeCode": "E"
    },
    "isAvailable": true,
    "isPriceAvailable": true,
    "inPromo": false,
    "gtin": [
      "05010477364715"
    ],
    "topCategoryName": "Brood/Ontbijt",
    "topCategoryId": "124",
    "businessDomain": "RETAIL_BE",
    "IsPrivateLabel": false,
    "IsBiffe": false,
    "WeightconversionFactor": "0",
    "IsWeightArticle": false,
    "IsBio": false,
    "CountryOfOrigin": "VERENIGD KONINKRIJK",
    "IsExclusivelySoldInLuxembourg": false,
    "OrderUnit": "P",
    "ShortName": "JORD GRAN.ULTI.HONEY325",
    "IsNew": true,
    "RecentQuanityOfStockUnits": "1",
    "LongName": "JORDANS Ultimate Honey 325g",
    "FicCode": "N"
  },
  {
    "productId": "1021066",
    "technicalArticleNumber": "4789827",
    "commercialArticleNumber": "21386",
    "name": "Brownie",
    "brand": "KELLOGG'S TRÉSOR",
    "seoBrand": "Kellogg's",
    "thumbNail": "https://static.colruytgroup.com/images/200x200/std.lang.all/41/17/asset-3424117.jpg",
    "fullImage": "https://static.colruytgroup.com/images/500x500/std.lang.all/41/17/asset-3424117.jpg",
    "squareImage": "https://static.colruytgroup.com/images/500x500sq/std.lang.all/41/17/asset-3424117.jpg",
    "content": "375g",
    "walkRouteSequenceNumber": 8880,
    "price": {
      "basicPrice": 4.29,
      "recommendedQuantity": "1.0",
      "measurementUnitPrice": 11.44,
      "measurementUnit": "K",
      "isRedPrice": false,
      "pricePerUOM": 11.44,
      "activationDate": "25-01-2024",
      "isPromoActive": "N",
      "priceChangeCode": "E"
    },
    "isAvailable": true,
    "isPriceAvailable": true,
    "inPromo": true,
    "promotion": [
      {
        "techPromoId": "100902COLR",
        "promotionId": "100902",
        "promotionType": "3",
        "isPersonalized": "N",
        "publicationStartDate": "13-03-2024",
        "publicationEndDate": "26-03-2024"
      }
    ],
    "gtin": [
      "05059319029160",
      "05059319029177"
    ],
    "topCategoryName": "Brood/Ontbijt",
    "topCategoryId": "124",
    "businessDomain": "RETAIL_BE",
    "IsPrivateLabel": false,
    "IsBiffe": false,
    "WeightconversionFactor": "0",
    "IsWeightArticle": false,
    "nutriscoreLabel": "D",
    "IsBio": false,
    "CountryOfOrigin": "EUROPA",
    "IsExclusivelySoldInLuxembourg": false,
    "OrderUnit": "P",
    "ShortName": "KELL TRESOR BROWNIE375G",
    "IsNew": true,
    "RecentQuanityOfStockUnits": "1",
    "LongName": "KELLOGG'S TRÉSOR Brownie 375g",
    "AlcoholVolume": "0",
    "FicCode": "E"
  }
]