[
  {
    "productId": "11225",
    "technicalArticleNumber": "1386331",
    "commercialArticleNumber": "19892",
    "name": "Paprika Nuts",
    "description": "*Gebakken in\npalmolie en\nraapzaadolie",
    "brand": "EVERYDAY",
    "seoBrand": "Everyday",
    "thumbNail": "https://static.colruytgroup.com/images/200x200/std.lang.all/63/97/asset-1286397.jpg",
    "fullImage": "https://static.colruytgroup.com/images/500x500/std.lang.all/63/97/asset-1286397.jpg",
    "squareImage": "https://static.colruytgroup.com/images/500x500sq/std.lang.all/63/97/asset-1286397.jpg",
    "content": "200g",
    "walkRouteSequenceNumber": 4481,
    "price": {
      "basicPrice": 0.99,
      "recommendedQuantity": "1.0",
      "measurementUnitPrice": 4.95,
      "measurementUnit": "K",
      "isRedPrice": false,
      "pricePerUOM": 4.95,
      "activationDate": "19-03-2024",
      "recordSource": "Offline",
      "isPromoActive": "N",
      "priceChangeCode": "H"
    },
    "isAvailable": true,
    "isPriceAvailable": true,
    "inPromo": false,
    "gtin": [
      "05400141052107",
      "05400141075540",
      "05400141192735",
      "35400141052108"
    ],
    "topCategoryName": "Groenten en fruit",
    "topCategoryId": "1675",
    "businessDomain": "RETAIL_BE",
    "IsPrivateLabel": true,
    "IsBiffe": false,
    "WeightconversionFactor": "0",
    "IsWeightArticle": false,
    "nutriscoreLabel": "C",
    "IsBio": false,
    "CountryOfOrigin": "NEDERLAND",
    "IsExclusivelySoldInLuxembourg": false,
    "OrderUnit": "P",
    "ShortName": "EVD PAPRIKA NUTS 200G.",
    "IsNew": false,
    "EcoscoreLabel": "C",
    "RecentQuanityOfStockUnits": "30,1",
    "LongName": "EVERYDAY Paprika Nuts 200g",
    "AlcoholVolume": "0",
    "FicCode": "I",
    "EcoscoreValue": "41"
  },
  {
    "productId": "597856",
    "technicalArticleNumber": "4260973",
    "commercialArticleNumber": "3671",
    "name": "chips naturel XL",
    "description": "*Aardappelen chips\n*Zout smaak",
    "brand": "LAY'S",
    "seoBrand": "Lay's",
    "thumbNail": "https://static.colruytgroup.com/images/200x200/std.lang.all/96/52/asset-3179652.jpg",
    "fullImage": "https://static.colruytgroup.com/images/500x500/std.lang.all/96/52/asset-3179652.jpg",
    "squareImage": "https://static.colruytgroup.com/images/500x500sq/std.lang.all/96/52/asset-3179652.jpg",
    "content": "275g",
    "walkRouteSequenceNumber": 4624,
    "price": {
      "basicPrice": 1.83,
      "recommendedQuantity": "1.0",
      "measurementUnitPrice": 6.66,
      "measurementUnit": "K",
      "isRedPrice": false,
      "pricePerUOM": 6.66,
      "activationDate": "23-03-2024",
      "recordSource": "Offline",
      "isPromoActive": "N",
      "priceChangeCode": "E"
    },
    "isAvailable": true,
    "isPriceAvailable": true,
    "inPromo": false,
    "gtin": [
      "08710398500410",
      "08710398500427"
    ],
    "topCategoryName": "Chips/Borrelhapjes",
    "topCategoryId": "306",
    "businessDomain": "RETAIL_BE",
    "IsPrivateLabel": false,
    "IsBiffe": false,
    "WeightconversionFactor": "0",
    "IsWeightArticle": false,
    "nutriscoreLabel": "C",
    "IsBio": false,
    "CountryOfOrigin": "NEDERLAND",
    "IsExclusivelySoldInLuxembourg": false,
    "OrderUnit": "P",
    "ShortName": "LAYS NATUREL XL 275G",
    "IsNew": false,
    "RecentQuanityOfStockUnits": "15,1",
    "LongName": "LAY'S chips naturel XL 275g",
    "FicCode": "E"
  },
  {
    "productId": "19545",
    "technicalArticleNumber": "1688626",
    "commercialArticleNumber": "18204",
    "name": "chips zout",
    "description": "*Gebakken in\nzonnebloemolie",
    "brand": "EVERYDAY",
    "seoBrand": "Everyday",
    "thumbNail": "https://static.colruytgroup.com/images/200x200/std.lang.all/02/00/asset-3310200.jpg",
    "fullImage": "https://static.colruytgroup.com/images/500x500/std.lang.all/02/00/asset-3310200.jpg",
    "squareImage": "https://static.colruytgroup.com/images/500x500sq/std.lang.all/02/00/asset-3310200.jpg",
    "content": "200g",
    "walkRouteSequenceNumber": 4625,
    "price": {
      "basicPrice": 0.864,
      "recommendedQuantity": "1.0",
      "measurementUnitPrice": 4.32,
      "measurementUnit": "K",
      "isRedPrice": false,
      "pricePerUOM": 4.32,
      "activationDate": "20-02-2024",
      "recordSource": "Offline",
      "isPromoActive": "N",
      "priceChangeCode": "E"
    },
    "isAvailable": true,
    "isPriceAvailable": true,
    "inPromo": false,
    "gtin": [
      "05400141160550",
      "15400141160557",
      "05400141982046",
      "05400141282054",
      "15400141672456",
      "05400141672459",
      "04513568541541",
      "15400141282044"
    ],
    "topCategoryName": "Chips/Borrelhapjes",
    "topCategoryId": "306",
    "businessDomain": "RETAIL_BE",
    "IsPrivateLabel": true,
    "IsBiffe": false,
    "WeightconversionFactor": "0",
    "IsWeightArticle": false,
    "nutriscoreLabel": "D",
    "IsBio": false,
    "CountryOfOrigin": "BELGIË",
    "IsExclusivelySoldInLuxembourg": false,
    "OrderUnit": "P",
    "ShortName": "EVD CHIPS ZOUT 200G",
    "IsNew": false,
    "EcoscoreLabel": "B",
    "RecentQuanityOfStockUnits": "1,20",
    "LongName": "EVERYDAY chips zout 200g",
    "AlcoholVolume": "0",
    "FicCode": "I",
    "EcoscoreValue": "72"
  },
  {
    "productId": "600370",
    "technicalArticleNumber": "4266135",
    "commercialArticleNumber": "16850",
    "name": "chips paprika XL",
    "description": "*Aardappelen chips\n*Paprika smaak",
    "brand": "LAY'S",
    "seoBrand": "Lay's",
    "thumbNail": "https://static.colruytgroup.com/images/200x200/std.lang.all/08/14/asset-2140814.jpg",
    "fullImage": "https://static.colruytgroup.com/images/500x500/std.lang.all/08/14/asset-2140814.jpg",
    "squareImage": "https://static.colruytgroup.com/images/500x500sq/std.lang.all/08/14/asset-2140814.jpg",
    "content": "275g",
    "walkRouteSequenceNumber": 4622,
    "price": {
      "basicPrice": 1.97,
      "recommendedQuantity": "1.0",
      "measurementUnitPrice": 7.17,
      "measurementUnit": "K",
      "isRedPrice": false,
      "pricePerUOM": 7.17,
      "activationDate": "22-03-2024",
      "recordSource": "Offline",
      "isPromoActive": "N",
      "priceChangeCode": "E"
    },
    "isAvailable": true,
    "isPriceAvailable": true,
    "inPromo": false,
    "gtin": [
      "08710398500434",
      "08710398500441"
    ],
    "topCategoryName": "Chips/Borrelhapjes",
    "topCategoryId": "306",
    "businessDomain": "RETAIL_BE",
    "IsPrivateLabel": false,
    "IsBiffe": false,
    "WeightconversionFactor": "0",
    "IsWeightArticle": false,
    "nutriscoreLabel": "C",
    "IsBio": false,
    "CountryOfOrigin": "NEDERLAND",
    "IsExclusivelySoldInLuxembourg": false,
    "OrderUnit": "P",
    "ShortName": "LAYS PAPRIKA XL 275G",
    "IsNew": false,
    "RecentQuanityOfStockUnits": "1,15",
    "LongName": "LAY'S chips paprika XL 275g",
    "FicCode": "E"
  },
  {
    "productId": "777995",
    "technicalArticleNumber": "4570985",
    "commercialArticleNumber": "25016",
    "name": "salt black pepper",
    "brand": "LAY'S MAX",
    "seoBrand": "Lay's Max",
    "thumbNail": "https://static.colruytgroup.com/images/200x200/std.lang.all/50/19/asset-2785019.jpg",
    "fullImage": "https://static.colruytgroup.com/images/500x500/std.lang.all/50/19/asset-2785019.jpg",
    "squareImage": "https://static.colruytgroup.com/images/500x500sq/std.lang.all/50/19/asset-2785019.jpg",
    "content": "250g",
    "walkRouteSequenceNumber": 4650,
    "price": {
      "basicPrice": 2.05,
      "recommendedQuantity": "1.0",
      "measurementUnitPrice": 8.2,
      "measurementUnit": "K",
      "isRedPrice": false,
      "pricePerUOM": 8.2,
      "activationDate": "21-03-2024",
      "isPromoActive": "Y",
      "priceChangeCode": "H"
    },
    "isAvailable": true,
    "isPriceAvailable": true,
    "inPromo": true,
    "promotion": [
      {
        "techPromoId": "100901COLR",
        "promotionId": "100901",
        "promotionType": "3",
        "isPersonalized": "N",
        "publicationStartDate": "13-03-2024",
        "publicationEndDate": "26-03-2024"
      }
    ],
    "gtin": [
      "08710398524294",
      "08710398524300"
    ],
    "topCategoryName": "Chips/Borrelhapjes",
    "topCategoryId": "306",
    "businessDomain": "RETAIL_BE",
    "IsPrivateLabel": false,
    "IsBiffe": false,
    "WeightconversionFactor": "0",
    "IsWeightArticle": false,
    "nutriscoreLabel": "C",
    "IsBio": false,
    "CountryOfOrigin": "NEDERLAND",
    "IsExclusivelySoldInLuxembourg": false,
    "OrderUnit": "P",
    "ShortName": "LAYS MAX SALT BL.PEP250",
    "IsNew": false,
    "RecentQuanityOfStockUnits": "15,1",
    "LongName": "LAY'S MAX salt black pepper 250g",
    "FicCode": "E"
  },
  {
    "productId": "187420",
    "technicalArticleNumber": "3460068",
    "commercialArticleNumber": "50308",
    "name": "Grills",
    "description": "*Chips van maïs\n*Bacon smaak",
    "brand": "LAY'S",
    "seoBrand": "Lay's Grills",
    "thumbNail": "https://static.colruytgroup.com/images/200x200/std.lang.all/88/02/asset-3248802.jpg",
    "fullImage": "https://static.colruytgroup.com/images/500x500/std.lang.all/88/02/asset-3248802.jpg",
    "squareImage": "https://static.colruytgroup.com/images/500x500sq/std.lang.all/88/02/asset-3248802.jpg",
    "content": "125g",
    "walkRouteSequenceNumber": 4760,
    "price": {
      "basicPrice": 1.49,
      "recommendedQuantity": "1.0",
      "measurementUnitPrice": 11.92,
      "measurementUnit": "K",
      "isRedPrice": false,
      "pricePerUOM": 11.92,
      "activationDate": "14-03-2024",
      "recordSource": "Offline",
      "isPromoActive": "N",
      "priceChangeCode": "E"
    },
    "isAvailable": true,
    "isPriceAvailable": true,
    "inPromo": false,
    "gtin": [
      "08710398502285",
      "08710398504593"
    ],
    "topCategoryName": "Chips/Borrelhapjes",
    "topCategoryId": "306",
    "businessDomain": "RETAIL_BE",
    "IsPrivateLabel": false,
    "IsBiffe": false,
    "WeightconversionFactor": "0",
    "IsWeightArticle": false,
    "nutriscoreLabel": "D",
    "IsBio": false,
    "CountryOfOrigin": "EUROPA",
    "IsExclusivelySoldInLuxembourg": false,
    "OrderUnit": "P",
    "ShortName": "LAYS GRILLS GEROOKT 125",
    "IsNew": false,
    "RecentQuanityOfStockUnits": "1,20",
    "LongName": "LAY'S Grills 125g",
    "AlcoholVolume": "0",
    "FicCode": "E"
  },
  {
    "productId": "427218",
    "technicalArticleNumber": "3965214",
    "commercialArticleNumber": "2770",
    "name": "Bugles cheese",
    "description": "*Chips van maïs\n*Kaas smaak",
    "brand": "LAY'S",
    "seoBrand": "Lay's Bugles",
    "thumbNail": "https://static.colruytgroup.com/images/200x200/std.lang.all/88/03/asset-3248803.jpg",
    "fullImage": "https://static.colruytgroup.com/images/500x500/std.lang.all/88/03/asset-3248803.jpg",
    "squareImage": "https://static.colruytgroup.com/images/500x500sq/std.lang.all/88/03/asset-3248803.jpg",
    "content": "160g",
    "walkRouteSequenceNumber": 4761,
    "price": {
      "basicPrice": 1.89,
      "recommendedQuantity": "1.0",
      "measurementUnitPrice": 11.82,
      "measurementUnit": "K",
      "isRedPrice": false,
      "pricePerUOM": 11.82,
      "activationDate": "14-03-2024",
      "recordSource": "Offline",
      "isPromoActive": "N",
      "priceChangeCode": "H"
    },
    "isAvailable": true,
    "isPriceAvailable": true,
    "inPromo": false,
    "gtin": [
      "08710398507402",
      "08710398507419"
    ],
    "topCategoryName": "Chips/Borrelhapjes",
    "topCategoryId": "306",
    "businessDomain": "RETAIL_BE",
    "IsPrivateLabel": false,
    "IsBiffe": false,
    "WeightconversionFactor": "0",
    "IsWeightArticle": false,
    "nutriscoreLabel": "D",
    "IsBio": false,
    "CountryOfOrigin": "EUROPA",
    "IsExclusivelySoldInLuxembourg": false,
    "OrderUnit": "P",
    "ShortName": "LAYS BUGLES CHEESE 160G",
    "IsNew": false,
    "RecentQuanityOfStockUnits": "20,1",
    "LongName": "LAY'S Bugles cheese 160g",
    "FicCode": "E"
  },
  {
    "productId": "1459",
    "technicalArticleNumber": "19809",
    "commercialArticleNumber": "19809",
    "name": "Tortilla chips natuur",
    "description": "*Gebakken in\nzonnebloemolie",
    "brand": "BONI",
    "seoBrand": "Boni Selection",
    "thumbNail": "https://static.colruytgroup.com/images/200x200/std.lang.all/23/02/asset-2062302.jpg",
    "fullImage": "https://static.colruytgroup.com/images/500x500/std.lang.all/23/02/asset-2062302.jpg",
    "squareImage": "https://static.colruytgroup.com/images/500x500sq/std.lang.all/23/02/asset-2062302.jpg",
    "content": "200g",
    "walkRouteSequenceNumber": 4816,
    "price": {
      "basicPrice": 0.59,
      "recommendedQuantity": "1.0",
      "measurementUnitPrice": 2.95,
      "measurementUnit": "K",
      "isRedPrice": false,
      "pricePerUOM": 2.95,
      "activationDate": "20-02-2024",
      "recordSource": "Offline",
      "isPromoActive": "N",
      "priceChangeCode": "E"
    },
    "isAvailable": true,
    "isPriceAvailable": true,
    "inPromo": false,
    "gtin": [
      "05400141073706",
      "05400141322668",
      "05400141354584",
      "15400141322665",
      "05400141439359",
      "15400141439356"
    ],
    "topCategoryName": "Chips/Borrelhapjes",
    "topCategoryId": "306",
    "businessDomain": "RETAIL_BE",
    "IsPrivateLabel": true,
    "IsBiffe": false,
    "WeightconversionFactor": "0",
    "IsWeightArticle": false,
    "nutriscoreLabel": "C",
    "IsBio": false,
    "CountryOfOrigin": "BELGIË",
    "IsExclusivelySoldInLuxembourg": false,
    "OrderUnit": "P",
    "ShortName": "BONI TORTILLA NATUUR200",
    "IsNew": false,
    "EcoscoreLabel": "B",
    "RecentQuanityOfStockUnits": "20,1",
    "LongName": "BONI Tortilla chips natuur 200g",
    "AlcoholVolume": "0",
    "FicCode": "I",
    "EcoscoreValue": "67"
  },
  {
    "productId": "12734",
    "technicalArticleNumber": "1235199",
    "commercialArticleNumber": "19864",
    "name": "pinda's geroosterd-gez",
    "description": "*Gebakken in\narachideolie",
    "brand": "EVERYDAY",
    "seoBrand": "Everyday",
    "thumbNail": "https://static.colruytgroup.com/images/200x200/std.lang.all/54/41/asset-2865441.jpg",
    "fullImage": "https://static.colruytgroup.com/images/500x500/std.lang.all/54/41/asset-2865441.jpg",
    "squareImage": "https://static.colruytgroup.com/images/500x500sq/std.lang.all/54/41/asset-2865441.jpg",
    "content": "250g",
    "walkRouteSequenceNumber": 4439,
    "price": {
      "basicPrice": 0.59,
      "recommendedQuantity": "1.0",
      "measurementUnitPrice": 2.36,
      "measurementUnit": "K",
      "isRedPrice": false,
      "pricePerUOM": 2.36,
      "activationDate": "23-03-2024",
      "recordSource": "Offline",
      "isPromoActive": "N",
      "priceChangeCode": "H"
    },
    "isAvailable": true,
    "isPriceAvailable": true,
    "inPromo": false,
    "gtin": [
      "15400141975694",
      "05400141073812",
      "15400141198642",
      "05400141358612",
      "05400141405392",
      "05400141215250",
      "15400141614203",
      "05400141614206"
    ],
    "topCategoryName": "Groenten en fruit",
    "topCategoryId": "1675",
    "businessDomain": "RETAIL_BE",
    "IsPrivateLabel": true,
    "IsBiffe": false,
    "WeightconversionFactor": "0",
    "IsWeightArticle": false,
    "nutriscoreLabel": "B",
    "IsBio": false,
    "CountryOfOrigin": "BELGIË",
    "IsExclusivelySoldInLuxembourg": false,
    "OrderUnit": "P",
    "ShortName": "EVD GEZOUTEN PINDAS 250",
    "IsNew": false,
    "EcoscoreLabel": "C",
    "RecentQuanityOfStockUnits": "36,1",
    "LongName": "EVERYDAY pinda's geroosterd-gez 250g",
    "AlcoholVolume": "0",
    "FicCode": "I",
    "EcoscoreValue": "41"
  },
  {
    "productId": "19649",
    "technicalArticleNumber": "1688627",
    "commercialArticleNumber": "18205",
    "name": "chips paprika",
    "description": "*Gebakken in\nzonnebloemolie",
    "brand": "EVERYDAY",
    "seoBrand": "Everyday",
    "thumbNail": "https://static.colruytgroup.com/images/200x200/std.lang.all/35/85/asset-3363585.jpg",
    "fullImage": "https://static.colruytgroup.com/images/500x500/std.lang.all/35/85/asset-3363585.jpg",
    "squareImage": "https://static.colruytgroup.com/images/500x500sq/std.lang.all/35/85/asset-3363585.jpg",
    "content": "200g",
    "walkRouteSequenceNumber": 4644,
    "price": {
      "basicPrice": 0.87,
      "recommendedQuantity": "1.0",
      "measurementUnitPrice": 4.35,
      "measurementUnit": "K",
      "isRedPrice": false,
      "pricePerUOM": 4.35,
      "activationDate": "23-03-2024",
      "recordSource": "Offline",
      "isPromoActive": "N",
      "priceChangeCode": "H"
    },
    "isAvailable": true,
    "isPriceAvailable": true,
    "inPromo": false,
    "gtin": [
      "05400141214789",
      "15400141190141",
      "15400141672463",
      "05400141190144",
      "05400141083231",
      "05400141672466",
      "05400141034196"
    ],
    "topCategoryName": "Chips/Borrelhapjes",
    "topCategoryId": "306",
    "businessDomain": "RETAIL_BE",
    "IsPrivateLabel": true,
    "IsBiffe": false,
    "WeightconversionFactor": "0",
    "IsWeightArticle": false,
    "nutriscoreLabel": "D",
    "IsBio": false,
    "CountryOfOrigin": "BELGIË",
    "IsExclusivelySoldInLuxembourg": false,
    "OrderUnit": "P",
    "ShortName": "EVD CHIPS PAPRIKA 200G",
    "IsNew": false,
    "EcoscoreLabel": "B",
    "RecentQuanityOfStockUnits": "20,1",
    "LongName": "EVERYDAY chips paprika 200g",
    "AlcoholVolume": "0",
    "FicCode": "I",
    "EcoscoreValue": "72"
  },
  {
    "productId": "779177",
    "technicalArticleNumber": "4573117",
    "commercialArticleNumber": "28616",
    "name": "paprika",
    "brand": "LAY'S MAX",
    "seoBrand": "Lay's Max",
    "thumbNail": "https://static.colruytgroup.com/images/200x200/std.lang.all/49/43/asset-2784943.jpg",
    "fullImage": "https://static.colruytgroup.com/images/500x500/std.lang.all/49/43/asset-2784943.jpg",
    "squareImage": "https://static.colruytgroup.com/images/500x500sq/std.lang.all/49/43/asset-2784943.jpg",
    "content": "250g",
    "walkRouteSequenceNumber": 4643,
    "price": {
      "basicPrice": 2.41,
      "recommendedQuantity": "1.0",
      "measurementUnitPrice": 9.64,
      "measurementUnit": "K",
      "isRedPrice": false,
      "pricePerUOM": 9.64,
      "activationDate": "21-03-2024",
      "recordSource": "Offline",
      "isPromoActive": "N",
      "priceChangeCode": "H"
    },
    "isAvailable": true,
    "isPriceAvailable": true,
    "inPromo": true,
    "promotion": [
      {
        "techPromoId": "100901COLR",
        "promotionId": "100901",
        "promotionType": "3",
        "isPersonalized": "N",
        "publicationStartDate": "13-03-2024",
        "publicationEndDate": "26-03-2024"
      }
    ],
    "gtin": [
      "08710398524393",
      "08710398524409"
    ],
    "topCategoryName": "Chips/Borrelhapjes",
    "topCategoryId": "306",
    "businessDomain": "RETAIL_BE",
    "IsPrivateLabel": false,
    "IsBiffe": false,
    "WeightconversionFactor": "0",
    "IsWeightArticle": false,
    "nutriscoreLabel": "C",
    "IsBio": false,
    "CountryOfOrigin": "NEDERLAND",
    "IsExclusivelySoldInLuxembourg": false,
    "OrderUnit": "P",
    "ShortName": "LAYS MAX PAPRIKA 250",
    "IsNew": false,
    "RecentQuanityOfStockUnits": "1,15",
    "LongName": "LAY'S MAX paprika 250g",
    "FicCode": "E"
  },
  {
    "productId": "2365",
    "technicalArticleNumber": "1099334",
    "commercialArticleNumber": "19752",
    "name": "chips Naturel",
    "description": "*Aardappelen chips\n*Zout smaak",
    "brand": "LAY'S",
    "seoBrand": "Lay's",
    "thumbNail": "https://static.colruytgroup.com/images/200x200/std.lang.all/00/67/asset-2730067.jpg",
    "fullImage": "https://static.colruytgroup.com/images/500x500/std.lang.all/00/67/asset-2730067.jpg",
    "squareImage": "https://static.colruytgroup.com/images/500x500sq/std.lang.all/00/67/asset-2730067.jpg",
    "content": "45g",
    "walkRouteSequenceNumber": 4630,
    "price": {
      "basicPrice": 0.69,
      "recommendedQuantity": "1.0",
      "measurementUnitPrice": 15.34,
      "measurementUnit": "K",
      "isRedPrice": false,
      "pricePerUOM": 15.34,
      "activationDate": "28-02-2024",
      "recordSource": "Offline",
      "isPromoActive": "N",
      "priceChangeCode": "E"
    },
    "isAvailable": true,
    "isPriceAvailable": true,
    "inPromo": false,
    "gtin": [
      "03168930000020",
      "08710398302823",
      "08710398601629"
    ],
    "topCategoryName": "Chips/Borrelhapjes",
    "topCategoryId": "306",
    "businessDomain": "RETAIL_BE",
    "IsPrivateLabel": false,
    "IsBiffe": false,
    "WeightconversionFactor": "0",
    "IsWeightArticle": false,
    "nutriscoreLabel": "C",
    "IsBio": false,
    "CountryOfOrigin": "EUROPA",
    "IsExclusivelySoldInLuxembourg": false,
    "OrderUnit": "P",
    "ShortName": "LAYS CHIPS NATU.45 GR",
    "IsNew": false,
    "RecentQuanityOfStockUnits": "1,20",
    "LongName": "LAY'S chips Naturel 45g",
    "AlcoholVolume": "0",
    "FicCode": "E"
  },
  {
    "productId": "422123",
    "technicalArticleNumber": "3946333",
    "commercialArticleNumber": "1686",
    "name": "chips paprika ribble",
    "description": "*Geribbelde gebakken\n*Paprika",
    "brand": "BONI",
    "seoBrand": "Boni Selection",
    "thumbNail": "https://static.colruytgroup.com/images/200x200/std.lang.all/91/61/asset-3329161.jpg",
    "fullImage": "https://static.colruytgroup.com/images/500x500/std.lang.all/91/61/asset-3329161.jpg",
    "squareImage": "https://static.colruytgroup.com/images/500x500sq/std.lang.all/91/61/asset-3329161.jpg",
    "content": "200g",
    "walkRouteSequenceNumber": 4647,
    "price": {
      "basicPrice": 0.952,
      "recommendedQuantity": "1.0",
      "measurementUnitPrice": 4.76,
      "measurementUnit": "K",
      "isRedPrice": false,
      "pricePerUOM": 4.76,
      "activationDate": "12-03-2024",
      "recordSource": "Offline",
      "isPromoActive": "N",
      "priceChangeCode": "L"
    },
    "isAvailable": true,
    "isPriceAvailable": true,
    "inPromo": false,
    "gtin": [
      "15400141342427",
      "15400141023388",
      "05400141342420",
      "05400141023381"
    ],
    "topCategoryName": "Chips/Borrelhapjes",
    "topCategoryId": "306",
    "businessDomain": "RETAIL_BE",
    "IsPrivateLabel": true,
    "IsBiffe": false,
    "WeightconversionFactor": "0",
    "IsWeightArticle": false,
    "nutriscoreLabel": "D",
    "IsBio": false,
    "CountryOfOrigin": "BELGIË",
    "IsExclusivelySoldInLuxembourg": false,
    "OrderUnit": "P",
    "ShortName": "BONI CHPS PAPRI.RIB.200",
    "IsNew": false,
    "EcoscoreLabel": "B",
    "RecentQuanityOfStockUnits": "20,1",
    "LongName": "BONI chips paprika ribble 200g",
    "FicCode": "I",
    "EcoscoreValue": "79"
  },
  {
    "productId": "24222",
    "technicalArticleNumber": "1967363",
    "commercialArticleNumber": "19302",
    "name": "OVEN BAKED Roasted paprika",
    "description": "*Aardappelen chips\n*Oven gebakken\n*Paprika smaak",
    "brand": "LAY'S",
    "seoBrand": "Lay’s Oven Baked",
    "thumbNail": "https://static.colruytgroup.com/images/200x200/std.lang.all/25/91/asset-2732591.jpg",
    "fullImage": "https://static.colruytgroup.com/images/500x500/std.lang.all/25/91/asset-2732591.jpg",
    "squareImage": "https://static.colruytgroup.com/images/500x500sq/std.lang.all/25/91/asset-2732591.jpg",
    "content": "150g",
    "walkRouteSequenceNumber": 4571,
    "price": {
      "basicPrice": 1.75,
      "recommendedQuantity": "1.0",
      "measurementUnitPrice": 11.67,
      "measurementUnit": "K",
      "isRedPrice": false,
      "pricePerUOM": 11.67,
      "activationDate": "23-03-2024",
      "recordSource": "Offline",
      "isPromoActive": "N",
      "priceChangeCode": "E"
    },
    "isAvailable": true,
    "isPriceAvailable": true,
    "inPromo": false,
    "gtin": [
      "08710398160881",
      "15400141131991",
      "08710398160904",
      "08710398526601"
    ],
    "topCategoryName": "Chips/Borrelhapjes",
    "topCategoryId": "306",
    "businessDomain": "RETAIL_BE",
    "IsPrivateLabel": false,
    "IsBiffe": false,
    "WeightconversionFactor": "0",
    "IsWeightArticle": false,
    "nutriscoreLabel": "B",
    "IsBio": false,
    "CountryOfOrigin": "BELGIË",
    "IsExclusivelySoldInLuxembourg": false,
    "OrderUnit": "P",
    "ShortName": "LAYS OVEN PAPRIKA 150G",
    "IsNew": false,
    "RecentQuanityOfStockUnits": "1,2,24",
    "LongName": "LAY'S OVEN BAKED Roasted paprika 150g",
    "AlcoholVolume": "0",
    "FicCode": "E"
  },
  {
    "productId": "537407",
    "technicalArticleNumber": "4133846",
    "commercialArticleNumber": "8731",
    "name": "ribble chips zout",
    "brand": "BONI",
    "seoBrand": "Boni Selection",
    "thumbNail": "https://static.colruytgroup.com/images/200x200/std.lang.all/02/58/asset-2050258.jpg",
    "fullImage": "https://static.colruytgroup.com/images/500x500/std.lang.all/02/58/asset-2050258.jpg",
    "squareImage": "https://static.colruytgroup.com/images/500x500sq/std.lang.all/02/58/asset-2050258.jpg",
    "content": "200g",
    "walkRouteSequenceNumber": 4655,
    "price": {
      "basicPrice": 0.872,
      "recommendedQuantity": "1.0",
      "measurementUnitPrice": 4.36,
      "measurementUnit": "K",
      "isRedPrice": false,
      "pricePerUOM": 4.36,
      "activationDate": "19-03-2024",
      "recordSource": "Offline",
      "isPromoActive": "N",
      "priceChangeCode": "L"
    },
    "isAvailable": true,
    "isPriceAvailable": true,
    "inPromo": false,
    "gtin": [
      "15400141304494",
      "05400141304497"
    ],
    "topCategoryName": "Chips/Borrelhapjes",
    "topCategoryId": "306",
    "businessDomain": "RETAIL_BE",
    "IsPrivateLabel": true,
    "IsBiffe": false,
    "WeightconversionFactor": "0",
    "IsWeightArticle": false,
    "nutriscoreLabel": "D",
    "IsBio": false,
    "CountryOfOrigin": "BELGIË",
    "IsExclusivelySoldInLuxembourg": false,
    "OrderUnit": "P",
    "ShortName": "BONI RIBB.CHIPS ZOUT200",
    "IsNew": false,
    "EcoscoreLabel": "B",
    "RecentQuanityOfStockUnits": "1,20",
    "LongName": "BONI ribble chips zout 200g",
    "FicCode": "I",
    "EcoscoreValue": "79"
  },
  {
    "productId": "174350",
    "technicalArticleNumber": "3349475",
    "commercialArticleNumber": "7220",
    "name": "Ribble Chips Salt&Pepper",
    "description": "*Gebakken in\nzonnebloemolie",
    "brand": "BONI",
    "seoBrand": "Boni Selection",
    "thumbNail": "https://static.colruytgroup.com/images/200x200/std.lang.all/78/25/asset-3247825.jpg",
    "fullImage": "https://static.colruytgroup.com/images/500x500/std.lang.all/78/25/asset-3247825.jpg",
    "squareImage": "https://static.colruytgroup.com/images/500x500sq/std.lang.all/78/25/asset-3247825.jpg",
    "content": "200g",
    "walkRouteSequenceNumber": 4648,
    "price": {
      "basicPrice": 1.03,
      "recommendedQuantity": "1.0",
      "measurementUnitPrice": 5.15,
      "measurementUnit": "K",
      "isRedPrice": false,
      "pricePerUOM": 5.15,
      "activationDate": "13-03-2024",
      "recordSource": "Offline",
      "isPromoActive": "N",
      "priceChangeCode": "H"
    },
    "isAvailable": true,
    "isPriceAvailable": true,
    "inPromo": false,
    "gtin": [
      "05400141190106",
      "15400141323693",
      "15400141190103",
      "05400141323696",
      "05400141293838",
      "05400141933574",
      "15400141933571"
    ],
    "topCategoryName": "Chips/Borrelhapjes",
    "topCategoryId": "306",
    "businessDomain": "RETAIL_BE",
    "IsPrivateLabel": true,
    "IsBiffe": false,
    "WeightconversionFactor": "0",
    "IsWeightArticle": false,
    "nutriscoreLabel": "C",
    "IsBio": false,
    "CountryOfOrigin": "BELGIË",
    "IsExclusivelySoldInLuxembourg": false,
    "OrderUnit": "P",
    "ShortName": "BONI RIB.PEPER ZOUT200G",
    "IsNew": false,
    "EcoscoreLabel": "B",
    "RecentQuanityOfStockUnits": "20,1",
    "LongName": "BONI Ribble Chips Salt&Pepper 200g",
    "AlcoholVolume": "0",
    "FicCode": "I",
    "EcoscoreValue": "72"
  },
  {
    "productId": "2366",
    "technicalArticleNumber": "1099336",
    "commercialArticleNumber": "19753",
    "name": "chips paprika",
    "description": "*Aardappelen chips\n*Paprika smaak",
    "brand": "LAY'S",
    "seoBrand": "Lay's",
    "thumbNail": "https://static.colruytgroup.com/images/200x200/std.lang.all/00/68/asset-2730068.jpg",
    "fullImage": "https://static.colruytgroup.com/images/500x500/std.lang.all/00/68/asset-2730068.jpg",
    "squareImage": "https://static.colruytgroup.com/images/500x500sq/std.lang.all/00/68/asset-2730068.jpg",
    "content": "45g",
    "walkRouteSequenceNumber": 4631,
    "price": {
      "basicPrice": 0.69,
      "recommendedQuantity": "1.0",
      "measurementUnitPrice": 15.34,
      "measurementUnit": "K",
      "isRedPrice": false,
      "pricePerUOM": 15.34,
      "activationDate": "28-02-2024",
      "recordSource": "Offline",
      "isPromoActive": "N",
      "priceChangeCode": "E"
    },
    "isAvailable": true,
    "isPriceAvailable": true,
    "inPromo": false,
    "gtin": [
      "08710398302830",
      "08710398601636"
    ],
    "topCategoryName": "Chips/Borrelhapjes",
    "topCategoryId": "306",
    "businessDomain": "RETAIL_BE",
    "IsPrivateLabel": false,
    "IsBiffe": false,
    "WeightconversionFactor": "0",
    "IsWeightArticle": false,
    "nutriscoreLabel": "C",
    "IsBio": false,
    "CountryOfOrigin": "EUROPA",
    "IsExclusivelySoldInLuxembourg": false,
    "OrderUnit": "P",
    "ShortName": "LAYS CHIPS PAPRIKA 45G",
    "IsNew": false,
    "RecentQuanityOfStockUnits": "1,20",
    "LongName": "LAY'S chips paprika 45g",
    "AlcoholVolume": "0",
    "FicCode": "E"
  },
  {
    "productId": "16796",
    "technicalArticleNumber": "1558363",
    "commercialArticleNumber": "19380",
    "name": "cashew geroost&gezouten",
    "brand": "BONI",
    "seoBrand": "Boni Selection",
    "thumbNail": "https://static.colruytgroup.com/images/200x200/std.lang.all/86/88/asset-2048688.jpg",
    "fullImage": "https://static.colruytgroup.com/images/500x500/std.lang.all/86/88/asset-2048688.jpg",
    "squareImage": "https://static.colruytgroup.com/images/500x500sq/std.lang.all/86/88/asset-2048688.jpg",
    "content": "200g",
    "walkRouteSequenceNumber": 4437,
    "price": {
      "basicPrice": 1.85,
      "recommendedQuantity": "1.0",
      "measurementUnitPrice": 9.25,
      "measurementUnit": "K",
      "isRedPrice": false,
      "pricePerUOM": 9.25,
      "activationDate": "11-03-2024",
      "recordSource": "Offline",
      "isPromoActive": "N",
      "priceChangeCode": "E"
    },
    "isAvailable": true,
    "isPriceAvailable": true,
    "inPromo": false,
    "gtin": [
      "05400141229851",
      "05400141311433",
      "15400141311430"
    ],
    "topCategoryName": "Groenten en fruit",
    "topCategoryId": "1675",
    "businessDomain": "RETAIL_BE",
    "IsPrivateLabel": true,
    "IsBiffe": false,
    "WeightconversionFactor": "0",
    "IsWeightArticle": false,
    "nutriscoreLabel": "C",
    "IsBio": false,
    "CountryOfOrigin": "BELGIË",
    "IsExclusivelySoldInLuxembourg": false,
    "OrderUnit": "P",
    "ShortName": "BON CASH.NO.ZOUT200",
    "InSeason": true,
    "IsNew": false,
    "EcoscoreLabel": "D",
    "RecentQuanityOfStockUnits": "1,20",
    "LongName": "BONI cashew geroost&gezouten 200g",
    "AlcoholVolume": "0",
    "StartSeasonDate": "03/11/2008",
    "FicCode": "I",
    "EcoscoreValue": "37"
  },
  {
    "productId": "454859",
    "technicalArticleNumber": "4024313",
    "commercialArticleNumber": "5301",
    "name": "hummus klassiek",
    "description": "*O.b.v. kikkererwten",
    "brand": "BONI",
    "seoBrand": "Boni Selection",
    "thumbNail": "https://static.colruytgroup.com/images/200x200/std.lang.all/42/14/asset-2494214.jpg",
    "fullImage": "https://static.colruytgroup.com/images/500x500/std.lang.all/42/14/asset-2494214.jpg",
    "squareImage": "https://static.colruytgroup.com/images/500x500sq/std.lang.all/42/14/asset-2494214.jpg",
    "content": "200g",
    "walkRouteSequenceNumber": 7757,
    "price": {
      "basicPrice": 0.89,
      "recommendedQuantity": "1.0",
      "measurementUnitPrice": 4.45,
      "measurementUnit": "K",
      "isRedPrice": false,
      "pricePerUOM": 4.45,
      "activationDate": "28-02-2024",
      "recordSource": "Offline",
      "isPromoActive": "N",
      "priceChangeCode": "H"
    },
    "isAvailable": true,
    "isPriceAvailable": true,
    "inPromo": false,
    "gtin": [
      "25400141461323",
      "05400141664942",
      "05400141240894",
      "05400141461329",
      "35400141618465"
    ],
    "topCategoryName": "Chips/Borrelhapjes",
    "topCategoryId": "306",
    "businessDomain": "RETAIL_BE",
    "IsPrivateLabel": true,
    "IsBiffe": false,
    "WeightconversionFactor": "0",
    "IsWeightArticle": false,
    "nutriscoreLabel": "C",
    "IsBio": false,
    "CountryOfOrigin": "BELGIË",
    "IsExclusivelySoldInLuxembourg": false,
    "OrderUnit": "P",
    "ShortName": "BONI HUMMUS KLAS.200G",
    "IsNew": false,
    "EcoscoreLabel": "B",
    "RecentQuanityOfStockUnits": "6,1",
    "LongName": "BONI hummus klassiek 200g",
    "FicCode": "I",
    "EcoscoreValue": "79"
  },
  {
    "productId": "600363",
    "technicalArticleNumber": "4266128",
    "commercialArticleNumber": "16833",
    "name": "Heinz tomato ketchup XL",
    "description": "*Aardappelen chips\n*Ketchup smaak",
    "brand": "LAY'S",
    "seoBrand": "Lay's",
    "thumbNail": "https://static.colruytgroup.com/images/200x200/std.lang.all/80/71/asset-2288071.jpg",
    "fullImage": "https://static.colruytgroup.com/images/500x500/std.lang.all/80/71/asset-2288071.jpg",
    "squareImage": "https://static.colruytgroup.com/images/500x500sq/std.lang.all/80/71/asset-2288071.jpg",
    "content": "275g",
    "walkRouteSequenceNumber": 4621,
    "price": {
      "basicPrice": 2.18,
      "recommendedQuantity": "1.0",
      "measurementUnitPrice": 7.93,
      "measurementUnit": "K",
      "isRedPrice": false,
      "pricePerUOM": 7.93,
      "activationDate": "23-03-2024",
      "recordSource": "Offline",
      "isPromoActive": "N",
      "priceChangeCode": "E"
    },
    "isAvailable": true,
    "isPriceAvailable": true,
    "inPromo": false,
    "gtin": [
      "08710398500472",
      "08710398500489"
    ],
    "topCategoryName": "Chips/Borrelhapjes",
    "topCategoryId": "306",
    "businessDomain": "RETAIL_BE",
    "IsPrivateLabel": false,
    "IsBiffe": false,
    "WeightconversionFactor": "0",
    "IsWeightArticle": false,
    "nutriscoreLabel": "C",
    "IsBio": false,
    "CountryOfOrigin": "NEDERLAND",
    "IsExclusivelySoldInLuxembourg": false,
    "OrderUnit": "P",
    "ShortName": "LAYS HEIN.TOM.KET.XL275",
    "IsNew": false,
    "RecentQuanityOfStockUnits": "15,1",
    "LongName": "LAY'S Heinz tomato ketchup XL 275g",
    "FicCode": "E"
  },
  {
    "productId": "111819",
    "technicalArticleNumber": "3017847",
    "commercialArticleNumber": "4366",
    "name": "Kroepoek",
    "description": "*Gebakken in zonnebloemolie",
    "brand": "BONI",
    "seoBrand": "Boni Selection",
    "thumbNail": "https://static.colruytgroup.com/images/200x200/std.lang.all/96/41/asset-1659641.jpg",
    "fullImage": "https://static.colruytgroup.com/images/500x500/std.lang.all/96/41/asset-1659641.jpg",
    "squareImage": "https://static.colruytgroup.com/images/500x500sq/std.lang.all/96/41/asset-1659641.jpg",
    "content": "100g",
    "walkRouteSequenceNumber": 4743,
    "price": {
      "basicPrice": 0.95,
      "recommendedQuantity": "1.0",
      "measurementUnitPrice": 9.5,
      "measurementUnit": "K",
      "isRedPrice": false,
      "pricePerUOM": 9.5,
      "activationDate": "29-02-2024",
      "recordSource": "Offline",
      "isPromoActive": "N",
      "priceChangeCode": "L"
    },
    "isAvailable": true,
    "isPriceAvailable": true,
    "inPromo": false,
    "gtin": [
      "05400141311242",
      "15400141834540",
      "15400141311249",
      "05400141355185"
    ],
    "topCategoryName": "Chips/Borrelhapjes",
    "topCategoryId": "306",
    "businessDomain": "RETAIL_BE",
    "IsPrivateLabel": true,
    "IsBiffe": false,
    "WeightconversionFactor": "0",
    "IsWeightArticle": false,
    "nutriscoreLabel": "E",
    "IsBio": false,
    "CountryOfOrigin": "NEDERLAND",
    "IsExclusivelySoldInLuxembourg": false,
    "OrderUnit": "P",
    "ShortName": "BONI KROEPOEK 100GR",
    "IsNew": false,
    "EcoscoreLabel": "C",
    "RecentQuanityOfStockUnits": "18,1",
    "LongName": "BONI Kroepoek 100g",
    "AlcoholVolume": "0",
    "FicCode": "I",
    "EcoscoreValue": "56"
  },
  {
    "productId": "35942",
    "technicalArticleNumber": "1862855",
    "commercialArticleNumber": "19284",
    "name": "OVEN BAKED Naturel",
    "description": "*Aardappelen chips\n*Oven gebakken\n*Zout smaak",
    "brand": "LAY'S",
    "seoBrand": "Lay’s Oven Baked",
    "thumbNail": "https://static.colruytgroup.com/images/200x200/std.lang.all/23/78/asset-2732378.jpg",
    "fullImage": "https://static.colruytgroup.com/images/500x500/std.lang.all/23/78/asset-2732378.jpg",
    "squareImage": "https://static.colruytgroup.com/images/500x500sq/std.lang.all/23/78/asset-2732378.jpg",
    "content": "150g",
    "walkRouteSequenceNumber": 4576,
    "price": {
      "basicPrice": 1.75,
      "recommendedQuantity": "2.0",
      "measurementUnitPrice": 11.67,
      "measurementUnit": "K",
      "isRedPrice": false,
      "pricePerUOM": 11.67,
      "activationDate": "23-03-2024",
      "recordSource": "Folder",
      "isPromoActive": "N",
      "priceChangeCode": "E"
    },
    "isAvailable": true,
    "isPriceAvailable": true,
    "inPromo": false,
    "gtin": [
      "08710398160829",
      "15400141131977",
      "08710398160843",
      "08710398160836"
    ],
    "topCategoryName": "Chips/Borrelhapjes",
    "topCategoryId": "306",
    "businessDomain": "RETAIL_BE",
    "IsPrivateLabel": false,
    "IsBiffe": false,
    "WeightconversionFactor": "0",
    "IsWeightArticle": false,
    "nutriscoreLabel": "B",
    "IsBio": false,
    "CountryOfOrigin": "EUROPA",
    "IsExclusivelySoldInLuxembourg": false,
    "OrderUnit": "P",
    "ShortName": "LAYS OVEN NATUREL 150G",
    "IsNew": false,
    "RecentQuanityOfStockUnits": "1,12,2",
    "LongName": "LAY'S OVEN BAKED Naturel 150g",
    "AlcoholVolume": "0",
    "FicCode": "E"
  },
  {
    "productId": "779204",
    "technicalArticleNumber": "4573144",
    "commercialArticleNumber": "28622",
    "name": "naturel",
    "brand": "LAY'S MAX",
    "seoBrand": "Lay's Max",
    "thumbNail": "https://static.colruytgroup.com/images/200x200/std.lang.all/54/22/asset-2855422.jpg",
    "fullImage": "https://static.colruytgroup.com/images/500x500/std.lang.all/54/22/asset-2855422.jpg",
    "squareImage": "https://static.colruytgroup.com/images/500x500sq/std.lang.all/54/22/asset-2855422.jpg",
    "content": "250g",
    "walkRouteSequenceNumber": 4660,
    "price": {
      "basicPrice": 2.68,
      "recommendedQuantity": "1.0",
      "measurementUnitPrice": 10.72,
      "measurementUnit": "K",
      "isRedPrice": false,
      "pricePerUOM": 10.72,
      "activationDate": "21-03-2024",
      "recordSource": "Offline",
      "isPromoActive": "Y",
      "priceChangeCode": "H"
    },
    "isAvailable": true,
    "isPriceAvailable": true,
    "inPromo": true,
    "promotion": [
      {
        "techPromoId": "100901COLR",
        "promotionId": "100901",
        "promotionType": "3",
        "isPersonalized": "N",
        "publicationStartDate": "13-03-2024",
        "publicationEndDate": "26-03-2024"
      }
    ],
    "gtin": [
      "08710398524324",
      "08710398524331"
    ],
    "topCategoryName": "Chips/Borrelhapjes",
    "topCategoryId": "306",
    "businessDomain": "RETAIL_BE",
    "IsPrivateLabel": false,
    "IsBiffe": false,
    "WeightconversionFactor": "0",
    "IsWeightArticle": false,
    "nutriscoreLabel": "C",
    "IsBio": false,
    "CountryOfOrigin": "NEDERLAND",
    "IsExclusivelySoldInLuxembourg": false,
    "OrderUnit": "P",
    "ShortName": "LAYS MAX NATUREL 250G",
    "IsNew": false,
    "RecentQuanityOfStockUnits": "1,15",
    "LongName": "LAY'S MAX naturel 250g",
    "FicCode": "E"
  },
  {
    "productId": "187417",
    "technicalArticleNumber": "3460062",
    "commercialArticleNumber": "50307",
    "name": "kaas-paprika",
    "description": "*Chips\n*Kaas smaak\n*Paprika smaak",
    "brand": "LAY'S MAMA MIA'S",
    "seoBrand": "Lay's Mama Mia's",
    "thumbNail": "https://static.colruytgroup.com/images/200x200/std.lang.all/25/93/asset-2732593.jpg",
    "fullImage": "https://static.colruytgroup.com/images/500x500/std.lang.all/25/93/asset-2732593.jpg",
    "squareImage": "https://static.colruytgroup.com/images/500x500sq/std.lang.all/25/93/asset-2732593.jpg",
    "content": "125g",
    "walkRouteSequenceNumber": 4742,
    "price": {
      "basicPrice": 1.79,
      "recommendedQuantity": "1.0",
      "measurementUnitPrice": 14.32,
      "measurementUnit": "K",
      "isRedPrice": false,
      "pricePerUOM": 14.32,
      "activationDate": "02-02-2024",
      "recordSource": "Offline",
      "isPromoActive": "N",
      "priceChangeCode": "E"
    },
    "isAvailable": true,
    "isPriceAvailable": true,
    "inPromo": false,
    "gtin": [
      "08710398504630",
      "08710398502292"
    ],
    "topCategoryName": "Chips/Borrelhapjes",
    "topCategoryId": "306",
    "businessDomain": "RETAIL_BE",
    "IsPrivateLabel": false,
    "IsBiffe": false,
    "WeightconversionFactor": "0",
    "IsWeightArticle": false,
    "nutriscoreLabel": "D",
    "IsBio": false,
    "CountryOfOrigin": "EUROPA",
    "IsExclusivelySoldInLuxembourg": false,
    "OrderUnit": "P",
    "ShortName": "LAYS MAMAMIA 125G",
    "IsNew": false,
    "RecentQuanityOfStockUnits": "20,1",
    "LongName": "LAY'S MAMA MIA'S kaas-paprika 125g",
    "AlcoholVolume": "0",
    "FicCode": "E"
  },
  {
    "productId": "24676",
    "technicalArticleNumber": "1888676",
    "commercialArticleNumber": "19979",
    "name": "Original",
    "description": "*Gebakken in\nplantaardige olie",
    "brand": "LORENZ MONSTER MUNCH",
    "seoBrand": "Lorenz Monster Munch",
    "thumbNail": "https://static.colruytgroup.com/images/200x200/std.lang.all/32/29/asset-2543229.jpg",
    "fullImage": "https://static.colruytgroup.com/images/500x500/std.lang.all/32/29/asset-2543229.jpg",
    "squareImage": "https://static.colruytgroup.com/images/500x500sq/std.lang.all/32/29/asset-2543229.jpg",
    "content": "75g",
    "walkRouteSequenceNumber": 4740,
    "price": {
      "basicPrice": 1.95,
      "recommendedQuantity": "1.0",
      "measurementUnitPrice": 26,
      "measurementUnit": "K",
      "isRedPrice": false,
      "pricePerUOM": 26,
      "activationDate": "19-02-2024",
      "recordSource": "Offline",
      "isPromoActive": "N",
      "priceChangeCode": "E"
    },
    "isAvailable": true,
    "isPriceAvailable": true,
    "inPromo": false,
    "gtin": [
      "04018077632006",
      "04018077516009",
      "04018077063381"
    ],
    "topCategoryName": "Chips/Borrelhapjes",
    "topCategoryId": "306",
    "businessDomain": "RETAIL_BE",
    "IsPrivateLabel": false,
    "IsBiffe": false,
    "WeightconversionFactor": "0",
    "IsWeightArticle": false,
    "nutriscoreLabel": "E",
    "IsBio": false,
    "CountryOfOrigin": "DUITSLAND",
    "IsExclusivelySoldInLuxembourg": false,
    "OrderUnit": "P",
    "ShortName": "LORENZ MONSTER MUNCH75G",
    "IsNew": false,
    "EcoscoreLabel": "B",
    "RecentQuanityOfStockUnits": "1,25",
    "LongName": "LORENZ MONSTER MUNCH Original 75g",
    "AlcoholVolume": "0",
    "FicCode": "E",
    "EcoscoreValue": "78"
  },
  {
    "productId": "37355",
    "technicalArticleNumber": "1814447",
    "commercialArticleNumber": "19077",
    "name": "Cheese Flips",
    "description": "*Gebakken in\nzonnebloemolie",
    "brand": "BONI",
    "seoBrand": "Boni Selection",
    "thumbNail": "https://static.colruytgroup.com/images/200x200/std.lang.all/37/62/asset-2513762.jpg",
    "fullImage": "https://static.colruytgroup.com/images/500x500/std.lang.all/37/62/asset-2513762.jpg",
    "squareImage": "https://static.colruytgroup.com/images/500x500sq/std.lang.all/37/62/asset-2513762.jpg",
    "content": "125g",
    "walkRouteSequenceNumber": 4739,
    "price": {
      "basicPrice": 0.618,
      "recommendedQuantity": "1.0",
      "measurementUnitPrice": 4.95,
      "measurementUnit": "K",
      "isRedPrice": false,
      "pricePerUOM": 4.95,
      "activationDate": "14-11-2023",
      "recordSource": "Offline",
      "isPromoActive": "N",
      "priceChangeCode": "E"
    },
    "isAvailable": true,
    "isPriceAvailable": true,
    "inPromo": false,
    "gtin": [
      "05400141311228",
      "05400141083255",
      "05400141035056",
      "15400141968382",
      "15400141311225",
      "05400141053562"
    ],
    "topCategoryName": "Chips/Borrelhapjes",
    "topCategoryId": "306",
    "businessDomain": "RETAIL_BE",
    "IsPrivateLabel": true,
    "IsBiffe": false,
    "WeightconversionFactor": "0",
    "IsWeightArticle": false,
    "nutriscoreLabel": "E",
    "IsBio": false,
    "CountryOfOrigin": "NEDERLAND",
    "IsExclusivelySoldInLuxembourg": false,
    "OrderUnit": "P",
    "ShortName": "BONI CHEESE FLIPS 125G",
    "IsNew": false,
    "EcoscoreLabel": "B",
    "RecentQuanityOfStockUnits": "1,18",
    "LongName": "BONI Cheese Flips 125g",
    "AlcoholVolume": "0",
    "FicCode": "I",
    "EcoscoreValue": "72"
  },
  {
    "productId": "192755",
    "technicalArticleNumber": "3460048",
    "commercialArticleNumber": "50306",
    "name": "Ringlings ui fijne kruiden",
    "description": "*Chips van maïs\n*Ajuin smaak\n*Kruiden smaak",
    "brand": "LAY'S",
    "seoBrand": "Lay's Ringlings",
    "thumbNail": "https://static.colruytgroup.com/images/200x200/std.lang.all/88/01/asset-3248801.jpg",
    "fullImage": "https://static.colruytgroup.com/images/500x500/std.lang.all/88/01/asset-3248801.jpg",
    "squareImage": "https://static.colruytgroup.com/images/500x500sq/std.lang.all/88/01/asset-3248801.jpg",
    "content": "125g",
    "walkRouteSequenceNumber": 4741,
    "price": {
      "basicPrice": 1.79,
      "recommendedQuantity": "1.0",
      "measurementUnitPrice": 14.32,
      "measurementUnit": "K",
      "isRedPrice": false,
      "pricePerUOM": 14.32,
      "activationDate": "23-01-2024",
      "recordSource": "Offline",
      "isPromoActive": "N",
      "priceChangeCode": "H"
    },
    "isAvailable": true,
    "isPriceAvailable": true,
    "inPromo": false,
    "gtin": [
      "08710398527325",
      "08710398527301",
      "08710398504739",
      "08710398502278"
    ],
    "topCategoryName": "Chips/Borrelhapjes",
    "topCategoryId": "306",
    "businessDomain": "RETAIL_BE",
    "IsPrivateLabel": false,
    "IsBiffe": false,
    "WeightconversionFactor": "0",
    "IsWeightArticle": false,
    "nutriscoreLabel": "D",
    "IsBio": false,
    "CountryOfOrigin": "EUROPA",
    "IsExclusivelySoldInLuxembourg": false,
    "OrderUnit": "P",
    "ShortName": "LAYS RINGLINGS 125G",
    "IsNew": false,
    "RecentQuanityOfStockUnits": "24,1",
    "LongName": "LAY'S Ringlings ui fijne kruiden 125g",
    "AlcoholVolume": "0",
    "FicCode": "E"
  },
  {
    "productId": "600358",
    "technicalArticleNumber": "4266123",
    "commercialArticleNumber": "16822",
    "name": "chips pickles XL",
    "description": "*Aardappelen chips\n*Pickles smaak",
    "brand": "LAY'S",
    "seoBrand": "Lay's",
    "thumbNail": "https://static.colruytgroup.com/images/200x200/std.lang.all/87/69/asset-2128769.jpg",
    "fullImage": "https://static.colruytgroup.com/images/500x500/std.lang.all/87/69/asset-2128769.jpg",
    "squareImage": "https://static.colruytgroup.com/images/500x500sq/std.lang.all/87/69/asset-2128769.jpg",
    "content": "275g",
    "walkRouteSequenceNumber": 4620,
    "price": {
      "basicPrice": 2.18,
      "recommendedQuantity": "1.0",
      "measurementUnitPrice": 7.93,
      "measurementUnit": "K",
      "isRedPrice": false,
      "pricePerUOM": 7.93,
      "activationDate": "23-03-2024",
      "recordSource": "Offline",
      "isPromoActive": "N",
      "priceChangeCode": "E"
    },
    "isAvailable": true,
    "isPriceAvailable": true,
    "inPromo": false,
    "gtin": [
      "08710398500458",
      "08710398500465"
    ],
    "topCategoryName": "Chips/Borrelhapjes",
    "topCategoryId": "306",
    "businessDomain": "RETAIL_BE",
    "IsPrivateLabel": false,
    "IsBiffe": false,
    "WeightconversionFactor": "0",
    "IsWeightArticle": false,
    "nutriscoreLabel": "C",
    "IsBio": false,
    "CountryOfOrigin": "NEDERLAND",
    "IsExclusivelySoldInLuxembourg": false,
    "OrderUnit": "P",
    "ShortName": "LAYS PICKLES XL 275G",
    "IsNew": false,
    "RecentQuanityOfStockUnits": "15,1",
    "LongName": "LAY'S chips pickles XL 275g",
    "FicCode": "E"
  },
  {
    "productId": "36736",
    "technicalArticleNumber": "1797565",
    "commercialArticleNumber": "19280",
    "name": "OVEN BAKED Mediterran. Herbs",
    "description": "*Aardappelen chips\n*Oven gebakken\n*Mediterraans",
    "brand": "LAY'S",
    "seoBrand": "Lay’s Oven Baked",
    "thumbNail": "https://static.colruytgroup.com/images/200x200/std.lang.all/00/70/asset-2730070.jpg",
    "fullImage": "https://static.colruytgroup.com/images/500x500/std.lang.all/00/70/asset-2730070.jpg",
    "squareImage": "https://static.colruytgroup.com/images/500x500sq/std.lang.all/00/70/asset-2730070.jpg",
    "content": "150g",
    "walkRouteSequenceNumber": 4570,
    "price": {
      "basicPrice": 1.75,
      "recommendedQuantity": "1.0",
      "measurementUnitPrice": 11.67,
      "measurementUnit": "K",
      "isRedPrice": false,
      "pricePerUOM": 11.67,
      "activationDate": "23-03-2024",
      "recordSource": "Offline",
      "isPromoActive": "N",
      "priceChangeCode": "E"
    },
    "isAvailable": true,
    "isPriceAvailable": true,
    "inPromo": false,
    "gtin": [
      "05414283308305",
      "08710398160850",
      "08710398160874",
      "08710398160867"
    ],
    "topCategoryName": "Chips/Borrelhapjes",
    "topCategoryId": "306",
    "businessDomain": "RETAIL_BE",
    "IsPrivateLabel": false,
    "IsBiffe": false,
    "WeightconversionFactor": "0",
    "IsWeightArticle": false,
    "nutriscoreLabel": "B",
    "IsBio": false,
    "CountryOfOrigin": "EUROPA",
    "IsExclusivelySoldInLuxembourg": false,
    "OrderUnit": "P",
    "ShortName": "LAYS OVEN HERBS 150GR",
    "InSeason": true,
    "IsNew": false,
    "RecentQuanityOfStockUnits": "1,12",
    "LongName": "LAY'S OVEN BAKED Mediterran. Herbs 150g",
    "AlcoholVolume": "0",
    "StartSeasonDate": "16/07/2012",
    "FicCode": "E"
  },
  {
    "productId": "16580",
    "technicalArticleNumber": "1568532",
    "commercialArticleNumber": "22662",
    "name": "chips zout",
    "description": "*Gebakken in\nzonnebloemolie",
    "brand": "EVERYDAY",
    "seoBrand": "Everyday",
    "thumbNail": "https://static.colruytgroup.com/images/200x200/std.lang.all/43/85/asset-1464385.jpg",
    "fullImage": "https://static.colruytgroup.com/images/500x500/std.lang.all/43/85/asset-1464385.jpg",
    "squareImage": "https://static.colruytgroup.com/images/500x500sq/std.lang.all/43/85/asset-1464385.jpg",
    "content": "50g",
    "walkRouteSequenceNumber": 4638,
    "price": {
      "basicPrice": 0.29,
      "recommendedQuantity": "1.0",
      "measurementUnitPrice": 5.8,
      "measurementUnit": "K",
      "isRedPrice": false,
      "pricePerUOM": 5.8,
      "activationDate": "13-03-2024",
      "recordSource": "Offline",
      "isPromoActive": "N",
      "priceChangeCode": "L"
    },
    "isAvailable": true,
    "isPriceAvailable": true,
    "inPromo": false,
    "gtin": [
      "05400141034219",
      "05400141083217",
      "05400141214826",
      "15400141160540",
      "05400141160543"
    ],
    "topCategoryName": "Chips/Borrelhapjes",
    "topCategoryId": "306",
    "businessDomain": "RETAIL_BE",
    "IsPrivateLabel": true,
    "IsBiffe": false,
    "WeightconversionFactor": "0",
    "IsWeightArticle": false,
    "nutriscoreLabel": "D",
    "IsBio": false,
    "CountryOfOrigin": "BELGIË",
    "IsExclusivelySoldInLuxembourg": false,
    "OrderUnit": "P",
    "ShortName": "EVD CHIPS ZOUT 50GR",
    "IsNew": false,
    "EcoscoreLabel": "B",
    "RecentQuanityOfStockUnits": "36,1",
    "LongName": "EVERYDAY chips zout 50g",
    "AlcoholVolume": "0",
    "FicCode": "I",
    "EcoscoreValue": "72"
  },
  {
    "productId": "17066",
    "technicalArticleNumber": "1438170",
    "commercialArticleNumber": "19592",
    "name": "SENSATIONS Thai Sweet Chilli",
    "description": "*Aardappelen chips\n*Thaise zoete chili",
    "brand": "LAY'S",
    "seoBrand": "Lay's Sensations",
    "thumbNail": "https://static.colruytgroup.com/images/200x200/std.lang.all/06/57/asset-1900657.jpg",
    "fullImage": "https://static.colruytgroup.com/images/500x500/std.lang.all/06/57/asset-1900657.jpg",
    "squareImage": "https://static.colruytgroup.com/images/500x500sq/std.lang.all/06/57/asset-1900657.jpg",
    "content": "150g",
    "walkRouteSequenceNumber": 4462,
    "price": {
      "basicPrice": 1.69,
      "recommendedQuantity": "1.0",
      "measurementUnitPrice": 11.27,
      "measurementUnit": "K",
      "isRedPrice": false,
      "pricePerUOM": 11.27,
      "activationDate": "02-01-2024",
      "recordSource": "Offline",
      "isPromoActive": "N",
      "priceChangeCode": "E"
    },
    "isAvailable": true,
    "isPriceAvailable": true,
    "inPromo": false,
    "gtin": [
      "08710398160027",
      "08710398515735",
      "08710398525123"
    ],
    "topCategoryName": "Chips/Borrelhapjes",
    "topCategoryId": "306",
    "businessDomain": "RETAIL_BE",
    "IsPrivateLabel": false,
    "IsBiffe": false,
    "WeightconversionFactor": "0",
    "IsWeightArticle": false,
    "nutriscoreLabel": "B",
    "IsBio": false,
    "CountryOfOrigin": "EUROPA",
    "IsExclusivelySoldInLuxembourg": false,
    "OrderUnit": "P",
    "ShortName": "LAYS SENS SW CHILI 150G",
    "IsNew": false,
    "RecentQuanityOfStockUnits": "22,1",
    "LongName": "LAY'S SENSATIONS Thai Sweet Chilli 150g",
    "AlcoholVolume": "0",
    "FicCode": "E"
  },
  {
    "productId": "502547",
    "technicalArticleNumber": "4046553",
    "commercialArticleNumber": "6448",
    "name": "Bugles Roasted paprika",
    "description": "*Chips van maïs\n*Paprika smaak",
    "brand": "LAY'S",
    "seoBrand": "Lay's Bugles",
    "thumbNail": "https://static.colruytgroup.com/images/200x200/std.lang.all/25/95/asset-2732595.jpg",
    "fullImage": "https://static.colruytgroup.com/images/500x500/std.lang.all/25/95/asset-2732595.jpg",
    "squareImage": "https://static.colruytgroup.com/images/500x500sq/std.lang.all/25/95/asset-2732595.jpg",
    "content": "125g",
    "walkRouteSequenceNumber": 4758,
    "price": {
      "basicPrice": 1.59,
      "recommendedQuantity": "1.0",
      "measurementUnitPrice": 12.72,
      "measurementUnit": "K",
      "isRedPrice": false,
      "pricePerUOM": 12.72,
      "activationDate": "14-03-2024",
      "recordSource": "Offline",
      "isPromoActive": "N",
      "priceChangeCode": "E"
    },
    "isAvailable": true,
    "isPriceAvailable": true,
    "inPromo": false,
    "gtin": [
      "08710398502407",
      "08710398517142",
      "08710398504463",
      "08710398525208"
    ],
    "topCategoryName": "Chips/Borrelhapjes",
    "topCategoryId": "306",
    "businessDomain": "RETAIL_BE",
    "IsPrivateLabel": false,
    "IsBiffe": false,
    "WeightconversionFactor": "0",
    "IsWeightArticle": false,
    "nutriscoreLabel": "D",
    "IsBio": false,
    "CountryOfOrigin": "EUROPA",
    "IsExclusivelySoldInLuxembourg": false,
    "OrderUnit": "P",
    "ShortName": "LAYS BUGLES PAPRIKA125G",
    "IsNew": false,
    "RecentQuanityOfStockUnits": "1,24",
    "LongName": "LAY'S Bugles Roasted paprika 125g",
    "AlcoholVolume": "0",
    "FicCode": "E"
  },
  {
    "productId": "55019",
    "technicalArticleNumber": "2291446",
    "commercialArticleNumber": "16506",
    "name": "popcorn zoet",
    "brand": "JIMMY'S",
    "seoBrand": "Jimmy's",
    "thumbNail": "https://static.colruytgroup.com/images/200x200/std.lang.all/26/40/asset-1582640.jpg",
    "fullImage": "https://static.colruytgroup.com/images/500x500/std.lang.all/26/40/asset-1582640.jpg",
    "squareImage": "https://static.colruytgroup.com/images/500x500sq/std.lang.all/26/40/asset-1582640.jpg",
    "content": "150g",
    "walkRouteSequenceNumber": 4790,
    "price": {
      "basicPrice": 2.55,
      "recommendedQuantity": "1.0",
      "measurementUnitPrice": 17,
      "measurementUnit": "K",
      "isRedPrice": false,
      "pricePerUOM": 17,
      "activationDate": "13-03-2024",
      "recordSource": "Offline",
      "isPromoActive": "N",
      "priceChangeCode": "H"
    },
    "isAvailable": true,
    "isPriceAvailable": true,
    "inPromo": false,
    "gtin": [
      "08713276001023",
      "08713276211026"
    ],
    "topCategoryName": "Chips/Borrelhapjes",
    "topCategoryId": "306",
    "businessDomain": "RETAIL_BE",
    "IsPrivateLabel": false,
    "IsBiffe": false,
    "WeightconversionFactor": "0",
    "IsWeightArticle": false,
    "nutriscoreLabel": "D",
    "IsBio": false,
    "CountryOfOrigin": "NEDERLAND",
    "IsExclusivelySoldInLuxembourg": false,
    "OrderUnit": "P",
    "ShortName": "JIMMY POPCORN ZOET 150G",
    "IsNew": false,
    "EcoscoreLabel": "B",
    "RecentQuanityOfStockUnits": "21,1",
    "LongName": "JIMMY'S popcorn zoet 150g",
    "AlcoholVolume": "0",
    "FicCode": "E",
    "EcoscoreValue": "71"
  },
  {
    "productId": "166859",
    "technicalArticleNumber": "3398488",
    "commercialArticleNumber": "13472",
    "name": "Tortilla chips Sweet Chili",
    "description": "*Gebakken in\nzonnebloemolie",
    "brand": "BONI",
    "seoBrand": "Boni Selection",
    "thumbNail": "https://static.colruytgroup.com/images/200x200/std.lang.all/38/61/asset-2043861.jpg",
    "fullImage": "https://static.colruytgroup.com/images/500x500/std.lang.all/38/61/asset-2043861.jpg",
    "squareImage": "https://static.colruytgroup.com/images/500x500sq/std.lang.all/38/61/asset-2043861.jpg",
    "content": "200g",
    "walkRouteSequenceNumber": 4815,
    "price": {
      "basicPrice": 0.733,
      "recommendedQuantity": "1.0",
      "measurementUnitPrice": 3.67,
      "measurementUnit": "K",
      "isRedPrice": false,
      "pricePerUOM": 3.67,
      "activationDate": "27-02-2024",
      "recordSource": "Offline",
      "isPromoActive": "N",
      "priceChangeCode": "L"
    },
    "isAvailable": true,
    "isPriceAvailable": true,
    "inPromo": false,
    "gtin": [
      "15400141310617",
      "05400141353624",
      "05400141310610",
      "05400141440195",
      "15400141440192",
      "05400141448474"
    ],
    "topCategoryName": "Chips/Borrelhapjes",
    "topCategoryId": "306",
    "businessDomain": "RETAIL_BE",
    "IsPrivateLabel": true,
    "IsBiffe": false,
    "WeightconversionFactor": "0",
    "IsWeightArticle": false,
    "nutriscoreLabel": "C",
    "IsBio": false,
    "CountryOfOrigin": "BELGIË",
    "IsExclusivelySoldInLuxembourg": false,
    "OrderUnit": "P",
    "ShortName": "BONI TORTIL.S.CHILI200G",
    "IsNew": false,
    "EcoscoreLabel": "B",
    "RecentQuanityOfStockUnits": "20,1",
    "LongName": "BONI Tortilla chips Sweet Chili 200g",
    "AlcoholVolume": "0",
    "FicCode": "I",
    "EcoscoreValue": "72"
  },
  {
    "productId": "279290",
    "technicalArticleNumber": "3674815",
    "commercialArticleNumber": "22144",
    "name": "Ribble Chips Pickles",
    "brand": "BONI",
    "seoBrand": "Boni Selection",
    "thumbNail": "https://static.colruytgroup.com/images/200x200/std.lang.all/35/91/asset-3363591.jpg",
    "fullImage": "https://static.colruytgroup.com/images/500x500/std.lang.all/35/91/asset-3363591.jpg",
    "squareImage": "https://static.colruytgroup.com/images/500x500sq/std.lang.all/35/91/asset-3363591.jpg",
    "content": "200g",
    "walkRouteSequenceNumber": 4649,
    "price": {
      "basicPrice": 1,
      "recommendedQuantity": "1.0",
      "measurementUnitPrice": 5,
      "measurementUnit": "K",
      "isRedPrice": false,
      "pricePerUOM": 5,
      "activationDate": "19-03-2024",
      "recordSource": "Offline",
      "isPromoActive": "N",
      "priceChangeCode": "H"
    },
    "isAvailable": true,
    "isPriceAvailable": true,
    "inPromo": false,
    "gtin": [
      "05400141053326",
      "05400141323788",
      "15400141323785"
    ],
    "topCategoryName": "Chips/Borrelhapjes",
    "topCategoryId": "306",
    "businessDomain": "RETAIL_BE",
    "IsPrivateLabel": true,
    "IsBiffe": false,
    "WeightconversionFactor": "0",
    "IsWeightArticle": false,
    "nutriscoreLabel": "D",
    "IsBio": false,
    "CountryOfOrigin": "BELGIË",
    "IsExclusivelySoldInLuxembourg": false,
    "OrderUnit": "P",
    "ShortName": "BONI RIB.CHIPS PICK200G",
    "IsNew": false,
    "EcoscoreLabel": "B",
    "RecentQuanityOfStockUnits": "20,1",
    "LongName": "BONI Ribble Chips Pickles 200g",
    "AlcoholVolume": "0",
    "FicCode": "I",
    "EcoscoreValue": "72"
  },
  {
    "productId": "2367",
    "technicalArticleNumber": "1099337",
    "commercialArticleNumber": "19754",
    "name": "chips Pickles",
    "description": "*Aardappelen chips\n*Pickles smaak",
    "brand": "LAY'S",
    "seoBrand": "Lay's",
    "thumbNail": "https://static.colruytgroup.com/images/200x200/std.lang.all/00/69/asset-2730069.jpg",
    "fullImage": "https://static.colruytgroup.com/images/500x500/std.lang.all/00/69/asset-2730069.jpg",
    "squareImage": "https://static.colruytgroup.com/images/500x500sq/std.lang.all/00/69/asset-2730069.jpg",
    "content": "45g",
    "walkRouteSequenceNumber": 4633,
    "price": {
      "basicPrice": 0.75,
      "recommendedQuantity": "1.0",
      "measurementUnitPrice": 16.67,
      "measurementUnit": "K",
      "isRedPrice": false,
      "pricePerUOM": 16.67,
      "activationDate": "28-02-2024",
      "recordSource": "Offline",
      "isPromoActive": "N",
      "priceChangeCode": "E"
    },
    "isAvailable": true,
    "isPriceAvailable": true,
    "inPromo": false,
    "gtin": [
      "08710398601681",
      "08710398302922"
    ],
    "topCategoryName": "Chips/Borrelhapjes",
    "topCategoryId": "306",
    "businessDomain": "RETAIL_BE",
    "IsPrivateLabel": false,
    "IsBiffe": false,
    "WeightconversionFactor": "0",
    "IsWeightArticle": false,
    "nutriscoreLabel": "C",
    "IsBio": false,
    "CountryOfOrigin": "EUROPA",
    "IsExclusivelySoldInLuxembourg": false,
    "OrderUnit": "P",
    "ShortName": "LAYS CHIPS PICK.45 GR",
    "IsNew": false,
    "RecentQuanityOfStockUnits": "1,20",
    "LongName": "LAY'S chips Pickles 45g",
    "AlcoholVolume": "0",
    "FicCode": "E"
  },
  {
    "productId": "782467",
    "technicalArticleNumber": "4579594",
    "commercialArticleNumber": "2584",
    "name": "original",
    "brand": "PRINGLES",
    "seoBrand": "Pringles",
    "thumbNail": "https://static.colruytgroup.com/images/200x200/std.lang.all/19/66/asset-3271966.jpg",
    "fullImage": "https://static.colruytgroup.com/images/500x500/std.lang.all/19/66/asset-3271966.jpg",
    "squareImage": "https://static.colruytgroup.com/images/500x500sq/std.lang.all/19/66/asset-3271966.jpg",
    "content": "185g",
    "walkRouteSequenceNumber": 4757,
    "price": {
      "basicPrice": 1.89,
      "recommendedQuantity": "1.0",
      "measurementUnitPrice": 10.22,
      "measurementUnit": "K",
      "isRedPrice": false,
      "pricePerUOM": 10.22,
      "activationDate": "23-03-2024",
      "recordSource": "Folder",
      "isPromoActive": "N",
      "priceChangeCode": "E"
    },
    "isAvailable": true,
    "isPriceAvailable": true,
    "inPromo": false,
    "gtin": [
      "45400141762301",
      "05053990167814",
      "05053990167807"
    ],
    "topCategoryName": "Chips/Borrelhapjes",
    "topCategoryId": "306",
    "businessDomain": "RETAIL_BE",
    "IsPrivateLabel": false,
    "IsBiffe": false,
    "WeightconversionFactor": "0",
    "IsWeightArticle": false,
    "nutriscoreLabel": "C",
    "IsBio": false,
    "CountryOfOrigin": "EUROPA",
    "IsExclusivelySoldInLuxembourg": false,
    "OrderUnit": "P",
    "ShortName": "PRIN ORIGINAL 185G",
    "IsNew": false,
    "RecentQuanityOfStockUnits": "1,19",
    "LongName": "PRINGLES original 185g",
    "FicCode": "E"
  },
  {
    "productId": "13398",
    "technicalArticleNumber": "1309101",
    "commercialArticleNumber": "19886",
    "name": "paprika",
    "description": "*Krokante nootjes\n*Paprika smaak",
    "brand": "DUYVIS CRAC-A-NUT",
    "seoBrand": "Duyvis Crac-A-Nut",
    "thumbNail": "https://static.colruytgroup.com/images/200x200/std.lang.all/99/07/asset-3039907.jpg",
    "fullImage": "https://static.colruytgroup.com/images/500x500/std.lang.all/99/07/asset-3039907.jpg",
    "squareImage": "https://static.colruytgroup.com/images/500x500sq/std.lang.all/99/07/asset-3039907.jpg",
    "content": "200g",
    "walkRouteSequenceNumber": 4432,
    "price": {
      "basicPrice": 1.85,
      "recommendedQuantity": "1.0",
      "measurementUnitPrice": 9.25,
      "measurementUnit": "K",
      "isRedPrice": false,
      "pricePerUOM": 9.25,
      "activationDate": "29-02-2024",
      "recordSource": "Offline",
      "isPromoActive": "N",
      "priceChangeCode": "E"
    },
    "isAvailable": true,
    "isPriceAvailable": true,
    "inPromo": false,
    "gtin": [
      "05410138003104",
      "08710398011541",
      "08710398011688"
    ],
    "topCategoryName": "Groenten en fruit",
    "topCategoryId": "1675",
    "businessDomain": "RETAIL_BE",
    "IsPrivateLabel": false,
    "IsBiffe": false,
    "WeightconversionFactor": "0",
    "IsWeightArticle": false,
    "nutriscoreLabel": "C",
    "IsBio": false,
    "CountryOfOrigin": "EUROPA",
    "IsExclusivelySoldInLuxembourg": false,
    "OrderUnit": "P",
    "ShortName": "DUY KRAKNOOT PAPRI 200G",
    "IsNew": false,
    "RecentQuanityOfStockUnits": "21,1",
    "LongName": "DUYVIS CRAC-A-NUT paprika 200g",
    "AlcoholVolume": "0",
    "FicCode": "E"
  },
  {
    "productId": "1461",
    "technicalArticleNumber": "19875",
    "commercialArticleNumber": "19875",
    "name": "pinda's geroosterd & gezouten",
    "description": "*Gebakken in\narachideolie",
    "brand": "BONI",
    "seoBrand": "Boni Selection",
    "thumbNail": "https://static.colruytgroup.com/images/200x200/std.lang.all/60/13/asset-2176013.jpg",
    "fullImage": "https://static.colruytgroup.com/images/500x500/std.lang.all/60/13/asset-2176013.jpg",
    "squareImage": "https://static.colruytgroup.com/images/500x500sq/std.lang.all/60/13/asset-2176013.jpg",
    "content": "500g",
    "walkRouteSequenceNumber": 4438,
    "price": {
      "basicPrice": 1.55,
      "recommendedQuantity": "1.0",
      "measurementUnitPrice": 3.1,
      "measurementUnit": "K",
      "isRedPrice": false,
      "pricePerUOM": 3.1,
      "activationDate": "11-03-2024",
      "recordSource": "Offline",
      "isPromoActive": "N",
      "priceChangeCode": "E"
    },
    "isAvailable": true,
    "isPriceAvailable": true,
    "inPromo": false,
    "gtin": [
      "05400141311341",
      "05400141358391",
      "15400141311348",
      "15400141829850",
      "35400141311342"
    ],
    "topCategoryName": "Groenten en fruit",
    "topCategoryId": "1675",
    "businessDomain": "RETAIL_BE",
    "IsPrivateLabel": true,
    "IsBiffe": false,
    "WeightconversionFactor": "0",
    "IsWeightArticle": false,
    "nutriscoreLabel": "A",
    "IsBio": false,
    "CountryOfOrigin": "BELGIË",
    "IsExclusivelySoldInLuxembourg": false,
    "OrderUnit": "P",
    "ShortName": "BONI PEANUTS 500G",
    "IsNew": false,
    "EcoscoreLabel": "C",
    "RecentQuanityOfStockUnits": "16,1",
    "LongName": "BONI pinda's geroosterd & gezouten 500g",
    "AlcoholVolume": "0",
    "FicCode": "I",
    "EcoscoreValue": "41"
  },
  {
    "productId": "777993",
    "technicalArticleNumber": "4570983",
    "commercialArticleNumber": "23672",
    "name": "salt&black pepper",
    "brand": "LAY'S MAX",
    "seoBrand": "Lay's Max",
    "thumbNail": "https://static.colruytgroup.com/images/200x200/std.lang.all/53/62/asset-2745362.jpg",
    "fullImage": "https://static.colruytgroup.com/images/500x500/std.lang.all/53/62/asset-2745362.jpg",
    "squareImage": "https://static.colruytgroup.com/images/500x500sq/std.lang.all/53/62/asset-2745362.jpg",
    "content": "45g",
    "walkRouteSequenceNumber": 4635,
    "price": {
      "basicPrice": 0.77,
      "recommendedQuantity": "1.0",
      "measurementUnitPrice": 17.12,
      "measurementUnit": "K",
      "isRedPrice": false,
      "pricePerUOM": 17.12,
      "activationDate": "06-03-2024",
      "recordSource": "Offline",
      "isPromoActive": "N",
      "priceChangeCode": "H"
    },
    "isAvailable": true,
    "isPriceAvailable": true,
    "inPromo": false,
    "gtin": [
      "08710398524249",
      "08710398524256"
    ],
    "topCategoryName": "Chips/Borrelhapjes",
    "topCategoryId": "306",
    "businessDomain": "RETAIL_BE",
    "IsPrivateLabel": false,
    "IsBiffe": false,
    "WeightconversionFactor": "0",
    "IsWeightArticle": false,
    "nutriscoreLabel": "C",
    "IsBio": false,
    "CountryOfOrigin": "NEDERLAND",
    "IsExclusivelySoldInLuxembourg": false,
    "OrderUnit": "P",
    "ShortName": "LAYS MAX SALT&BL.PEP45",
    "IsNew": false,
    "RecentQuanityOfStockUnits": "20,1",
    "LongName": "LAY'S MAX salt&black pepper 45g",
    "FicCode": "E"
  },
  {
    "productId": "110268",
    "technicalArticleNumber": "3091970",
    "commercialArticleNumber": "40416",
    "name": "paprika",
    "description": "*Gebakken in\nzonnebloemolie",
    "brand": "CROKY",
    "seoBrand": "Croky",
    "thumbNail": "https://static.colruytgroup.com/images/200x200/std.lang.all/96/99/asset-2979699.jpg",
    "fullImage": "https://static.colruytgroup.com/images/500x500/std.lang.all/96/99/asset-2979699.jpg",
    "squareImage": "https://static.colruytgroup.com/images/500x500sq/std.lang.all/96/99/asset-2979699.jpg",
    "content": "200g",
    "walkRouteSequenceNumber": 4574,
    "price": {
      "basicPrice": 1.7,
      "recommendedQuantity": "1.0",
      "measurementUnitPrice": 8.5,
      "measurementUnit": "K",
      "isRedPrice": false,
      "pricePerUOM": 8.5,
      "activationDate": "29-02-2024",
      "recordSource": "Offline",
      "isPromoActive": "N",
      "priceChangeCode": "H"
    },
    "isAvailable": true,
    "isPriceAvailable": true,
    "inPromo": false,
    "gtin": [
      "05414359922015",
      "05414359722011"
    ],
    "topCategoryName": "Chips/Borrelhapjes",
    "topCategoryId": "306",
    "businessDomain": "RETAIL_BE",
    "IsPrivateLabel": false,
    "IsBiffe": false,
    "WeightconversionFactor": "0",
    "IsWeightArticle": false,
    "nutriscoreLabel": "D",
    "IsBio": false,
    "CountryOfOrigin": "BELGIË",
    "IsExclusivelySoldInLuxembourg": false,
    "OrderUnit": "P",
    "ShortName": "CROKY PAPRIKA 200GR",
    "IsNew": false,
    "EcoscoreLabel": "B",
    "RecentQuanityOfStockUnits": "18,1",
    "LongName": "CROKY paprika 200g",
    "AlcoholVolume": "0",
    "FicCode": "E",
    "EcoscoreValue": "79"
  },
  {
    "productId": "778912",
    "technicalArticleNumber": "4572659",
    "commercialArticleNumber": "28582",
    "name": "pickles",
    "brand": "LAY'S MAX",
    "seoBrand": "Lay's Max",
    "thumbNail": "https://static.colruytgroup.com/images/200x200/std.lang.all/50/20/asset-2785020.jpg",
    "fullImage": "https://static.colruytgroup.com/images/500x500/std.lang.all/50/20/asset-2785020.jpg",
    "squareImage": "https://static.colruytgroup.com/images/500x500sq/std.lang.all/50/20/asset-2785020.jpg",
    "content": "250g",
    "walkRouteSequenceNumber": 4642,
    "price": {
      "basicPrice": 2.68,
      "recommendedQuantity": "1.0",
      "measurementUnitPrice": 10.72,
      "measurementUnit": "K",
      "isRedPrice": false,
      "pricePerUOM": 10.72,
      "activationDate": "21-03-2024",
      "recordSource": "Offline",
      "isPromoActive": "N",
      "priceChangeCode": "H"
    },
    "isAvailable": true,
    "isPriceAvailable": true,
    "inPromo": true,
    "promotion": [
      {
        "techPromoId": "100901COLR",
        "promotionId": "100901",
        "promotionType": "3",
        "isPersonalized": "N",
        "publicationStartDate": "13-03-2024",
        "publicationEndDate": "26-03-2024"
      }
    ],
    "gtin": [
      "08710398524423",
      "08710398524416"
    ],
    "topCategoryName": "Chips/Borrelhapjes",
    "topCategoryId": "306",
    "businessDomain": "RETAIL_BE",
    "IsPrivateLabel": false,
    "IsBiffe": false,
    "WeightconversionFactor": "0",
    "IsWeightArticle": false,
    "nutriscoreLabel": "C",
    "IsBio": false,
    "CountryOfOrigin": "NEDERLAND",
    "IsExclusivelySoldInLuxembourg": false,
    "OrderUnit": "P",
    "ShortName": "LAYS MAX PICKLES 250G",
    "IsNew": false,
    "RecentQuanityOfStockUnits": "15,1",
    "LongName": "LAY'S MAX pickles 250g",
    "FicCode": "E"
  },
  {
    "productId": "59124",
    "technicalArticleNumber": "2278578",
    "commercialArticleNumber": "19796",
    "name": "Barbecue",
    "description": "*Gebakken in\nzonnebloemolie",
    "brand": "CROKY HULAHOOPS",
    "seoBrand": "Croky Hulahoops",
    "thumbNail": "https://static.colruytgroup.com/images/200x200/std.lang.all/54/74/asset-1515474.jpg",
    "fullImage": "https://static.colruytgroup.com/images/500x500/std.lang.all/54/74/asset-1515474.jpg",
    "squareImage": "https://static.colruytgroup.com/images/500x500sq/std.lang.all/54/74/asset-1515474.jpg",
    "content": "100g",
    "walkRouteSequenceNumber": 4653,
    "price": {
      "basicPrice": 1.95,
      "recommendedQuantity": "1.0",
      "quantityPrice": 1.33,
      "quantityPriceQuantity": "3.0",
      "measurementUnitPrice": 19.5,
      "measurementUnitQuantityPrice": 13.3,
      "measurementUnit": "K",
      "isRedPrice": false,
      "pricePerUOM": 19.5,
      "activationDate": "13-03-2024",
      "recordSource": "Offline",
      "isPromoActive": "N",
      "priceChangeCode": "E",
      "quantityPricePerUOM": 13.3,
      "quantityActivationDate": "13-03-2024",
      "quantityPriceChangeCode": "L"
    },
    "isAvailable": true,
    "isPriceAvailable": true,
    "inPromo": false,
    "gtin": [
      "05414359321030",
      "05414359921032",
      "05414359794452",
      "05414359994456"
    ],
    "topCategoryName": "Chips/Borrelhapjes",
    "topCategoryId": "306",
    "businessDomain": "RETAIL_BE",
    "IsPrivateLabel": false,
    "IsBiffe": false,
    "WeightconversionFactor": "0",
    "IsWeightArticle": false,
    "nutriscoreLabel": "E",
    "IsBio": false,
    "CountryOfOrigin": "BELGIË",
    "IsExclusivelySoldInLuxembourg": false,
    "OrderUnit": "P",
    "ShortName": "CROKY HULA BARBECUE 100",
    "IsNew": false,
    "EcoscoreLabel": "B",
    "RecentQuanityOfStockUnits": "18,1",
    "LongName": "CROKY HULAHOOPS Barbecue 100g",
    "AlcoholVolume": "0",
    "FicCode": "E",
    "EcoscoreValue": "74"
  },
  {
    "productId": "10807",
    "technicalArticleNumber": "1365740",
    "commercialArticleNumber": "19756",
    "name": "Heinz Tomato Ketchup",
    "description": "*Aardappelen chips\n*Ketchup smaak",
    "brand": "LAY'S",
    "seoBrand": "Lay's",
    "thumbNail": "https://static.colruytgroup.com/images/200x200/std.lang.all/25/90/asset-2732590.jpg",
    "fullImage": "https://static.colruytgroup.com/images/500x500/std.lang.all/25/90/asset-2732590.jpg",
    "squareImage": "https://static.colruytgroup.com/images/500x500sq/std.lang.all/25/90/asset-2732590.jpg",
    "content": "45g",
    "walkRouteSequenceNumber": 4636,
    "price": {
      "basicPrice": 0.79,
      "recommendedQuantity": "1.0",
      "measurementUnitPrice": 17.56,
      "measurementUnit": "K",
      "isRedPrice": false,
      "pricePerUOM": 17.56,
      "activationDate": "13-03-2024",
      "recordSource": "Offline",
      "isPromoActive": "N",
      "priceChangeCode": "H"
    },
    "isAvailable": true,
    "isPriceAvailable": true,
    "inPromo": false,
    "gtin": [
      "03168930107552",
      "08710398303707",
      "08710398602510"
    ],
    "topCategoryName": "Chips/Borrelhapjes",
    "topCategoryId": "306",
    "businessDomain": "RETAIL_BE",
    "IsPrivateLabel": false,
    "IsBiffe": false,
    "WeightconversionFactor": "0",
    "IsWeightArticle": false,
    "nutriscoreLabel": "C",
    "IsBio": false,
    "CountryOfOrigin": "EUROPA",
    "IsExclusivelySoldInLuxembourg": false,
    "OrderUnit": "P",
    "ShortName": "LAYS CHIPS KETCHUP 45 G",
    "IsNew": false,
    "RecentQuanityOfStockUnits": "20,1",
    "LongName": "LAY'S Heinz Tomato Ketchup 45g",
    "AlcoholVolume": "0",
    "FicCode": "E"
  },
  {
    "productId": "786318",
    "technicalArticleNumber": "4587883",
    "commercialArticleNumber": "18499",
    "name": "heinz tomato ketchup",
    "brand": "LAY'S MAX",
    "seoBrand": "Lay's Max",
    "thumbNail": "https://static.colruytgroup.com/images/200x200/std.lang.all/49/57/asset-2784957.jpg",
    "fullImage": "https://static.colruytgroup.com/images/500x500/std.lang.all/49/57/asset-2784957.jpg",
    "squareImage": "https://static.colruytgroup.com/images/500x500sq/std.lang.all/49/57/asset-2784957.jpg",
    "content": "185g",
    "walkRouteSequenceNumber": 4645,
    "price": {
      "basicPrice": 1.99,
      "recommendedQuantity": "1.0",
      "measurementUnitPrice": 10.76,
      "measurementUnit": "K",
      "isRedPrice": false,
      "pricePerUOM": 10.76,
      "activationDate": "19-03-2024",
      "recordSource": "Offline",
      "isPromoActive": "N",
      "priceChangeCode": "H"
    },
    "isAvailable": true,
    "isPriceAvailable": true,
    "inPromo": true,
    "promotion": [
      {
        "techPromoId": "100901COLR",
        "promotionId": "100901",
        "promotionType": "3",
        "isPersonalized": "N",
        "publicationStartDate": "13-03-2024",
        "publicationEndDate": "26-03-2024"
      }
    ],
    "gtin": [
      "08710398524102",
      "08710398524119"
    ],
    "topCategoryName": "Chips/Borrelhapjes",
    "topCategoryId": "306",
    "businessDomain": "RETAIL_BE",
    "IsPrivateLabel": false,
    "IsBiffe": false,
    "WeightconversionFactor": "0",
    "IsWeightArticle": false,
    "nutriscoreLabel": "C",
    "IsBio": false,
    "CountryOfOrigin": "NEDERLAND",
    "IsExclusivelySoldInLuxembourg": false,
    "OrderUnit": "P",
    "ShortName": "LAYS MAX HEIN.TO.KET185",
    "IsNew": false,
    "RecentQuanityOfStockUnits": "22,1",
    "LongName": "LAY'S MAX heinz tomato ketchup 185g",
    "FicCode": "E"
  },
  {
    "productId": "187424",
    "technicalArticleNumber": "3460074",
    "commercialArticleNumber": "50310",
    "name": "Grills",
    "description": "*Chips van maïs\n*Bacon smaak",
    "brand": "LAY'S",
    "seoBrand": "Lay's Grills Grills",
    "thumbNail": "https://static.colruytgroup.com/images/200x200/std.lang.all/25/94/asset-2732594.jpg",
    "fullImage": "https://static.colruytgroup.com/images/500x500/std.lang.all/25/94/asset-2732594.jpg",
    "squareImage": "https://static.colruytgroup.com/images/500x500sq/std.lang.all/25/94/asset-2732594.jpg",
    "content": "40g",
    "walkRouteSequenceNumber": 4632,
    "price": {
      "basicPrice": 0.74,
      "recommendedQuantity": "1.0",
      "measurementUnitPrice": 18.5,
      "measurementUnit": "K",
      "isRedPrice": false,
      "pricePerUOM": 18.5,
      "activationDate": "28-02-2024",
      "recordSource": "Offline",
      "isPromoActive": "N",
      "priceChangeCode": "E"
    },
    "isAvailable": true,
    "isPriceAvailable": true,
    "inPromo": false,
    "gtin": [
      "08710398502230",
      "08710398504555"
    ],
    "topCategoryName": "Chips/Borrelhapjes",
    "topCategoryId": "306",
    "businessDomain": "RETAIL_BE",
    "IsPrivateLabel": false,
    "IsBiffe": false,
    "WeightconversionFactor": "0",
    "IsWeightArticle": false,
    "nutriscoreLabel": "D",
    "IsBio": false,
    "CountryOfOrigin": "EUROPA",
    "IsExclusivelySoldInLuxembourg": false,
    "OrderUnit": "P",
    "ShortName": "LAYS GRILLS 40G",
    "IsNew": false,
    "RecentQuanityOfStockUnits": "20,1",
    "LongName": "LAY'S Grills 40g",
    "AlcoholVolume": "0",
    "FicCode": "E"
  },
  {
    "productId": "15720",
    "technicalArticleNumber": "1583441",
    "commercialArticleNumber": "19564",
    "name": "SENSATIONS Mex.Peppers&Cream",
    "description": "*Aardappelen chips\n*Hete peper smaak\n*Room smaak",
    "brand": "LAY'S",
    "seoBrand": "Lay's Sensations",
    "thumbNail": "https://static.colruytgroup.com/images/200x200/std.lang.all/58/69/asset-2145869.jpg",
    "fullImage": "https://static.colruytgroup.com/images/500x500/std.lang.all/58/69/asset-2145869.jpg",
    "squareImage": "https://static.colruytgroup.com/images/500x500sq/std.lang.all/58/69/asset-2145869.jpg",
    "content": "150g",
    "walkRouteSequenceNumber": 4463,
    "price": {
      "basicPrice": 1.69,
      "recommendedQuantity": "1.0",
      "measurementUnitPrice": 11.27,
      "measurementUnit": "K",
      "isRedPrice": false,
      "pricePerUOM": 11.27,
      "activationDate": "02-01-2024",
      "recordSource": "Offline",
      "isPromoActive": "N",
      "priceChangeCode": "E"
    },
    "isAvailable": true,
    "isPriceAvailable": true,
    "inPromo": false,
    "gtin": [
      "08710398515742",
      "08710398160034",
      "08710398160089"
    ],
    "topCategoryName": "Chips/Borrelhapjes",
    "topCategoryId": "306",
    "businessDomain": "RETAIL_BE",
    "IsPrivateLabel": false,
    "IsBiffe": false,
    "WeightconversionFactor": "0",
    "IsWeightArticle": false,
    "nutriscoreLabel": "B",
    "IsBio": false,
    "CountryOfOrigin": "EUROPA",
    "IsExclusivelySoldInLuxembourg": false,
    "OrderUnit": "P",
    "ShortName": "LAYS SENS MEXI PEP 150G",
    "IsNew": false,
    "RecentQuanityOfStockUnits": "1,10",
    "LongName": "LAY'S SENSATIONS Mex.Peppers&Cream 150g",
    "AlcoholVolume": "0",
    "FicCode": "E"
  },
  {
    "productId": "16581",
    "technicalArticleNumber": "1568536",
    "commercialArticleNumber": "22663",
    "name": "chips paprika",
    "description": "*Gebakken in\nzonnebloemolie",
    "brand": "EVERYDAY",
    "seoBrand": "Everyday",
    "thumbNail": "https://static.colruytgroup.com/images/200x200/std.lang.all/37/61/asset-2513761.jpg",
    "fullImage": "https://static.colruytgroup.com/images/500x500/std.lang.all/37/61/asset-2513761.jpg",
    "squareImage": "https://static.colruytgroup.com/images/500x500sq/std.lang.all/37/61/asset-2513761.jpg",
    "content": "50g",
    "walkRouteSequenceNumber": 4637,
    "price": {
      "basicPrice": 0.29,
      "recommendedQuantity": "1.0",
      "measurementUnitPrice": 5.8,
      "measurementUnit": "K",
      "isRedPrice": false,
      "pricePerUOM": 5.8,
      "activationDate": "17-02-2024",
      "recordSource": "Offline",
      "isPromoActive": "N",
      "priceChangeCode": "E"
    },
    "isAvailable": true,
    "isPriceAvailable": true,
    "inPromo": false,
    "gtin": [
      "05400141083248",
      "05400141160536",
      "15400141160533",
      "05400141214833"
    ],
    "topCategoryName": "Chips/Borrelhapjes",
    "topCategoryId": "306",
    "businessDomain": "RETAIL_BE",
    "IsPrivateLabel": true,
    "IsBiffe": false,
    "WeightconversionFactor": "0",
    "IsWeightArticle": false,
    "nutriscoreLabel": "D",
    "IsBio": false,
    "CountryOfOrigin": "BELGIË",
    "IsExclusivelySoldInLuxembourg": false,
    "OrderUnit": "P",
    "ShortName": "EVD CHIPS PAPRIKA 50G",
    "IsNew": false,
    "EcoscoreLabel": "B",
    "RecentQuanityOfStockUnits": "36,1",
    "LongName": "EVERYDAY chips paprika 50g",
    "AlcoholVolume": "0",
    "FicCode": "I",
    "EcoscoreValue": "72"
  },
  {
    "productId": "38716",
    "technicalArticleNumber": "1829704",
    "commercialArticleNumber": "19795",
    "name": "paprika",
    "description": "*Gebakken in\nzonnebloemolie",
    "brand": "CROKY HULAHOOPS",
    "seoBrand": "Croky Hulahoops",
    "thumbNail": "https://static.colruytgroup.com/images/200x200/std.lang.all/13/39/asset-1441339.jpg",
    "fullImage": "https://static.colruytgroup.com/images/500x500/std.lang.all/13/39/asset-1441339.jpg",
    "squareImage": "https://static.colruytgroup.com/images/500x500sq/std.lang.all/13/39/asset-1441339.jpg",
    "content": "100g",
    "walkRouteSequenceNumber": 4652,
    "price": {
      "basicPrice": 1.85,
      "recommendedQuantity": "1.0",
      "quantityPrice": 1.33,
      "quantityPriceQuantity": "3.0",
      "measurementUnitPrice": 18.5,
      "measurementUnitQuantityPrice": 13.3,
      "measurementUnit": "K",
      "isRedPrice": false,
      "pricePerUOM": 18.5,
      "activationDate": "13-03-2024",
      "recordSource": "Offline",
      "isPromoActive": "N",
      "priceChangeCode": "L",
      "quantityPricePerUOM": 13.3,
      "quantityActivationDate": "13-03-2024",
      "quantityPriceChangeCode": "L"
    },
    "isAvailable": true,
    "isPriceAvailable": true,
    "inPromo": false,
    "gtin": [
      "05414359321016",
      "05414359921018",
      "05414359994418",
      "05414359794414"
    ],
    "topCategoryName": "Chips/Borrelhapjes",
    "topCategoryId": "306",
    "businessDomain": "RETAIL_BE",
    "IsPrivateLabel": false,
    "IsBiffe": false,
    "WeightconversionFactor": "0",
    "IsWeightArticle": false,
    "nutriscoreLabel": "D",
    "IsBio": false,
    "CountryOfOrigin": "VERENIGD KONINKRIJK",
    "IsExclusivelySoldInLuxembourg": false,
    "OrderUnit": "P",
    "ShortName": "CROKY HULA PAPRIKA 100G",
    "IsNew": false,
    "EcoscoreLabel": "B",
    "RecentQuanityOfStockUnits": "1,18",
    "LongName": "CROKY HULAHOOPS paprika 100g",
    "AlcoholVolume": "0",
    "FicCode": "E",
    "EcoscoreValue": "74"
  },
  {
    "productId": "2609",
    "technicalArticleNumber": "1101211",
    "commercialArticleNumber": "13099",
    "name": "olijven zwart ontpit",
    "description": "Zwarte ontpitte olijven. Lekker bij\nhet aperitief of als garnituur.",
    "brand": "BONI",
    "seoBrand": "Boni Selection",
    "thumbNail": "https://static.colruytgroup.com/images/200x200/std.lang.all/85/33/asset-2118533.jpg",
    "fullImage": "https://static.colruytgroup.com/images/500x500/std.lang.all/85/33/asset-2118533.jpg",
    "squareImage": "https://static.colruytgroup.com/images/500x500sq/std.lang.all/85/33/asset-2118533.jpg",
    "content": "400g",
    "walkRouteSequenceNumber": 4594,
    "price": {
      "basicPrice": 1.09,
      "recommendedQuantity": "1.0",
      "measurementUnitPrice": 6.42,
      "measurementUnit": "K",
      "isRedPrice": false,
      "pricePerUOM": 6.42,
      "activationDate": "06-01-2024",
      "recordSource": "Offline",
      "isPromoActive": "N",
      "priceChangeCode": "E"
    },
    "isAvailable": true,
    "isPriceAvailable": true,
    "inPromo": false,
    "gtin": [
      "05400141099713",
      "05400141352962",
      "15400141352969",
      "15400141958413"
    ],
    "topCategoryName": "Chips/Borrelhapjes",
    "topCategoryId": "306",
    "businessDomain": "RETAIL_BE",
    "IsPrivateLabel": true,
    "IsBiffe": false,
    "WeightconversionFactor": "0",
    "IsWeightArticle": false,
    "nutriscoreLabel": "C",
    "IsBio": false,
    "CountryOfOrigin": "SPANJE",
    "IsExclusivelySoldInLuxembourg": false,
    "OrderUnit": "P",
    "ShortName": "BONI ZWART ONTP OLY400G",
    "IsNew": false,
    "EcoscoreLabel": "A",
    "RecentQuanityOfStockUnits": "1,12",
    "LongName": "BONI olijven zwart ontpit 400g",
    "AlcoholVolume": "0",
    "FicCode": "I",
    "EcoscoreValue": "88"
  },
  {
    "productId": "2368",
    "technicalArticleNumber": "1099775",
    "commercialArticleNumber": "13095",
    "name": "olijven groen ontpit",
    "description": "Groene ontpitte olijven. Lekker bij\nhet aperitief of als garnituur.",
    "brand": "BONI",
    "seoBrand": "Boni Selection",
    "thumbNail": "https://static.colruytgroup.com/images/200x200/std.lang.all/88/66/asset-3388866.jpg",
    "fullImage": "https://static.colruytgroup.com/images/500x500/std.lang.all/88/66/asset-3388866.jpg",
    "squareImage": "https://static.colruytgroup.com/images/500x500sq/std.lang.all/88/66/asset-3388866.jpg",
    "content": "335g",
    "walkRouteSequenceNumber": 4592,
    "price": {
      "basicPrice": 0.641,
      "recommendedQuantity": "1.0",
      "measurementUnitPrice": 3.89,
      "measurementUnit": "K",
      "isRedPrice": false,
      "pricePerUOM": 3.89,
      "activationDate": "24-02-2024",
      "recordSource": "Offline",
      "isPromoActive": "N",
      "priceChangeCode": "L"
    },
    "isAvailable": true,
    "isPriceAvailable": true,
    "inPromo": false,
    "gtin": [
      "15400141352952",
      "15400141232360",
      "05400141352955",
      "05400141232363",
      "05400141118407",
      "05400141999891",
      "15400141504894",
      "05400141504897",
      "15400141999898"
    ],
    "topCategoryName": "Chips/Borrelhapjes",
    "topCategoryId": "306",
    "businessDomain": "RETAIL_BE",
    "IsPrivateLabel": true,
    "IsBiffe": false,
    "WeightconversionFactor": "0",
    "IsWeightArticle": false,
    "nutriscoreLabel": "D",
    "IsBio": false,
    "CountryOfOrigin": "SPANJE",
    "IsExclusivelySoldInLuxembourg": false,
    "OrderUnit": "P",
    "ShortName": "BONI OLYF GROE ONTP335G",
    "IsNew": false,
    "EcoscoreLabel": "A",
    "RecentQuanityOfStockUnits": "12,1,1",
    "LongName": "BONI olijven groen ontpit 335g",
    "AlcoholVolume": "0",
    "FicCode": "I",
    "EcoscoreValue": "88"
  },
  {
    "productId": "452740",
    "technicalArticleNumber": "4030404",
    "commercialArticleNumber": "5573",
    "name": "groene olijven met kaas",
    "description": "*Zie verpakking",
    "brand": "EVERYDAY",
    "seoBrand": "Everyday",
    "thumbNail": "https://static.colruytgroup.com/images/200x200/std.lang.all/17/15/asset-2741715.jpg",
    "fullImage": "https://static.colruytgroup.com/images/500x500/std.lang.all/17/15/asset-2741715.jpg",
    "squareImage": "https://static.colruytgroup.com/images/500x500sq/std.lang.all/17/15/asset-2741715.jpg",
    "content": "200g",
    "walkRouteSequenceNumber": 7697,
    "price": {
      "basicPrice": 2.29,
      "recommendedQuantity": "1.0",
      "measurementUnitPrice": 11.45,
      "measurementUnit": "K",
      "isRedPrice": false,
      "pricePerUOM": 11.45,
      "activationDate": "02-03-2024",
      "recordSource": "Offline",
      "isPromoActive": "N",
      "priceChangeCode": "L"
    },
    "isAvailable": true,
    "isPriceAvailable": true,
    "inPromo": false,
    "gtin": [
      "05400141490442",
      "25400141269370",
      "05400141050653",
      "05400141269376",
      "05400141705928",
      "05400141944884"
    ],
    "topCategoryName": "Chips/Borrelhapjes",
    "topCategoryId": "306",
    "businessDomain": "RETAIL_BE",
    "IsPrivateLabel": true,
    "IsBiffe": false,
    "WeightconversionFactor": "0",
    "IsWeightArticle": false,
    "nutriscoreLabel": "D",
    "IsBio": false,
    "CountryOfOrigin": "MAROKKO",
    "IsExclusivelySoldInLuxembourg": false,
    "OrderUnit": "P",
    "ShortName": "EVD OLIJVEN KAAS 200G",
    "IsNew": false,
    "EcoscoreLabel": "B",
    "RecentQuanityOfStockUnits": "1,9",
    "LongName": "EVERYDAY groene olijven met kaas 200g",
    "FicCode": "I",
    "EcoscoreValue": "75"
  },
  {
    "productId": "949",
    "technicalArticleNumber": "28894",
    "commercialArticleNumber": "28894",
    "name": "groene olijven kaasblokjes",
    "description": "*Groen\n*Ontpit\n*Griekenland\n*Met kaasblokjes",
    "brand": "BONI",
    "seoBrand": "Boni Selection",
    "thumbNail": "https://static.colruytgroup.com/images/200x200/std.lang.all/15/10/asset-2741510.jpg",
    "fullImage": "https://static.colruytgroup.com/images/500x500/std.lang.all/15/10/asset-2741510.jpg",
    "squareImage": "https://static.colruytgroup.com/images/500x500sq/std.lang.all/15/10/asset-2741510.jpg",
    "content": "150g",
    "walkRouteSequenceNumber": 7687,
    "price": {
      "basicPrice": 2.89,
      "recommendedQuantity": "1.0",
      "measurementUnitPrice": 19.27,
      "measurementUnit": "K",
      "isRedPrice": false,
      "pricePerUOM": 19.27,
      "activationDate": "15-02-2024",
      "recordSource": "Offline",
      "isPromoActive": "N",
      "priceChangeCode": "E"
    },
    "isAvailable": true,
    "isPriceAvailable": true,
    "inPromo": false,
    "gtin": [
      "15400141974383",
      "05400141088946",
      "15400141406228",
      "05400141938029",
      "05400141090697",
      "05400141705959",
      "15400141088943",
      "05400141500646",
      "05400141406221"
    ],
    "topCategoryName": "Chips/Borrelhapjes",
    "topCategoryId": "306",
    "businessDomain": "RETAIL_BE",
    "IsPrivateLabel": true,
    "IsBiffe": false,
    "WeightconversionFactor": "0",
    "IsWeightArticle": false,
    "nutriscoreLabel": "D",
    "IsBio": false,
    "CountryOfOrigin": "GRIEKENLAND",
    "IsExclusivelySoldInLuxembourg": false,
    "OrderUnit": "P",
    "ShortName": "BONI GR.OLI.KAAS.150 GR",
    "IsNew": false,
    "EcoscoreLabel": "A",
    "RecentQuanityOfStockUnits": "1",
    "LongName": "BONI groene olijven kaasblokjes 150g",
    "AlcoholVolume": "0",
    "FicCode": "I",
    "EcoscoreValue": "97"
  },
  {
    "productId": "782459",
    "technicalArticleNumber": "4579586",
    "commercialArticleNumber": "2323",
    "name": "hot&spicy",
    "brand": "PRINGLES",
    "seoBrand": "Pringles",
    "thumbNail": "https://static.colruytgroup.com/images/200x200/std.lang.all/04/59/asset-3260459.jpg",
    "fullImage": "https://static.colruytgroup.com/images/500x500/std.lang.all/04/59/asset-3260459.jpg",
    "squareImage": "https://static.colruytgroup.com/images/500x500sq/std.lang.all/04/59/asset-3260459.jpg",
    "content": "185g",
    "walkRouteSequenceNumber": 4756,
    "price": {
      "basicPrice": 1.89,
      "recommendedQuantity": "1.0",
      "measurementUnitPrice": 10.22,
      "measurementUnit": "K",
      "isRedPrice": false,
      "pricePerUOM": 10.22,
      "activationDate": "23-03-2024",
      "recordSource": "Folder",
      "isPromoActive": "N",
      "priceChangeCode": "E"
    },
    "isAvailable": true,
    "isPriceAvailable": true,
    "inPromo": false,
    "gtin": [
      "05053990167913",
      "25400141762307",
      "05053990167920"
    ],
    "topCategoryName": "Chips/Borrelhapjes",
    "topCategoryId": "306",
    "businessDomain": "RETAIL_BE",
    "IsPrivateLabel": false,
    "IsBiffe": false,
    "WeightconversionFactor": "0",
    "IsWeightArticle": false,
    "nutriscoreLabel": "D",
    "IsBio": false,
    "CountryOfOrigin": "EUROPA",
    "IsExclusivelySoldInLuxembourg": false,
    "OrderUnit": "P",
    "ShortName": "PRIN HOT SPICY 185G",
    "IsNew": false,
    "RecentQuanityOfStockUnits": "19,1",
    "LongName": "PRINGLES hot&spicy 185g",
    "FicCode": "E"
  },
  {
    "productId": "17775",
    "technicalArticleNumber": "1776051",
    "commercialArticleNumber": "19313",
    "name": "gezouten sticks",
    "brand": "EVERYDAY",
    "seoBrand": "Everyday",
    "thumbNail": "https://static.colruytgroup.com/images/200x200/std.lang.all/01/34/asset-1150134.jpg",
    "fullImage": "https://static.colruytgroup.com/images/500x500/std.lang.all/01/34/asset-1150134.jpg",
    "squareImage": "https://static.colruytgroup.com/images/500x500sq/std.lang.all/01/34/asset-1150134.jpg",
    "content": "250g",
    "walkRouteSequenceNumber": 4469,
    "price": {
      "basicPrice": 0.65,
      "recommendedQuantity": "1.0",
      "measurementUnitPrice": 2.6,
      "measurementUnit": "K",
      "isRedPrice": false,
      "pricePerUOM": 2.6,
      "activationDate": "14-11-2023",
      "recordSource": "Offline",
      "isPromoActive": "N",
      "priceChangeCode": "E"
    },
    "isAvailable": true,
    "isPriceAvailable": true,
    "inPromo": false,
    "gtin": [
      "05400141186789",
      "15400141186786"
    ],
    "topCategoryName": "Chips/Borrelhapjes",
    "topCategoryId": "306",
    "businessDomain": "RETAIL_BE",
    "IsPrivateLabel": true,
    "IsBiffe": false,
    "WeightconversionFactor": "0",
    "IsWeightArticle": false,
    "nutriscoreLabel": "D",
    "IsBio": false,
    "CountryOfOrigin": "BELGIË",
    "IsExclusivelySoldInLuxembourg": false,
    "OrderUnit": "P",
    "ShortName": "EVD GEZOUTEN STICKS 250",
    "InSeason": true,
    "IsNew": false,
    "EcoscoreLabel": "B",
    "RecentQuanityOfStockUnits": "1,30",
    "LongName": "EVERYDAY gezouten sticks 250g",
    "AlcoholVolume": "0",
    "StartSeasonDate": "11/01/2019",
    "FicCode": "I",
    "EcoscoreValue": "72"
  },
  {
    "productId": "110265",
    "technicalArticleNumber": "3091966",
    "commercialArticleNumber": "40414",
    "name": "Bolognese",
    "description": "*Gebakken in\nzonnebloemolie",
    "brand": "CROKY",
    "seoBrand": "Croky",
    "thumbNail": "https://static.colruytgroup.com/images/200x200/std.lang.all/78/46/asset-2977846.jpg",
    "fullImage": "https://static.colruytgroup.com/images/500x500/std.lang.all/78/46/asset-2977846.jpg",
    "squareImage": "https://static.colruytgroup.com/images/500x500sq/std.lang.all/78/46/asset-2977846.jpg",
    "content": "200g",
    "walkRouteSequenceNumber": 4575,
    "price": {
      "basicPrice": 1.58,
      "recommendedQuantity": "1.0",
      "measurementUnitPrice": 7.9,
      "measurementUnit": "K",
      "isRedPrice": false,
      "pricePerUOM": 7.9,
      "activationDate": "29-02-2024",
      "recordSource": "Offline",
      "isPromoActive": "N",
      "priceChangeCode": "E"
    },
    "isAvailable": true,
    "isPriceAvailable": true,
    "inPromo": false,
    "gtin": [
      "05414359922022",
      "05414359722028"
    ],
    "topCategoryName": "Chips/Borrelhapjes",
    "topCategoryId": "306",
    "businessDomain": "RETAIL_BE",
    "IsPrivateLabel": false,
    "IsBiffe": false,
    "WeightconversionFactor": "0",
    "IsWeightArticle": false,
    "nutriscoreLabel": "D",
    "IsBio": false,
    "CountryOfOrigin": "BELGIË",
    "IsExclusivelySoldInLuxembourg": false,
    "OrderUnit": "P",
    "ShortName": "CROKY BOLOGNESE 200GR",
    "IsNew": false,
    "EcoscoreLabel": "B",
    "RecentQuanityOfStockUnits": "18,1",
    "LongName": "CROKY Bolognese 200g",
    "AlcoholVolume": "0",
    "FicCode": "E",
    "EcoscoreValue": "79"
  },
  {
    "productId": "782456",
    "technicalArticleNumber": "4579569",
    "commercialArticleNumber": "2279",
    "name": "classic paprika",
    "brand": "PRINGLES",
    "seoBrand": "Pringles",
    "thumbNail": "https://static.colruytgroup.com/images/200x200/std.lang.all/19/67/asset-3271967.jpg",
    "fullImage": "https://static.colruytgroup.com/images/500x500/std.lang.all/19/67/asset-3271967.jpg",
    "squareImage": "https://static.colruytgroup.com/images/500x500sq/std.lang.all/19/67/asset-3271967.jpg",
    "content": "185g",
    "walkRouteSequenceNumber": 4780,
    "price": {
      "basicPrice": 1.89,
      "recommendedQuantity": "1.0",
      "measurementUnitPrice": 10.22,
      "measurementUnit": "K",
      "isRedPrice": false,
      "pricePerUOM": 10.22,
      "activationDate": "23-03-2024",
      "recordSource": "Folder",
      "isPromoActive": "N",
      "priceChangeCode": "E"
    },
    "isAvailable": true,
    "isPriceAvailable": true,
    "inPromo": false,
    "gtin": [
      "05053990167883",
      "05053990167890",
      "35400141762304"
    ],
    "topCategoryName": "Chips/Borrelhapjes",
    "topCategoryId": "306",
    "businessDomain": "RETAIL_BE",
    "IsPrivateLabel": false,
    "IsBiffe": false,
    "WeightconversionFactor": "0",
    "IsWeightArticle": false,
    "nutriscoreLabel": "C",
    "IsBio": false,
    "CountryOfOrigin": "EUROPA",
    "IsExclusivelySoldInLuxembourg": false,
    "OrderUnit": "P",
    "ShortName": "PRIN CLASSIC PAPRIKA185",
    "IsNew": false,
    "RecentQuanityOfStockUnits": "1,19",
    "LongName": "PRINGLES classic paprika 185g",
    "FicCode": "E"
  },
  {
    "productId": "947",
    "technicalArticleNumber": "28892",
    "commercialArticleNumber": "28892",
    "name": "groene olijven met look",
    "description": "*Groen\n*Ontpit\n*Griekenland\n*Met look",
    "brand": "BONI",
    "seoBrand": "Boni Selection",
    "thumbNail": "https://static.colruytgroup.com/images/200x200/std.lang.all/87/04/asset-2738704.jpg",
    "fullImage": "https://static.colruytgroup.com/images/500x500/std.lang.all/87/04/asset-2738704.jpg",
    "squareImage": "https://static.colruytgroup.com/images/500x500sq/std.lang.all/87/04/asset-2738704.jpg",
    "content": "150g",
    "walkRouteSequenceNumber": 7686,
    "price": {
      "basicPrice": 2.89,
      "recommendedQuantity": "1.0",
      "measurementUnitPrice": 19.27,
      "measurementUnit": "K",
      "isRedPrice": false,
      "pricePerUOM": 19.27,
      "activationDate": "02-01-2024",
      "recordSource": "Offline",
      "isPromoActive": "N",
      "priceChangeCode": "E"
    },
    "isAvailable": true,
    "isPriceAvailable": true,
    "inPromo": false,
    "gtin": [
      "05400141088922",
      "05400141980707",
      "15400141740728",
      "05400141740721",
      "05400141406214",
      "15400141980704",
      "15400141088929"
    ],
    "topCategoryName": "Chips/Borrelhapjes",
    "topCategoryId": "306",
    "businessDomain": "RETAIL_BE",
    "IsPrivateLabel": true,
    "IsBiffe": false,
    "WeightconversionFactor": "0",
    "IsWeightArticle": false,
    "nutriscoreLabel": "C",
    "IsBio": false,
    "CountryOfOrigin": "GRIEKENLAND",
    "IsExclusivelySoldInLuxembourg": false,
    "OrderUnit": "P",
    "ShortName": "BONI GR.OLI.LOOK 150 GR",
    "IsNew": false,
    "EcoscoreLabel": "B",
    "RecentQuanityOfStockUnits": "1",
    "LongName": "BONI groene olijven met look 150g",
    "AlcoholVolume": "0",
    "FicCode": "I",
    "EcoscoreValue": "75"
  },
  {
    "productId": "600373",
    "technicalArticleNumber": "4266138",
    "commercialArticleNumber": "16985",
    "name": "classic burger xl",
    "description": "*Aardappelen chips\n*Kruiden smaak",
    "brand": "LAY'S",
    "seoBrand": "Lay's",
    "thumbNail": "https://static.colruytgroup.com/images/200x200/std.lang.all/18/17/asset-2121817.jpg",
    "fullImage": "https://static.colruytgroup.com/images/500x500/std.lang.all/18/17/asset-2121817.jpg",
    "squareImage": "https://static.colruytgroup.com/images/500x500sq/std.lang.all/18/17/asset-2121817.jpg",
    "content": "275g",
    "walkRouteSequenceNumber": 4619,
    "price": {
      "basicPrice": 2.68,
      "recommendedQuantity": "1.0",
      "measurementUnitPrice": 9.75,
      "measurementUnit": "K",
      "isRedPrice": false,
      "pricePerUOM": 9.75,
      "activationDate": "17-02-2024",
      "recordSource": "Offline",
      "isPromoActive": "N",
      "priceChangeCode": "E"
    },
    "isAvailable": true,
    "isPriceAvailable": true,
    "inPromo": false,
    "gtin": [
      "08710398517623",
      "08710398517630"
    ],
    "topCategoryName": "Chips/Borrelhapjes",
    "topCategoryId": "306",
    "businessDomain": "RETAIL_BE",
    "IsPrivateLabel": false,
    "IsBiffe": false,
    "WeightconversionFactor": "0",
    "IsWeightArticle": false,
    "nutriscoreLabel": "C",
    "IsBio": false,
    "CountryOfOrigin": "NEDERLAND",
    "IsExclusivelySoldInLuxembourg": false,
    "OrderUnit": "P",
    "ShortName": "LAYS CLASS.BURGER XL275",
    "IsNew": false,
    "RecentQuanityOfStockUnits": "1,15",
    "LongName": "LAY'S classic burger xl 275g",
    "FicCode": "E"
  },
  {
    "productId": "291562",
    "technicalArticleNumber": "3689959",
    "commercialArticleNumber": "34023",
    "name": "olijven mix Grieks",
    "brand": "BONI",
    "seoBrand": "Boni Selection",
    "thumbNail": "https://static.colruytgroup.com/images/200x200/std.lang.all/87/59/asset-2768759.jpg",
    "fullImage": "https://static.colruytgroup.com/images/500x500/std.lang.all/87/59/asset-2768759.jpg",
    "squareImage": "https://static.colruytgroup.com/images/500x500sq/std.lang.all/87/59/asset-2768759.jpg",
    "content": "150g",
    "walkRouteSequenceNumber": 7688,
    "price": {
      "basicPrice": 2.89,
      "recommendedQuantity": "1.0",
      "quantityPrice": 2.66,
      "quantityPriceQuantity": "3.0",
      "measurementUnitPrice": 19.27,
      "measurementUnitQuantityPrice": 17.74,
      "measurementUnit": "K",
      "isRedPrice": false,
      "pricePerUOM": 19.27,
      "activationDate": "17-11-2023",
      "isPromoActive": "N",
      "priceChangeCode": "E",
      "quantityPricePerUOM": 17.74,
      "quantityActivationDate": "17-11-2023",
      "quantityPriceChangeCode": "E"
    },
    "isAvailable": true,
    "isPriceAvailable": true,
    "inPromo": false,
    "gtin": [
      "05400141352481",
      "05400141387438",
      "05400141226676",
      "05400141986877",
      "15400141986874"
    ],
    "topCategoryName": "Chips/Borrelhapjes",
    "topCategoryId": "306",
    "businessDomain": "RETAIL_BE",
    "IsPrivateLabel": true,
    "IsBiffe": false,
    "WeightconversionFactor": "0",
    "IsWeightArticle": false,
    "nutriscoreLabel": "C",
    "IsBio": false,
    "CountryOfOrigin": "GRIEKENLAND",
    "IsExclusivelySoldInLuxembourg": false,
    "OrderUnit": "P",
    "ShortName": "BONI OLIJVENMIX 150GR",
    "IsNew": false,
    "EcoscoreLabel": "A",
    "RecentQuanityOfStockUnits": "1",
    "LongName": "BONI olijven mix Grieks 150g",
    "AlcoholVolume": "0",
    "FicCode": "I",
    "EcoscoreValue": "85"
  },
  {
    "productId": "200643",
    "technicalArticleNumber": "3422731",
    "commercialArticleNumber": "30377",
    "name": "guacamole mild",
    "description": "*Guacamole op basis\nvan Mexicaanse Hass\navocado's, met\ntomaat, paprika, ui\nen milde kruiding",
    "brand": "BONI",
    "seoBrand": "Boni Selection",
    "thumbNail": "https://static.colruytgroup.com/images/200x200/std.lang.all/94/03/asset-2439403.jpg",
    "fullImage": "https://static.colruytgroup.com/images/500x500/std.lang.all/94/03/asset-2439403.jpg",
    "squareImage": "https://static.colruytgroup.com/images/500x500sq/std.lang.all/94/03/asset-2439403.jpg",
    "content": "200g",
    "walkRouteSequenceNumber": 7763,
    "price": {
      "basicPrice": 2.99,
      "recommendedQuantity": "1.0",
      "quantityPrice": 2.75,
      "quantityPriceQuantity": "3.0",
      "measurementUnitPrice": 14.95,
      "measurementUnitQuantityPrice": 13.75,
      "measurementUnit": "K",
      "isRedPrice": false,
      "pricePerUOM": 14.95,
      "activationDate": "07-03-2024",
      "recordSource": "Offline",
      "isPromoActive": "N",
      "priceChangeCode": "E",
      "quantityPricePerUOM": 13.75,
      "quantityActivationDate": "07-03-2024",
      "quantityPriceChangeCode": "H"
    },
    "isAvailable": true,
    "isPriceAvailable": true,
    "inPromo": false,
    "gtin": [
      "05400141354478",
      "15400141354475",
      "15400141377078",
      "05400141440362",
      "15400141440369",
      "05400141216943"
    ],
    "topCategoryName": "Chips/Borrelhapjes",
    "topCategoryId": "306",
    "businessDomain": "RETAIL_BE",
    "IsPrivateLabel": true,
    "IsBiffe": false,
    "WeightconversionFactor": "0",
    "IsWeightArticle": false,
    "nutriscoreLabel": "A",
    "IsBio": false,
    "CountryOfOrigin": "BELGIË",
    "IsExclusivelySoldInLuxembourg": false,
    "OrderUnit": "P",
    "ShortName": "BONI GUACA MILD 200G",
    "IsNew": false,
    "EcoscoreLabel": "B",
    "RecentQuanityOfStockUnits": "1",
    "LongName": "BONI guacamole mild 200g",
    "AlcoholVolume": "0",
    "FicCode": "I",
    "EcoscoreValue": "64"
  },
  {
    "productId": "136687",
    "technicalArticleNumber": "3168675",
    "commercialArticleNumber": "32349",
    "name": "chips à l'ancienne Naturel",
    "description": "*Gebakken in\nzonnebloemolie",
    "brand": "CROKY",
    "seoBrand": "Croky Chips à l'ancienne",
    "thumbNail": "https://static.colruytgroup.com/images/200x200/std.lang.all/11/17/asset-1731117.jpg",
    "fullImage": "https://static.colruytgroup.com/images/500x500/std.lang.all/11/17/asset-1731117.jpg",
    "squareImage": "https://static.colruytgroup.com/images/500x500sq/std.lang.all/11/17/asset-1731117.jpg",
    "content": "200g",
    "walkRouteSequenceNumber": 4461,
    "price": {
      "basicPrice": 2.29,
      "recommendedQuantity": "1.0",
      "measurementUnitPrice": 11.45,
      "measurementUnit": "K",
      "isRedPrice": false,
      "pricePerUOM": 11.45,
      "activationDate": "29-02-2024",
      "recordSource": "Offline",
      "isPromoActive": "N",
      "priceChangeCode": "H"
    },
    "isAvailable": true,
    "isPriceAvailable": true,
    "inPromo": false,
    "gtin": [
      "05414359909009",
      "05414359709005"
    ],
    "topCategoryName": "Chips/Borrelhapjes",
    "topCategoryId": "306",
    "businessDomain": "RETAIL_BE",
    "IsPrivateLabel": false,
    "IsBiffe": false,
    "WeightconversionFactor": "0",
    "IsWeightArticle": false,
    "nutriscoreLabel": "D",
    "IsBio": false,
    "CountryOfOrigin": "BELGIË",
    "IsExclusivelySoldInLuxembourg": false,
    "OrderUnit": "P",
    "ShortName": "CROKY CHIPS ANCIENNE200",
    "IsNew": false,
    "EcoscoreLabel": "B",
    "RecentQuanityOfStockUnits": "1,18",
    "LongName": "CROKY chips à l'ancienne Naturel 200g",
    "AlcoholVolume": "0",
    "FicCode": "E",
    "EcoscoreValue": "79"
  },
  {
    "productId": "192650",
    "technicalArticleNumber": "3460039",
    "commercialArticleNumber": "50304",
    "name": "Bugles Sweet Chilli",
    "description": "*Chips van maïs\n*Sweet chili smaak",
    "brand": "LAY'S",
    "seoBrand": "Lay's Bugles",
    "thumbNail": "https://static.colruytgroup.com/images/200x200/std.lang.all/87/27/asset-3248727.jpg",
    "fullImage": "https://static.colruytgroup.com/images/500x500/std.lang.all/87/27/asset-3248727.jpg",
    "squareImage": "https://static.colruytgroup.com/images/500x500sq/std.lang.all/87/27/asset-3248727.jpg",
    "content": "125g",
    "walkRouteSequenceNumber": 4759,
    "price": {
      "basicPrice": 1.59,
      "recommendedQuantity": "1.0",
      "measurementUnitPrice": 12.72,
      "measurementUnit": "K",
      "isRedPrice": false,
      "pricePerUOM": 12.72,
      "activationDate": "14-03-2024",
      "recordSource": "Offline",
      "isPromoActive": "N",
      "priceChangeCode": "E"
    },
    "isAvailable": true,
    "isPriceAvailable": true,
    "inPromo": false,
    "gtin": [
      "08710398504487",
      "08710398517159",
      "08710398502711",
      "08710398525710"
    ],
    "topCategoryName": "Chips/Borrelhapjes",
    "topCategoryId": "306",
    "businessDomain": "RETAIL_BE",
    "IsPrivateLabel": false,
    "IsBiffe": false,
    "WeightconversionFactor": "0",
    "IsWeightArticle": false,
    "nutriscoreLabel": "D",
    "IsBio": false,
    "CountryOfOrigin": "EUROPA",
    "IsExclusivelySoldInLuxembourg": false,
    "OrderUnit": "P",
    "ShortName": "LAYS BUGLES CHILI 125G",
    "IsNew": false,
    "RecentQuanityOfStockUnits": "1,24",
    "LongName": "LAY'S Bugles Sweet Chilli 125g",
    "AlcoholVolume": "0",
    "FicCode": "E"
  },
  {
    "productId": "15992",
    "technicalArticleNumber": "1440068",
    "commercialArticleNumber": "20005",
    "name": "chips paprika",
    "description": "*Gebakken in\nzonnebloemolie",
    "brand": "CROKY",
    "seoBrand": "Croky",
    "thumbNail": "https://static.colruytgroup.com/images/200x200/std.lang.all/25/52/asset-2822552.jpg",
    "fullImage": "https://static.colruytgroup.com/images/500x500/std.lang.all/25/52/asset-2822552.jpg",
    "squareImage": "https://static.colruytgroup.com/images/500x500sq/std.lang.all/25/52/asset-2822552.jpg",
    "content": "45g",
    "walkRouteSequenceNumber": 4634,
    "price": {
      "basicPrice": 0.55,
      "recommendedQuantity": "1.0",
      "measurementUnitPrice": 12.23,
      "measurementUnit": "K",
      "isRedPrice": false,
      "pricePerUOM": 12.23,
      "activationDate": "28-02-2024",
      "isPromoActive": "N",
      "priceChangeCode": "E"
    },
    "isAvailable": true,
    "isPriceAvailable": true,
    "inPromo": false,
    "gtin": [
      "05414359910418",
      "04513355555331",
      "05414359710414"
    ],
    "topCategoryName": "Chips/Borrelhapjes",
    "topCategoryId": "306",
    "businessDomain": "RETAIL_BE",
    "IsPrivateLabel": false,
    "IsBiffe": false,
    "WeightconversionFactor": "0",
    "IsWeightArticle": false,
    "nutriscoreLabel": "D",
    "IsBio": false,
    "CountryOfOrigin": "BELGIË",
    "IsExclusivelySoldInLuxembourg": false,
    "OrderUnit": "P",
    "ShortName": "CROKY PAPRIKA CHIPS 45G",
    "IsNew": false,
    "EcoscoreLabel": "B",
    "RecentQuanityOfStockUnits": "1,20",
    "LongName": "CROKY chips paprika 45g",
    "AlcoholVolume": "0",
    "FicCode": "E",
    "EcoscoreValue": "79"
  },
  {
    "productId": "772635",
    "technicalArticleNumber": "4561294",
    "commercialArticleNumber": "28456",
    "name": "Naturel",
    "description": "*Chips van maïs",
    "brand": "DORITOS",
    "seoBrand": "Doritos",
    "thumbNail": "https://static.colruytgroup.com/images/200x200/std.lang.all/14/33/asset-2791433.jpg",
    "fullImage": "https://static.colruytgroup.com/images/500x500/std.lang.all/14/33/asset-2791433.jpg",
    "squareImage": "https://static.colruytgroup.com/images/500x500sq/std.lang.all/14/33/asset-2791433.jpg",
    "content": "185g",
    "walkRouteSequenceNumber": 4810,
    "price": {
      "basicPrice": 1.79,
      "recommendedQuantity": "1.0",
      "measurementUnitPrice": 9.68,
      "measurementUnit": "K",
      "isRedPrice": false,
      "pricePerUOM": 9.68,
      "activationDate": "04-03-2024",
      "recordSource": "Offline",
      "isPromoActive": "N",
      "priceChangeCode": "H"
    },
    "isAvailable": true,
    "isPriceAvailable": true,
    "inPromo": false,
    "gtin": [
      "08710398523747",
      "08710398523754"
    ],
    "topCategoryName": "Chips/Borrelhapjes",
    "topCategoryId": "306",
    "businessDomain": "RETAIL_BE",
    "IsPrivateLabel": false,
    "IsBiffe": false,
    "WeightconversionFactor": "0",
    "IsWeightArticle": false,
    "nutriscoreLabel": "B",
    "IsBio": false,
    "CountryOfOrigin": "BELGIË",
    "IsExclusivelySoldInLuxembourg": false,
    "OrderUnit": "P",
    "ShortName": "DORI NATUREL 185G",
    "IsNew": false,
    "RecentQuanityOfStockUnits": "1,20",
    "LongName": "DORITOS Naturel 185g",
    "FicCode": "E"
  },
  {
    "productId": "740173",
    "technicalArticleNumber": "4504384",
    "commercialArticleNumber": "25442",
    "name": "Explosions Thai Curry",
    "brand": "CROKY",
    "seoBrand": "Croky Explosions",
    "thumbNail": "https://static.colruytgroup.com/images/200x200/std.lang.all/37/26/asset-2553726.jpg",
    "fullImage": "https://static.colruytgroup.com/images/500x500/std.lang.all/37/26/asset-2553726.jpg",
    "squareImage": "https://static.colruytgroup.com/images/500x500sq/std.lang.all/37/26/asset-2553726.jpg",
    "content": "150g",
    "walkRouteSequenceNumber": 4646,
    "price": {
      "basicPrice": 1.99,
      "recommendedQuantity": "1.0",
      "measurementUnitPrice": 13.27,
      "measurementUnit": "K",
      "isRedPrice": false,
      "pricePerUOM": 13.27,
      "activationDate": "29-02-2024",
      "recordSource": "Offline",
      "isPromoActive": "N",
      "priceChangeCode": "E"
    },
    "isAvailable": true,
    "isPriceAvailable": true,
    "inPromo": false,
    "gtin": [
      "05414359962615",
      "05414359762611"
    ],
    "topCategoryName": "Chips/Borrelhapjes",
    "topCategoryId": "306",
    "businessDomain": "RETAIL_BE",
    "IsPrivateLabel": false,
    "IsBiffe": false,
    "WeightconversionFactor": "0",
    "IsWeightArticle": false,
    "nutriscoreLabel": "D",
    "IsBio": false,
    "CountryOfOrigin": "BELGIË",
    "IsExclusivelySoldInLuxembourg": false,
    "OrderUnit": "P",
    "ShortName": "CROK EXPL.THAI CUR.150G",
    "IsNew": false,
    "EcoscoreLabel": "B",
    "RecentQuanityOfStockUnits": "9,1",
    "LongName": "CROKY Explosions Thai Curry 150g",
    "FicCode": "E",
    "EcoscoreValue": "79"
  },
  {
    "productId": "14756",
    "technicalArticleNumber": "1593880",
    "commercialArticleNumber": "22812",
    "name": "Cocktail",
    "description": "*Krokante nootjes",
    "brand": "DUYVIS CRAC-A-NUT",
    "seoBrand": "Duyvis Crac-A-Nut",
    "thumbNail": "https://static.colruytgroup.com/images/200x200/std.lang.all/99/08/asset-3039908.jpg",
    "fullImage": "https://static.colruytgroup.com/images/500x500/std.lang.all/99/08/asset-3039908.jpg",
    "squareImage": "https://static.colruytgroup.com/images/500x500sq/std.lang.all/99/08/asset-3039908.jpg",
    "content": "200g",
    "walkRouteSequenceNumber": 4435,
    "price": {
      "basicPrice": 1.85,
      "recommendedQuantity": "1.0",
      "measurementUnitPrice": 9.25,
      "measurementUnit": "K",
      "isRedPrice": false,
      "pricePerUOM": 9.25,
      "activationDate": "21-03-2024",
      "recordSource": "Offline",
      "isPromoActive": "N",
      "priceChangeCode": "H"
    },
    "isAvailable": true,
    "isPriceAvailable": true,
    "inPromo": false,
    "gtin": [
      "05410138003098",
      "08710398011718",
      "08710398011589"
    ],
    "topCategoryName": "Groenten en fruit",
    "topCategoryId": "1675",
    "businessDomain": "RETAIL_BE",
    "IsPrivateLabel": false,
    "IsBiffe": false,
    "WeightconversionFactor": "0",
    "IsWeightArticle": false,
    "nutriscoreLabel": "C",
    "IsBio": false,
    "CountryOfOrigin": "EUROPA",
    "IsExclusivelySoldInLuxembourg": false,
    "OrderUnit": "P",
    "ShortName": "DUY CRAC NUT COCKT 200G",
    "IsNew": false,
    "RecentQuanityOfStockUnits": "1,21",
    "LongName": "DUYVIS CRAC-A-NUT Cocktail 200g",
    "AlcoholVolume": "0",
    "FicCode": "E"
  },
  {
    "productId": "113215",
    "technicalArticleNumber": "3002190",
    "commercialArticleNumber": "8446",
    "name": "gevulde kerspaprika",
    "description": "*Kerspaprika gevuld\nmet roomkaas",
    "brand": "BONI",
    "seoBrand": "Boni Selection",
    "thumbNail": "https://static.colruytgroup.com/images/200x200/std.lang.all/91/85/asset-2429185.jpg",
    "fullImage": "https://static.colruytgroup.com/images/500x500/std.lang.all/91/85/asset-2429185.jpg",
    "squareImage": "https://static.colruytgroup.com/images/500x500sq/std.lang.all/91/85/asset-2429185.jpg",
    "content": "150g",
    "walkRouteSequenceNumber": 7673,
    "price": {
      "basicPrice": 2.19,
      "recommendedQuantity": "1.0",
      "measurementUnitPrice": 14.6,
      "measurementUnit": "K",
      "isRedPrice": false,
      "pricePerUOM": 14.6,
      "activationDate": "08-03-2024",
      "recordSource": "Offline",
      "isPromoActive": "N",
      "priceChangeCode": "L"
    },
    "isAvailable": true,
    "isPriceAvailable": true,
    "inPromo": false,
    "gtin": [
      "15400141979258",
      "05400141979251",
      "05400141165838",
      "15400141970972",
      "15400141972235",
      "15400141442158",
      "05400141278576",
      "05400141214086",
      "05400141157284",
      "05400141081978",
      "05400141073584",
      "05400141506631",
      "15400141506638"
    ],
    "topCategoryName": "Chips/Borrelhapjes",
    "topCategoryId": "306",
    "businessDomain": "RETAIL_BE",
    "IsPrivateLabel": true,
    "IsBiffe": false,
    "WeightconversionFactor": "0",
    "IsWeightArticle": false,
    "nutriscoreLabel": "D",
    "IsBio": false,
    "CountryOfOrigin": "DUITSLAND",
    "IsExclusivelySoldInLuxembourg": false,
    "OrderUnit": "P",
    "ShortName": "BONI GEV.KERSPAPRI.150G",
    "IsNew": false,
    "RecentQuanityOfStockUnits": "1,1",
    "LongName": "BONI gevulde kerspaprika 150g",
    "AlcoholVolume": "0",
    "FicCode": "I"
  },
  {
    "productId": "758879",
    "technicalArticleNumber": "4536186",
    "commercialArticleNumber": "28241",
    "name": "mild dip saus",
    "brand": "BONI",
    "seoBrand": "Boni Selection",
    "thumbNail": "https://static.colruytgroup.com/images/200x200/std.lang.all/96/12/asset-3379612.jpg",
    "fullImage": "https://static.colruytgroup.com/images/500x500/std.lang.all/96/12/asset-3379612.jpg",
    "squareImage": "https://static.colruytgroup.com/images/500x500sq/std.lang.all/96/12/asset-3379612.jpg",
    "content": "300g",
    "walkRouteSequenceNumber": 4778,
    "price": {
      "basicPrice": 1.22,
      "recommendedQuantity": "1.0",
      "measurementUnitPrice": 4.07,
      "measurementUnit": "K",
      "isRedPrice": false,
      "pricePerUOM": 4.07,
      "activationDate": "20-02-2024",
      "recordSource": "Offline",
      "isPromoActive": "N",
      "priceChangeCode": "E"
    },
    "isAvailable": true,
    "isPriceAvailable": true,
    "inPromo": false,
    "gtin": [
      "15400141595823",
      "05400141595826",
      "15400141675457",
      "05400141675450"
    ],
    "topCategoryName": "Chips/Borrelhapjes",
    "topCategoryId": "306",
    "businessDomain": "RETAIL_BE",
    "IsPrivateLabel": true,
    "IsBiffe": false,
    "WeightconversionFactor": "0",
    "IsWeightArticle": false,
    "nutriscoreLabel": "C",
    "IsBio": false,
    "CountryOfOrigin": "TURKIJE",
    "IsExclusivelySoldInLuxembourg": false,
    "OrderUnit": "P",
    "ShortName": "BONI MILD DIP SAUS 300G",
    "IsNew": false,
    "EcoscoreLabel": "B",
    "RecentQuanityOfStockUnits": "1,12",
    "LongName": "BONI mild dip saus 300g",
    "FicCode": "I",
    "EcoscoreValue": "69"
  },
  {
    "productId": "180476",
    "technicalArticleNumber": "3339462",
    "commercialArticleNumber": "1413",
    "name": "Hula Hoops bolognese",
    "description": "*Gebakken in\nzonnebloemolie",
    "brand": "CROKY",
    "seoBrand": "Croky Hulahoops",
    "thumbNail": "https://static.colruytgroup.com/images/200x200/std.lang.all/13/51/asset-1441351.jpg",
    "fullImage": "https://static.colruytgroup.com/images/500x500/std.lang.all/13/51/asset-1441351.jpg",
    "squareImage": "https://static.colruytgroup.com/images/500x500sq/std.lang.all/13/51/asset-1441351.jpg",
    "content": "100g",
    "walkRouteSequenceNumber": 4651,
    "price": {
      "basicPrice": 1.72,
      "recommendedQuantity": "1.0",
      "quantityPrice": 1.33,
      "quantityPriceQuantity": "3.0",
      "measurementUnitPrice": 17.2,
      "measurementUnitQuantityPrice": 13.3,
      "measurementUnit": "K",
      "isRedPrice": false,
      "pricePerUOM": 17.2,
      "activationDate": "13-03-2024",
      "recordSource": "Offline",
      "isPromoActive": "N",
      "priceChangeCode": "L",
      "quantityPricePerUOM": 13.3,
      "quantityActivationDate": "13-03-2024",
      "quantityPriceChangeCode": "L"
    },
    "isAvailable": true,
    "isPriceAvailable": true,
    "inPromo": false,
    "gtin": [
      "05414359994425",
      "05414359794421",
      "05414359921025",
      "05414359321023"
    ],
    "topCategoryName": "Chips/Borrelhapjes",
    "topCategoryId": "306",
    "businessDomain": "RETAIL_BE",
    "IsPrivateLabel": false,
    "IsBiffe": false,
    "WeightconversionFactor": "0",
    "IsWeightArticle": false,
    "nutriscoreLabel": "D",
    "IsBio": false,
    "CountryOfOrigin": "VERENIGD KONINKRIJK",
    "IsExclusivelySoldInLuxembourg": false,
    "OrderUnit": "P",
    "ShortName": "CROKY HULA BOLO 100GR",
    "IsNew": false,
    "EcoscoreLabel": "B",
    "RecentQuanityOfStockUnits": "1,18",
    "LongName": "CROKY Hula Hoops bolognese 100g",
    "AlcoholVolume": "0",
    "FicCode": "E",
    "EcoscoreValue": "74"
  },
  {
    "productId": "1460",
    "technicalArticleNumber": "19869",
    "commercialArticleNumber": "19869",
    "name": "paprika",
    "description": "*Krokante nootjes\n*Paprika smaak",
    "brand": "DUYVIS CRAC-A-NUT",
    "seoBrand": "Duyvis Crac-A-Nut",
    "thumbNail": "https://static.colruytgroup.com/images/200x200/std.lang.all/99/88/asset-3039988.jpg",
    "fullImage": "https://static.colruytgroup.com/images/500x500/std.lang.all/99/88/asset-3039988.jpg",
    "squareImage": "https://static.colruytgroup.com/images/500x500sq/std.lang.all/99/88/asset-3039988.jpg",
    "content": "500g",
    "walkRouteSequenceNumber": 4436,
    "price": {
      "basicPrice": 4.25,
      "recommendedQuantity": "1.0",
      "measurementUnitPrice": 8.5,
      "measurementUnit": "K",
      "isRedPrice": false,
      "pricePerUOM": 8.5,
      "activationDate": "26-12-2023",
      "recordSource": "Offline",
      "isPromoActive": "N",
      "priceChangeCode": "E"
    },
    "isAvailable": true,
    "isPriceAvailable": true,
    "inPromo": false,
    "gtin": [
      "08710398011619",
      "08710398011749"
    ],
    "topCategoryName": "Groenten en fruit",
    "topCategoryId": "1675",
    "businessDomain": "RETAIL_BE",
    "IsPrivateLabel": false,
    "IsBiffe": false,
    "WeightconversionFactor": "0",
    "IsWeightArticle": false,
    "nutriscoreLabel": "D",
    "IsBio": false,
    "CountryOfOrigin": "EUROPA",
    "IsExclusivelySoldInLuxembourg": false,
    "OrderUnit": "P",
    "ShortName": "DUYV KRAKN PAPRIKA 500G",
    "IsNew": false,
    "RecentQuanityOfStockUnits": "1",
    "LongName": "DUYVIS CRAC-A-NUT paprika 500g",
    "AlcoholVolume": "0",
    "FicCode": "E"
  },
  {
    "productId": "9898",
    "technicalArticleNumber": "1383240",
    "commercialArticleNumber": "12254",
    "name": "dipsaus Hot Cheese",
    "description": "*Kaassmaak\n*Voor tortilla,\nchips of als\nbijgerecht bij\nMexicaanse gerechten",
    "brand": "BONI",
    "seoBrand": "Boni Selection",
    "thumbNail": "https://static.colruytgroup.com/images/200x200/std.lang.all/13/61/asset-2821361.jpg",
    "fullImage": "https://static.colruytgroup.com/images/500x500/std.lang.all/13/61/asset-2821361.jpg",
    "squareImage": "https://static.colruytgroup.com/images/500x500sq/std.lang.all/13/61/asset-2821361.jpg",
    "content": "300g",
    "walkRouteSequenceNumber": 4777,
    "price": {
      "basicPrice": 1.29,
      "recommendedQuantity": "1.0",
      "measurementUnitPrice": 4.3,
      "measurementUnit": "K",
      "isRedPrice": false,
      "pricePerUOM": 4.3,
      "activationDate": "12-12-2023",
      "recordSource": "Offline",
      "isPromoActive": "N",
      "priceChangeCode": "L"
    },
    "isAvailable": true,
    "isPriceAvailable": true,
    "inPromo": false,
    "gtin": [
      "05400141506624",
      "15400141506621",
      "15400141323013",
      "05400141323016",
      "05400141074635"
    ],
    "topCategoryName": "Chips/Borrelhapjes",
    "topCategoryId": "306",
    "businessDomain": "RETAIL_BE",
    "IsPrivateLabel": true,
    "IsBiffe": false,
    "WeightconversionFactor": "0",
    "IsWeightArticle": false,
    "nutriscoreLabel": "D",
    "IsBio": false,
    "CountryOfOrigin": "BELGIË",
    "IsExclusivelySoldInLuxembourg": false,
    "OrderUnit": "P",
    "ShortName": "BONI DIP CHEESE 300G",
    "IsNew": false,
    "EcoscoreLabel": "B",
    "RecentQuanityOfStockUnits": "1,12,1",
    "LongName": "BONI dipsaus Hot Cheese 300g",
    "AlcoholVolume": "0",
    "FicCode": "I",
    "EcoscoreValue": "74"
  },
  {
    "productId": "731188",
    "technicalArticleNumber": "4488657",
    "commercialArticleNumber": "8170",
    "name": "olijven natuur",
    "description": "*Groene olijf ontpit",
    "brand": "BONI",
    "seoBrand": "Boni Selection",
    "thumbNail": "https://static.colruytgroup.com/images/200x200/std.lang.all/16/18/asset-2741618.jpg",
    "fullImage": "https://static.colruytgroup.com/images/500x500/std.lang.all/16/18/asset-2741618.jpg",
    "squareImage": "https://static.colruytgroup.com/images/500x500sq/std.lang.all/16/18/asset-2741618.jpg",
    "content": "150g",
    "walkRouteSequenceNumber": 7694,
    "price": {
      "basicPrice": 2.79,
      "recommendedQuantity": "1.0",
      "quantityPrice": 2.57,
      "quantityPriceQuantity": "3.0",
      "measurementUnitPrice": 18.6,
      "measurementUnitQuantityPrice": 17.14,
      "measurementUnit": "K",
      "isRedPrice": false,
      "pricePerUOM": 18.6,
      "activationDate": "31-10-2022",
      "isPromoActive": "N",
      "priceChangeCode": "E",
      "quantityPricePerUOM": 17.14,
      "quantityActivationDate": "31-10-2022",
      "quantityPriceChangeCode": "H"
    },
    "isAvailable": true,
    "isPriceAvailable": true,
    "inPromo": false,
    "gtin": [
      "05400141466829",
      "05400141886207",
      "15400141705901",
      "05400141705904"
    ],
    "topCategoryName": "Chips/Borrelhapjes",
    "topCategoryId": "306",
    "businessDomain": "RETAIL_BE",
    "IsPrivateLabel": true,
    "IsBiffe": false,
    "WeightconversionFactor": "0",
    "IsWeightArticle": false,
    "nutriscoreLabel": "C",
    "IsBio": false,
    "CountryOfOrigin": "GRIEKENLAND",
    "IsExclusivelySoldInLuxembourg": false,
    "OrderUnit": "P",
    "ShortName": "BONI OLIJF NATUUR 150G",
    "IsNew": false,
    "EcoscoreLabel": "A",
    "RecentQuanityOfStockUnits": "1,12",
    "LongName": "BONI olijven natuur 150g",
    "FicCode": "I",
    "EcoscoreValue": "93"
  },
  {
    "productId": "532891",
    "technicalArticleNumber": "4125361",
    "commercialArticleNumber": "9320",
    "name": "paprika",
    "brand": "LORENZ MONSTER MUNCH",
    "seoBrand": "Lorenz Monster Munch",
    "thumbNail": "https://static.colruytgroup.com/images/200x200/std.lang.all/31/67/asset-2543167.jpg",
    "fullImage": "https://static.colruytgroup.com/images/500x500/std.lang.all/31/67/asset-2543167.jpg",
    "squareImage": "https://static.colruytgroup.com/images/500x500sq/std.lang.all/31/67/asset-2543167.jpg",
    "content": "75g",
    "walkRouteSequenceNumber": 4736,
    "price": {
      "basicPrice": 1.95,
      "recommendedQuantity": "1.0",
      "measurementUnitPrice": 26,
      "measurementUnit": "K",
      "isRedPrice": false,
      "pricePerUOM": 26,
      "activationDate": "27-01-2024",
      "recordSource": "Offline",
      "isPromoActive": "N",
      "priceChangeCode": "H"
    },
    "isAvailable": true,
    "isPriceAvailable": true,
    "inPromo": false,
    "gtin": [
      "04018077634970",
      "04018077963490"
    ],
    "topCategoryName": "Chips/Borrelhapjes",
    "topCategoryId": "306",
    "businessDomain": "RETAIL_BE",
    "IsPrivateLabel": false,
    "IsBiffe": false,
    "WeightconversionFactor": "0",
    "IsWeightArticle": false,
    "nutriscoreLabel": "E",
    "IsBio": false,
    "CountryOfOrigin": "DUITSLAND",
    "IsExclusivelySoldInLuxembourg": false,
    "OrderUnit": "P",
    "ShortName": "LORE MONSTER MUN.PAPR75",
    "IsNew": false,
    "EcoscoreLabel": "B",
    "RecentQuanityOfStockUnits": "25,1",
    "LongName": "LORENZ MONSTER MUNCH paprika 75g",
    "FicCode": "E",
    "EcoscoreValue": "77"
  },
  {
    "productId": "830343",
    "technicalArticleNumber": "4669737",
    "commercialArticleNumber": "30144",
    "name": "crisps zout koker",
    "description": "*Gebakken in zonnebloemolie",
    "brand": "BONI",
    "seoBrand": "Boni Selection",
    "thumbNail": "https://static.colruytgroup.com/images/200x200/std.lang.all/37/90/asset-3233790.jpg",
    "fullImage": "https://static.colruytgroup.com/images/500x500/std.lang.all/37/90/asset-3233790.jpg",
    "squareImage": "https://static.colruytgroup.com/images/500x500sq/std.lang.all/37/90/asset-3233790.jpg",
    "content": "175g",
    "walkRouteSequenceNumber": 4785,
    "price": {
      "basicPrice": 1.43,
      "recommendedQuantity": "1.0",
      "quantityPrice": 1.3,
      "quantityPriceQuantity": "2.0",
      "measurementUnitPrice": 8.18,
      "measurementUnitQuantityPrice": 7.43,
      "measurementUnit": "K",
      "isRedPrice": false,
      "pricePerUOM": 8.18,
      "activationDate": "20-03-2024",
      "recordSource": "Offline",
      "isPromoActive": "N",
      "priceChangeCode": "E",
      "quantityPricePerUOM": 7.43,
      "quantityActivationDate": "20-03-2024",
      "quantityPriceChangeCode": "E"
    },
    "isAvailable": true,
    "isPriceAvailable": true,
    "inPromo": false,
    "gtin": [
      "05400141925548"
    ],
    "topCategoryName": "Chips/Borrelhapjes",
    "topCategoryId": "306",
    "businessDomain": "RETAIL_BE",
    "IsPrivateLabel": true,
    "IsBiffe": false,
    "WeightconversionFactor": "0",
    "IsWeightArticle": false,
    "nutriscoreLabel": "D",
    "IsBio": false,
    "CountryOfOrigin": "FRANKRIJK",
    "IsExclusivelySoldInLuxembourg": false,
    "OrderUnit": "P",
    "ShortName": "BONI CRIS.KOK.ZOU.DS175",
    "IsNew": false,
    "EcoscoreLabel": "B",
    "RecentQuanityOfStockUnits": "1",
    "LongName": "BONI crisps zout koker 175g",
    "AlcoholVolume": "0",
    "FicCode": "I",
    "EcoscoreValue": "67"
  },
  {
    "productId": "85056",
    "technicalArticleNumber": "3026909",
    "commercialArticleNumber": "16203",
    "name": "mini crackers Sour Cr&Onion",
    "brand": "BONI",
    "seoBrand": "Boni Selection",
    "thumbNail": "https://static.colruytgroup.com/images/200x200/std.lang.all/38/72/asset-2513872.jpg",
    "fullImage": "https://static.colruytgroup.com/images/500x500/std.lang.all/38/72/asset-2513872.jpg",
    "squareImage": "https://static.colruytgroup.com/images/500x500sq/std.lang.all/38/72/asset-2513872.jpg",
    "content": "125g",
    "walkRouteSequenceNumber": 4474,
    "price": {
      "basicPrice": 1.69,
      "recommendedQuantity": "1.0",
      "measurementUnitPrice": 13.52,
      "measurementUnit": "K",
      "isRedPrice": false,
      "pricePerUOM": 13.52,
      "activationDate": "17-01-2024",
      "recordSource": "Offline",
      "isPromoActive": "N",
      "priceChangeCode": "E"
    },
    "isAvailable": true,
    "isPriceAvailable": true,
    "inPromo": false,
    "gtin": [
      "15400141054665",
      "05400141311259",
      "05400141415728",
      "05400141054668",
      "15400141415725"
    ],
    "topCategoryName": "Chips/Borrelhapjes",
    "topCategoryId": "306",
    "businessDomain": "RETAIL_BE",
    "IsPrivateLabel": true,
    "IsBiffe": false,
    "WeightconversionFactor": "0",
    "IsWeightArticle": false,
    "nutriscoreLabel": "D",
    "IsBio": false,
    "CountryOfOrigin": "DUITSLAND",
    "IsExclusivelySoldInLuxembourg": false,
    "OrderUnit": "P",
    "ShortName": "BONI SNACK UISMAAK 125",
    "IsNew": false,
    "EcoscoreLabel": "B",
    "RecentQuanityOfStockUnits": "12,1",
    "LongName": "BONI mini crackers Sour Cr&Onion 125g",
    "AlcoholVolume": "0",
    "FicCode": "I",
    "EcoscoreValue": "72"
  },
  {
    "productId": "84866",
    "technicalArticleNumber": "2991692",
    "commercialArticleNumber": "1865",
    "name": "Cornitos Nacho Chips",
    "description": "*Gebakken in\nzonnebloemolie,\npalmolie en\nkokosolie",
    "brand": "BONI",
    "seoBrand": "Boni Selection",
    "thumbNail": "https://static.colruytgroup.com/images/200x200/std.lang.all/10/48/asset-3211048.jpg",
    "fullImage": "https://static.colruytgroup.com/images/500x500/std.lang.all/10/48/asset-3211048.jpg",
    "squareImage": "https://static.colruytgroup.com/images/500x500sq/std.lang.all/10/48/asset-3211048.jpg",
    "content": "125g",
    "walkRouteSequenceNumber": 4735,
    "price": {
      "basicPrice": 1.32,
      "recommendedQuantity": "1.0",
      "measurementUnitPrice": 10.56,
      "measurementUnit": "K",
      "isRedPrice": false,
      "pricePerUOM": 10.56,
      "activationDate": "15-01-2024",
      "recordSource": "Offline",
      "isPromoActive": "N",
      "priceChangeCode": "E"
    },
    "isAvailable": true,
    "isPriceAvailable": true,
    "inPromo": false,
    "gtin": [
      "05400141224276",
      "05400141214857",
      "15400141323020",
      "05400141215519",
      "05400141323023"
    ],
    "topCategoryName": "Chips/Borrelhapjes",
    "topCategoryId": "306",
    "businessDomain": "RETAIL_BE",
    "IsPrivateLabel": true,
    "IsBiffe": false,
    "WeightconversionFactor": "0",
    "IsWeightArticle": false,
    "nutriscoreLabel": "E",
    "IsBio": false,
    "CountryOfOrigin": "NEDERLAND",
    "IsExclusivelySoldInLuxembourg": false,
    "OrderUnit": "P",
    "ShortName": "BONI SNA.NAC.CHEESE125G",
    "IsNew": false,
    "EcoscoreLabel": "B",
    "RecentQuanityOfStockUnits": "1,24",
    "LongName": "BONI Cornitos Nacho Chips 125g",
    "AlcoholVolume": "0",
    "FicCode": "I",
    "EcoscoreValue": "72"
  },
  {
    "productId": "830819",
    "technicalArticleNumber": "4670374",
    "commercialArticleNumber": "3105",
    "name": "crisps paprika koker",
    "description": "*Gebakken in zonnebloemolie",
    "brand": "BONI",
    "seoBrand": "Boni Selection",
    "thumbNail": "https://static.colruytgroup.com/images/200x200/std.lang.all/37/91/asset-3233791.jpg",
    "fullImage": "https://static.colruytgroup.com/images/500x500/std.lang.all/37/91/asset-3233791.jpg",
    "squareImage": "https://static.colruytgroup.com/images/500x500sq/std.lang.all/37/91/asset-3233791.jpg",
    "content": "175g",
    "walkRouteSequenceNumber": 4786,
    "price": {
      "basicPrice": 1.43,
      "recommendedQuantity": "1.0",
      "quantityPrice": 1.27,
      "quantityPriceQuantity": "2.0",
      "measurementUnitPrice": 8.18,
      "measurementUnitQuantityPrice": 7.26,
      "measurementUnit": "K",
      "isRedPrice": false,
      "pricePerUOM": 8.18,
      "activationDate": "20-03-2024",
      "recordSource": "Offline",
      "isPromoActive": "N",
      "priceChangeCode": "E",
      "quantityPricePerUOM": 7.26,
      "quantityActivationDate": "20-03-2024",
      "quantityPriceChangeCode": "H"
    },
    "isAvailable": true,
    "isPriceAvailable": true,
    "inPromo": false,
    "gtin": [
      "05400141931914"
    ],
    "topCategoryName": "Chips/Borrelhapjes",
    "topCategoryId": "306",
    "businessDomain": "RETAIL_BE",
    "IsPrivateLabel": true,
    "IsBiffe": false,
    "WeightconversionFactor": "0",
    "IsWeightArticle": false,
    "nutriscoreLabel": "D",
    "IsBio": false,
    "CountryOfOrigin": "FRANKRIJK",
    "IsExclusivelySoldInLuxembourg": false,
    "OrderUnit": "P",
    "ShortName": "BONI CRIS.KOK.PAP.DS175",
    "IsNew": false,
    "EcoscoreLabel": "B",
    "RecentQuanityOfStockUnits": "1",
    "LongName": "BONI crisps paprika koker 175g",
    "AlcoholVolume": "0",
    "FicCode": "I",
    "EcoscoreValue": "67"
  },
  {
    "productId": "177342",
    "technicalArticleNumber": "3336694",
    "commercialArticleNumber": "2381",
    "name": "Pickles",
    "description": "*Smaak: Belgische\npickles",
    "brand": "CROKY",
    "seoBrand": "Croky",
    "thumbNail": "https://static.colruytgroup.com/images/200x200/std.lang.all/66/61/asset-3336661.jpg",
    "fullImage": "https://static.colruytgroup.com/images/500x500/std.lang.all/66/61/asset-3336661.jpg",
    "squareImage": "https://static.colruytgroup.com/images/500x500sq/std.lang.all/66/61/asset-3336661.jpg",
    "content": "200g",
    "walkRouteSequenceNumber": 4573,
    "price": {
      "basicPrice": 2.06,
      "recommendedQuantity": "1.0",
      "measurementUnitPrice": 10.3,
      "measurementUnit": "K",
      "isRedPrice": false,
      "pricePerUOM": 10.3,
      "activationDate": "29-02-2024",
      "recordSource": "Offline",
      "isPromoActive": "N",
      "priceChangeCode": "H"
    },
    "isAvailable": true,
    "isPriceAvailable": true,
    "inPromo": false,
    "gtin": [
      "05414359722042",
      "05414359922046"
    ],
    "topCategoryName": "Chips/Borrelhapjes",
    "topCategoryId": "306",
    "businessDomain": "RETAIL_BE",
    "IsPrivateLabel": false,
    "IsBiffe": false,
    "WeightconversionFactor": "0",
    "IsWeightArticle": false,
    "nutriscoreLabel": "D",
    "IsBio": false,
    "CountryOfOrigin": "BELGIË",
    "IsExclusivelySoldInLuxembourg": false,
    "OrderUnit": "P",
    "ShortName": "CROKY PICKLES 200GR",
    "InSeason": true,
    "IsNew": false,
    "EcoscoreLabel": "B",
    "RecentQuanityOfStockUnits": "1,18",
    "LongName": "CROKY Pickles 200g",
    "AlcoholVolume": "0",
    "StartSeasonDate": "23/04/2021",
    "FicCode": "E",
    "EcoscoreValue": "79"
  },
  {
    "productId": "815416",
    "technicalArticleNumber": "4644141",
    "commercialArticleNumber": "21287",
    "name": "crackers zout",
    "brand": "KRIT",
    "seoBrand": "Krit",
    "thumbNail": "https://static.colruytgroup.com/images/200x200/std.lang.all/88/42/asset-2868842.jpg",
    "fullImage": "https://static.colruytgroup.com/images/500x500/std.lang.all/88/42/asset-2868842.jpg",
    "squareImage": "https://static.colruytgroup.com/images/500x500sq/std.lang.all/88/42/asset-2868842.jpg",
    "content": "100g",
    "walkRouteSequenceNumber": 4440,
    "price": {
      "basicPrice": 0.585,
      "recommendedQuantity": "1.0",
      "measurementUnitPrice": 5.85,
      "measurementUnit": "K",
      "isRedPrice": false,
      "pricePerUOM": 5.85,
      "activationDate": "20-03-2024",
      "recordSource": "Folder",
      "isPromoActive": "Y",
      "priceChangeCode": "L"
    },
    "isAvailable": true,
    "isPriceAvailable": true,
    "inPromo": true,
    "promotion": [
      {
        "techPromoId": "100914COLR",
        "promotionId": "100914",
        "promotionType": "3",
        "isPersonalized": "N",
        "publicationStartDate": "13-03-2024",
        "publicationEndDate": "26-03-2024"
      }
    ],
    "gtin": [
      "18434165608150",
      "08434165466128",
      "08434165446588",
      "01843416546613",
      "15430000305041"
    ],
    "topCategoryName": "Chips/Borrelhapjes",
    "topCategoryId": "306",
    "businessDomain": "RETAIL_BE",
    "IsPrivateLabel": false,
    "IsBiffe": false,
    "WeightconversionFactor": "0",
    "IsWeightArticle": false,
    "IsBio": false,
    "CountryOfOrigin": "SPANJE",
    "IsExclusivelySoldInLuxembourg": false,
    "OrderUnit": "P",
    "ShortName": "KRIT CRACKERS 100G",
    "IsNew": false,
    "EcoscoreLabel": "B",
    "RecentQuanityOfStockUnits": "1,3,48",
    "LongName": "KRIT crackers zout 100g",
    "FicCode": "E",
    "EcoscoreValue": "67"
  },
  {
    "productId": "15991",
    "technicalArticleNumber": "1440063",
    "commercialArticleNumber": "20046",
    "name": "chips Naturel",
    "description": "*Gebakken in\nzonnebloemolie",
    "brand": "CROKY",
    "seoBrand": "Croky",
    "thumbNail": "https://static.colruytgroup.com/images/200x200/std.lang.all/13/37/asset-1441337.jpg",
    "fullImage": "https://static.colruytgroup.com/images/500x500/std.lang.all/13/37/asset-1441337.jpg",
    "squareImage": "https://static.colruytgroup.com/images/500x500sq/std.lang.all/13/37/asset-1441337.jpg",
    "content": "45g",
    "walkRouteSequenceNumber": 4629,
    "price": {
      "basicPrice": 0.55,
      "recommendedQuantity": "1.0",
      "measurementUnitPrice": 12.23,
      "measurementUnit": "K",
      "isRedPrice": false,
      "pricePerUOM": 12.23,
      "activationDate": "28-02-2024",
      "isPromoActive": "N",
      "priceChangeCode": "E"
    },
    "isAvailable": true,
    "isPriceAvailable": true,
    "inPromo": false,
    "gtin": [
      "05414359910401",
      "04541546741546",
      "05414359710407"
    ],
    "topCategoryName": "Chips/Borrelhapjes",
    "topCategoryId": "306",
    "businessDomain": "RETAIL_BE",
    "IsPrivateLabel": false,
    "IsBiffe": false,
    "WeightconversionFactor": "0",
    "IsWeightArticle": false,
    "nutriscoreLabel": "D",
    "IsBio": false,
    "CountryOfOrigin": "BELGIË",
    "IsExclusivelySoldInLuxembourg": false,
    "OrderUnit": "P",
    "ShortName": "CROKY NATUREL CHIPS 45G",
    "IsNew": false,
    "EcoscoreLabel": "B",
    "RecentQuanityOfStockUnits": "20,1",
    "LongName": "CROKY chips Naturel 45g",
    "AlcoholVolume": "0",
    "FicCode": "E",
    "EcoscoreValue": "79"
  },
  {
    "productId": "766054",
    "technicalArticleNumber": "4549070",
    "commercialArticleNumber": "12381",
    "name": "hummus",
    "brand": "BONI",
    "seoBrand": "Boni Selection",
    "thumbNail": "https://static.colruytgroup.com/images/200x200/std.lang.all/36/58/asset-2733658.jpg",
    "fullImage": "https://static.colruytgroup.com/images/500x500/std.lang.all/36/58/asset-2733658.jpg",
    "squareImage": "https://static.colruytgroup.com/images/500x500sq/std.lang.all/36/58/asset-2733658.jpg",
    "content": "450g",
    "walkRouteSequenceNumber": 7758,
    "price": {
      "basicPrice": 2,
      "recommendedQuantity": "1.0",
      "measurementUnitPrice": 4.45,
      "measurementUnit": "K",
      "isRedPrice": false,
      "pricePerUOM": 4.45,
      "activationDate": "07-03-2024",
      "recordSource": "Offline",
      "isPromoActive": "N",
      "priceChangeCode": "E"
    },
    "isAvailable": true,
    "isPriceAvailable": true,
    "inPromo": false,
    "gtin": [
      "05400141608380",
      "15400141608387"
    ],
    "topCategoryName": "Chips/Borrelhapjes",
    "topCategoryId": "306",
    "businessDomain": "RETAIL_BE",
    "IsPrivateLabel": true,
    "IsBiffe": false,
    "WeightconversionFactor": "0",
    "IsWeightArticle": false,
    "nutriscoreLabel": "C",
    "IsBio": false,
    "CountryOfOrigin": "NEDERLAND",
    "IsExclusivelySoldInLuxembourg": false,
    "OrderUnit": "P",
    "ShortName": "BONI HUMMUS 450G",
    "IsNew": false,
    "EcoscoreLabel": "B",
    "RecentQuanityOfStockUnits": "1",
    "LongName": "BONI hummus 450g",
    "AlcoholVolume": "0",
    "FicCode": "I",
    "EcoscoreValue": "72"
  },
  {
    "productId": "419073",
    "technicalArticleNumber": "3941652",
    "commercialArticleNumber": "1485",
    "name": "pombär original",
    "description": "*Glutenvrij\n*Zonder smaakversterkers\n*Zonder kleurstoffen",
    "brand": "CHIO",
    "seoBrand": "Chio Pom-Bär",
    "thumbNail": "https://static.colruytgroup.com/images/200x200/std.lang.all/35/95/asset-3363595.jpg",
    "fullImage": "https://static.colruytgroup.com/images/500x500/std.lang.all/35/95/asset-3363595.jpg",
    "squareImage": "https://static.colruytgroup.com/images/500x500sq/std.lang.all/35/95/asset-3363595.jpg",
    "content": "90g",
    "walkRouteSequenceNumber": 4784,
    "price": {
      "basicPrice": 1.69,
      "recommendedQuantity": "1.0",
      "measurementUnitPrice": 18.78,
      "measurementUnit": "K",
      "isRedPrice": false,
      "pricePerUOM": 18.78,
      "activationDate": "11-03-2024",
      "recordSource": "Offline",
      "isPromoActive": "N",
      "priceChangeCode": "H"
    },
    "isAvailable": true,
    "isPriceAvailable": true,
    "inPromo": false,
    "gtin": [
      "08710532467562",
      "08710532467630",
      "08710532453954",
      "08710532453909"
    ],
    "topCategoryName": "Chips/Borrelhapjes",
    "topCategoryId": "306",
    "businessDomain": "RETAIL_BE",
    "IsPrivateLabel": false,
    "IsBiffe": false,
    "WeightconversionFactor": "0",
    "IsWeightArticle": false,
    "nutriscoreLabel": "D",
    "IsBio": false,
    "CountryOfOrigin": "NEDERLAND",
    "IsExclusivelySoldInLuxembourg": false,
    "OrderUnit": "P",
    "ShortName": "CHIO POMBAR ORIG.90G",
    "IsNew": false,
    "EcoscoreLabel": "B",
    "RecentQuanityOfStockUnits": "1",
    "LongName": "CHIO pombär original 90g",
    "FicCode": "E",
    "EcoscoreValue": "67"
  },
  {
    "productId": "447234",
    "technicalArticleNumber": "4030482",
    "commercialArticleNumber": "5583",
    "name": "groene olijven knoflook",
    "description": "*Zie verpakking",
    "brand": "EVERYDAY",
    "seoBrand": "Everyday",
    "thumbNail": "https://static.colruytgroup.com/images/200x200/std.lang.all/17/16/asset-2741716.jpg",
    "fullImage": "https://static.colruytgroup.com/images/500x500/std.lang.all/17/16/asset-2741716.jpg",
    "squareImage": "https://static.colruytgroup.com/images/500x500sq/std.lang.all/17/16/asset-2741716.jpg",
    "content": "200g",
    "walkRouteSequenceNumber": 7696,
    "price": {
      "basicPrice": 2.39,
      "recommendedQuantity": "1.0",
      "measurementUnitPrice": 11.95,
      "measurementUnit": "K",
      "isRedPrice": false,
      "pricePerUOM": 11.95,
      "activationDate": "23-03-2024",
      "recordSource": "Offline",
      "isPromoActive": "N",
      "priceChangeCode": "H"
    },
    "isAvailable": true,
    "isPriceAvailable": true,
    "inPromo": false,
    "gtin": [
      "05400141488067",
      "05400141050646",
      "05400141269406",
      "25400141269400",
      "05400141944877",
      "05400141710533"
    ],
    "topCategoryName": "Chips/Borrelhapjes",
    "topCategoryId": "306",
    "businessDomain": "RETAIL_BE",
    "IsPrivateLabel": true,
    "IsBiffe": false,
    "WeightconversionFactor": "0",
    "IsWeightArticle": false,
    "nutriscoreLabel": "C",
    "IsBio": false,
    "CountryOfOrigin": "MAROKKO",
    "IsExclusivelySoldInLuxembourg": false,
    "OrderUnit": "P",
    "ShortName": "EVD OLIJVEN LOOK 200G",
    "IsNew": false,
    "EcoscoreLabel": "B",
    "RecentQuanityOfStockUnits": "1",
    "LongName": "EVERYDAY groene olijven knoflook 200g",
    "FicCode": "I",
    "EcoscoreValue": "75"
  },
  {
    "productId": "472878",
    "technicalArticleNumber": "4073699",
    "commercialArticleNumber": "7285",
    "name": "zwarte olijven ontpit",
    "description": "*Ontpit zwarte\ngeoxideerde olijven\n*Oorsprong: Griekenland",
    "brand": "BONI",
    "seoBrand": "Boni Selection",
    "thumbNail": "https://static.colruytgroup.com/images/200x200/std.lang.all/17/18/asset-2741718.jpg",
    "fullImage": "https://static.colruytgroup.com/images/500x500/std.lang.all/17/18/asset-2741718.jpg",
    "squareImage": "https://static.colruytgroup.com/images/500x500sq/std.lang.all/17/18/asset-2741718.jpg",
    "content": "150g",
    "walkRouteSequenceNumber": 7681,
    "price": {
      "basicPrice": 2.89,
      "recommendedQuantity": "1.0",
      "quantityPrice": 2.66,
      "quantityPriceQuantity": "3.0",
      "measurementUnitPrice": 19.27,
      "measurementUnitQuantityPrice": 17.74,
      "measurementUnit": "K",
      "isRedPrice": false,
      "pricePerUOM": 19.27,
      "activationDate": "31-10-2022",
      "isPromoActive": "N",
      "priceChangeCode": "E",
      "quantityPricePerUOM": 17.74,
      "quantityActivationDate": "31-10-2022",
      "quantityPriceChangeCode": "H"
    },
    "isAvailable": true,
    "isPriceAvailable": true,
    "inPromo": false,
    "gtin": [
      "05400141705898",
      "15400141274001",
      "05400141274004",
      "05400141437454",
      "05400141490466",
      "15400141437451",
      "05400141888683"
    ],
    "topCategoryName": "Chips/Borrelhapjes",
    "topCategoryId": "306",
    "businessDomain": "RETAIL_BE",
    "IsPrivateLabel": true,
    "IsBiffe": false,
    "WeightconversionFactor": "0",
    "IsWeightArticle": false,
    "nutriscoreLabel": "C",
    "IsBio": false,
    "CountryOfOrigin": "GRIEKENLAND",
    "IsExclusivelySoldInLuxembourg": false,
    "OrderUnit": "P",
    "ShortName": "BONI S. ZW.OLI.ONTP150G",
    "IsNew": false,
    "EcoscoreLabel": "A",
    "RecentQuanityOfStockUnits": "1,1",
    "LongName": "BONI zwarte olijven ontpit 150g",
    "FicCode": "I",
    "EcoscoreValue": "84"
  },
  {
    "productId": "326706",
    "technicalArticleNumber": "3771780",
    "commercialArticleNumber": "16693",
    "name": "snackmengeling",
    "brand": "EVERYDAY",
    "seoBrand": "Everyday",
    "thumbNail": "https://static.colruytgroup.com/images/200x200/std.lang.all/59/41/asset-1505941.jpg",
    "fullImage": "https://static.colruytgroup.com/images/500x500/std.lang.all/59/41/asset-1505941.jpg",
    "squareImage": "https://static.colruytgroup.com/images/500x500sq/std.lang.all/59/41/asset-1505941.jpg",
    "content": "300g",
    "walkRouteSequenceNumber": 4424,
    "price": {
      "basicPrice": 1.78,
      "recommendedQuantity": "1.0",
      "measurementUnitPrice": 5.94,
      "measurementUnit": "K",
      "isRedPrice": false,
      "pricePerUOM": 5.94,
      "activationDate": "19-03-2024",
      "recordSource": "Offline",
      "isPromoActive": "N",
      "priceChangeCode": "H"
    },
    "isAvailable": true,
    "isPriceAvailable": true,
    "inPromo": false,
    "gtin": [
      "05400141162387",
      "05400141369816",
      "35400141369817",
      "15400141162384"
    ],
    "topCategoryName": "Chips/Borrelhapjes",
    "topCategoryId": "306",
    "businessDomain": "RETAIL_BE",
    "IsPrivateLabel": true,
    "IsBiffe": false,
    "WeightconversionFactor": "0",
    "IsWeightArticle": false,
    "nutriscoreLabel": "E",
    "IsBio": false,
    "CountryOfOrigin": "DUITSLAND",
    "IsExclusivelySoldInLuxembourg": false,
    "OrderUnit": "P",
    "ShortName": "EVD SNACKMENGELING 300G",
    "IsNew": false,
    "EcoscoreLabel": "B",
    "RecentQuanityOfStockUnits": "1,16",
    "LongName": "EVERYDAY snackmengeling 300g",
    "AlcoholVolume": "0",
    "FicCode": "I",
    "EcoscoreValue": "72"
  },
  {
    "productId": "484769",
    "technicalArticleNumber": "4011911",
    "commercialArticleNumber": "4904",
    "name": "bbq+chili balls",
    "brand": "BONI",
    "seoBrand": "Boni Selection",
    "thumbNail": "https://static.colruytgroup.com/images/200x200/std.lang.all/00/32/asset-2790032.jpg",
    "fullImage": "https://static.colruytgroup.com/images/500x500/std.lang.all/00/32/asset-2790032.jpg",
    "squareImage": "https://static.colruytgroup.com/images/500x500sq/std.lang.all/00/32/asset-2790032.jpg",
    "content": "200g",
    "walkRouteSequenceNumber": 4425,
    "price": {
      "basicPrice": 2.85,
      "recommendedQuantity": "1.0",
      "measurementUnitPrice": 14.25,
      "measurementUnit": "K",
      "isRedPrice": false,
      "pricePerUOM": 14.25,
      "activationDate": "13-03-2024",
      "recordSource": "Offline",
      "isPromoActive": "N",
      "priceChangeCode": "H"
    },
    "isAvailable": true,
    "isPriceAvailable": true,
    "inPromo": false,
    "gtin": [
      "05400141208917",
      "15400141208914"
    ],
    "topCategoryName": "Chips/Borrelhapjes",
    "topCategoryId": "306",
    "businessDomain": "RETAIL_BE",
    "IsPrivateLabel": true,
    "IsBiffe": false,
    "WeightconversionFactor": "0",
    "IsWeightArticle": false,
    "nutriscoreLabel": "D",
    "IsBio": false,
    "CountryOfOrigin": "SPANJE",
    "IsExclusivelySoldInLuxembourg": false,
    "OrderUnit": "P",
    "ShortName": "BONI BBQ+CHILI BALLS200",
    "IsNew": false,
    "EcoscoreLabel": "A",
    "RecentQuanityOfStockUnits": "1",
    "LongName": "BONI bbq+chili balls 200g",
    "FicCode": "I",
    "EcoscoreValue": "95"
  },
  {
    "productId": "740090",
    "technicalArticleNumber": "4504300",
    "commercialArticleNumber": "25089",
    "name": "Explosions sweet chili",
    "brand": "CROKY",
    "seoBrand": "Croky Explosions",
    "thumbNail": "https://static.colruytgroup.com/images/200x200/std.lang.all/38/34/asset-2553834.jpg",
    "fullImage": "https://static.colruytgroup.com/images/500x500/std.lang.all/38/34/asset-2553834.jpg",
    "squareImage": "https://static.colruytgroup.com/images/500x500sq/std.lang.all/38/34/asset-2553834.jpg",
    "content": "150g",
    "walkRouteSequenceNumber": 4640,
    "price": {
      "basicPrice": 1.69,
      "recommendedQuantity": "1.0",
      "measurementUnitPrice": 11.27,
      "measurementUnit": "K",
      "isRedPrice": false,
      "pricePerUOM": 11.27,
      "activationDate": "14-03-2024",
      "recordSource": "Offline",
      "isPromoActive": "N",
      "priceChangeCode": "L"
    },
    "isAvailable": true,
    "isPriceAvailable": true,
    "inPromo": false,
    "gtin": [
      "05414359962677",
      "05414359762673"
    ],
    "topCategoryName": "Chips/Borrelhapjes",
    "topCategoryId": "306",
    "businessDomain": "RETAIL_BE",
    "IsPrivateLabel": false,
    "IsBiffe": false,
    "WeightconversionFactor": "0",
    "IsWeightArticle": false,
    "nutriscoreLabel": "D",
    "IsBio": false,
    "CountryOfOrigin": "BELGIË",
    "IsExclusivelySoldInLuxembourg": false,
    "OrderUnit": "P",
    "ShortName": "CROK EXPL. SW.CHIL.150G",
    "IsNew": false,
    "EcoscoreLabel": "B",
    "RecentQuanityOfStockUnits": "9,1",
    "LongName": "CROKY Explosions sweet chili 150g",
    "FicCode": "E",
    "EcoscoreValue": "79"
  },
  {
    "productId": "667841",
    "technicalArticleNumber": "4378176",
    "commercialArticleNumber": "14258",
    "name": "halfgedroogde tomaten",
    "description": "*Halfgedroogde\ntomaten,\nkruiden gemarineerd",
    "brand": "BONI",
    "seoBrand": "Boni Selection",
    "thumbNail": "https://static.colruytgroup.com/images/200x200/std.lang.all/68/29/asset-2706829.jpg",
    "fullImage": "https://static.colruytgroup.com/images/500x500/std.lang.all/68/29/asset-2706829.jpg",
    "squareImage": "https://static.colruytgroup.com/images/500x500sq/std.lang.all/68/29/asset-2706829.jpg",
    "content": "150g",
    "walkRouteSequenceNumber": 7667,
    "price": {
      "basicPrice": 2.19,
      "recommendedQuantity": "1.0",
      "measurementUnitPrice": 14.6,
      "measurementUnit": "K",
      "isRedPrice": false,
      "pricePerUOM": 14.6,
      "activationDate": "08-03-2024",
      "recordSource": "Offline",
      "isPromoActive": "N",
      "priceChangeCode": "L"
    },
    "isAvailable": true,
    "isPriceAvailable": true,
    "inPromo": false,
    "gtin": [
      "15400141991649",
      "05400141450101",
      "15400141632801",
      "05400141991642"
    ],
    "topCategoryName": "Chips/Borrelhapjes",
    "topCategoryId": "306",
    "businessDomain": "RETAIL_BE",
    "IsPrivateLabel": true,
    "IsBiffe": false,
    "WeightconversionFactor": "0",
    "IsWeightArticle": false,
    "nutriscoreLabel": "C",
    "IsBio": false,
    "CountryOfOrigin": "FRANKRIJK",
    "IsExclusivelySoldInLuxembourg": false,
    "OrderUnit": "P",
    "ShortName": "BONI HALFGEDR.TOM.150G",
    "IsNew": false,
    "EcoscoreLabel": "E",
    "RecentQuanityOfStockUnits": "1",
    "LongName": "BONI halfgedroogde tomaten 150g",
    "FicCode": "I",
    "EcoscoreValue": "0"
  },
  {
    "productId": "786332",
    "technicalArticleNumber": "4587897",
    "commercialArticleNumber": "18686",
    "name": "bbq style",
    "brand": "DORITOS",
    "seoBrand": "Doritos",
    "thumbNail": "https://static.colruytgroup.com/images/200x200/std.lang.all/14/41/asset-2791441.jpg",
    "fullImage": "https://static.colruytgroup.com/images/500x500/std.lang.all/14/41/asset-2791441.jpg",
    "squareImage": "https://static.colruytgroup.com/images/500x500sq/std.lang.all/14/41/asset-2791441.jpg",
    "content": "170g",
    "walkRouteSequenceNumber": 4813,
    "price": {
      "basicPrice": 1.79,
      "recommendedQuantity": "1.0",
      "measurementUnitPrice": 10.53,
      "measurementUnit": "K",
      "isRedPrice": false,
      "pricePerUOM": 10.53,
      "activationDate": "04-03-2024",
      "recordSource": "Offline",
      "isPromoActive": "N",
      "priceChangeCode": "H"
    },
    "isAvailable": true,
    "isPriceAvailable": true,
    "inPromo": false,
    "gtin": [
      "08710398523563",
      "08710398167477"
    ],
    "topCategoryName": "Chips/Borrelhapjes",
    "topCategoryId": "306",
    "businessDomain": "RETAIL_BE",
    "IsPrivateLabel": false,
    "IsBiffe": false,
    "WeightconversionFactor": "0",
    "IsWeightArticle": false,
    "nutriscoreLabel": "B",
    "IsBio": false,
    "CountryOfOrigin": "EUROPA",
    "IsExclusivelySoldInLuxembourg": false,
    "OrderUnit": "P",
    "ShortName": "DORI BBQ STYLE 170G",
    "IsNew": false,
    "RecentQuanityOfStockUnits": "22,1",
    "LongName": "DORITOS bbq style 170g",
    "FicCode": "E"
  },
  {
    "productId": "779434",
    "technicalArticleNumber": "4573533",
    "commercialArticleNumber": "28630",
    "name": "double crunch spare ribs",
    "brand": "LAY'S MAX",
    "seoBrand": "Lay's Max",
    "thumbNail": "https://static.colruytgroup.com/images/200x200/std.lang.all/50/22/asset-2785022.jpg",
    "fullImage": "https://static.colruytgroup.com/images/500x500/std.lang.all/50/22/asset-2785022.jpg",
    "squareImage": "https://static.colruytgroup.com/images/500x500sq/std.lang.all/50/22/asset-2785022.jpg",
    "content": "140g",
    "walkRouteSequenceNumber": 4623,
    "price": {
      "basicPrice": 1.99,
      "recommendedQuantity": "1.0",
      "measurementUnitPrice": 14.22,
      "measurementUnit": "K",
      "isRedPrice": false,
      "pricePerUOM": 14.22,
      "activationDate": "21-03-2024",
      "recordSource": "Offline",
      "isPromoActive": "N",
      "priceChangeCode": "E"
    },
    "isAvailable": true,
    "isPriceAvailable": true,
    "inPromo": false,
    "gtin": [
      "08710398524706",
      "08710398524690"
    ],
    "topCategoryName": "Chips/Borrelhapjes",
    "topCategoryId": "306",
    "businessDomain": "RETAIL_BE",
    "IsPrivateLabel": false,
    "IsBiffe": false,
    "WeightconversionFactor": "0",
    "IsWeightArticle": false,
    "nutriscoreLabel": "C",
    "IsBio": false,
    "CountryOfOrigin": "VERENIGD KONINKRIJK",
    "IsExclusivelySoldInLuxembourg": false,
    "OrderUnit": "P",
    "ShortName": "LAYS MAX D.C.SP.RIBS140",
    "IsNew": false,
    "RecentQuanityOfStockUnits": "9,1",
    "LongName": "LAY'S MAX double crunch spare ribs 140g",
    "FicCode": "E"
  },
  {
    "productId": "861680",
    "technicalArticleNumber": "4713173",
    "commercialArticleNumber": "31826",
    "name": "Rollers smokey barbecue",
    "brand": "CROKY",
    "seoBrand": "Croky Rollers",
    "thumbNail": "https://static.colruytgroup.com/images/200x200/std.lang.all/79/32/asset-3177932.jpg",
    "fullImage": "https://static.colruytgroup.com/images/500x500/std.lang.all/79/32/asset-3177932.jpg",
    "squareImage": "https://static.colruytgroup.com/images/500x500sq/std.lang.all/79/32/asset-3177932.jpg",
    "content": "100g",
    "walkRouteSequenceNumber": 4658,
    "price": {
      "basicPrice": 1.79,
      "recommendedQuantity": "1.0",
      "quantityPrice": 1.33,
      "quantityPriceQuantity": "3.0",
      "measurementUnitPrice": 17.9,
      "measurementUnitQuantityPrice": 13.3,
      "measurementUnit": "K",
      "isRedPrice": false,
      "pricePerUOM": 17.9,
      "activationDate": "13-03-2024",
      "recordSource": "Offline",
      "isPromoActive": "N",
      "priceChangeCode": "E",
      "quantityPricePerUOM": 13.3,
      "quantityActivationDate": "13-03-2024",
      "quantityPriceChangeCode": "L"
    },
    "isAvailable": true,
    "isPriceAvailable": true,
    "inPromo": false,
    "gtin": [
      "05414359979750",
      "05414359779756"
    ],
    "topCategoryName": "Chips/Borrelhapjes",
    "topCategoryId": "306",
    "businessDomain": "RETAIL_BE",
    "IsPrivateLabel": false,
    "IsBiffe": false,
    "WeightconversionFactor": "0",
    "IsWeightArticle": false,
    "nutriscoreLabel": "D",
    "IsBio": false,
    "CountryOfOrigin": "BELGIË",
    "IsExclusivelySoldInLuxembourg": false,
    "OrderUnit": "P",
    "ShortName": "CROK ROLLER.SMOK.BBQ100",
    "IsNew": false,
    "EcoscoreLabel": "B",
    "RecentQuanityOfStockUnits": "9,1",
    "LongName": "CROKY Rollers smokey barbecue 100g",
    "FicCode": "E",
    "EcoscoreValue": "67"
  },
  {
    "productId": "664439",
    "technicalArticleNumber": "4372451",
    "commercialArticleNumber": "19804",
    "name": "hummus pikant",
    "description": "*kikkererwten,\nsesampasta,\nchilipeper",
    "brand": "BONI",
    "seoBrand": "Boni Selection",
    "thumbNail": "https://static.colruytgroup.com/images/200x200/std.lang.all/17/96/asset-3021796.jpg",
    "fullImage": "https://static.colruytgroup.com/images/500x500/std.lang.all/17/96/asset-3021796.jpg",
    "squareImage": "https://static.colruytgroup.com/images/500x500sq/std.lang.all/17/96/asset-3021796.jpg",
    "content": "200g",
    "walkRouteSequenceNumber": 7654,
    "price": {
      "basicPrice": 0.89,
      "recommendedQuantity": "1.0",
      "measurementUnitPrice": 4.45,
      "measurementUnit": "K",
      "isRedPrice": false,
      "pricePerUOM": 4.45,
      "activationDate": "23-03-2024",
      "recordSource": "Offline",
      "isPromoActive": "N",
      "priceChangeCode": "L"
    },
    "isAvailable": true,
    "isPriceAvailable": true,
    "inPromo": false,
    "gtin": [
      "05400141740714",
      "05400141997965",
      "15400141997962",
      "15400141740711"
    ],
    "topCategoryName": "Chips/Borrelhapjes",
    "topCategoryId": "306",
    "businessDomain": "RETAIL_BE",
    "IsPrivateLabel": true,
    "IsBiffe": false,
    "WeightconversionFactor": "0",
    "IsWeightArticle": false,
    "nutriscoreLabel": "C",
    "IsBio": false,
    "CountryOfOrigin": "BELGIË",
    "IsExclusivelySoldInLuxembourg": false,
    "OrderUnit": "P",
    "ShortName": "BONI HUMMUS PIKANT 200G",
    "IsNew": false,
    "EcoscoreLabel": "B",
    "RecentQuanityOfStockUnits": "1",
    "LongName": "BONI hummus pikant 200g",
    "FicCode": "I",
    "EcoscoreValue": "72"
  },
  {
    "productId": "11743",
    "technicalArticleNumber": "1358366",
    "commercialArticleNumber": "28925",
    "name": "groene olijven zonder pit",
    "description": "*Groen\n*Ontpit\n*Griekenland",
    "brand": "BONI BIO",
    "seoBrand": "Boni Selection Bio",
    "thumbNail": "https://static.colruytgroup.com/images/200x200/std.lang.all/16/12/asset-2741612.jpg",
    "fullImage": "https://static.colruytgroup.com/images/500x500/std.lang.all/16/12/asset-2741612.jpg",
    "squareImage": "https://static.colruytgroup.com/images/500x500sq/std.lang.all/16/12/asset-2741612.jpg",
    "content": "150g",
    "walkRouteSequenceNumber": 7684,
    "price": {
      "basicPrice": 2.99,
      "recommendedQuantity": "1.0",
      "quantityPrice": 2.85,
      "quantityPriceQuantity": "3.0",
      "measurementUnitPrice": 19.94,
      "measurementUnitQuantityPrice": 19,
      "measurementUnit": "K",
      "isRedPrice": false,
      "pricePerUOM": 19.94,
      "activationDate": "24-02-2024",
      "recordSource": "Offline",
      "isPromoActive": "N",
      "priceChangeCode": "E",
      "quantityPricePerUOM": 19,
      "quantityActivationDate": "24-02-2024",
      "quantityPriceChangeCode": "L"
    },
    "isAvailable": true,
    "isPriceAvailable": true,
    "inPromo": false,
    "gtin": [
      "05400141492798",
      "05400141886269",
      "05400141039436",
      "05400141353716",
      "05400141374032",
      "15400141492795",
      "15400141089452"
    ],
    "topCategoryName": "Chips/Borrelhapjes",
    "topCategoryId": "306",
    "businessDomain": "RETAIL_BE",
    "IsPrivateLabel": true,
    "IsBiffe": false,
    "WeightconversionFactor": "0",
    "IsWeightArticle": false,
    "nutriscoreLabel": "C",
    "IsBio": true,
    "CountryOfOrigin": "BELGIË",
    "IsExclusivelySoldInLuxembourg": false,
    "OrderUnit": "P",
    "ShortName": "BIO BS OLIJVEN 150G",
    "InSeason": true,
    "IsNew": false,
    "EcoscoreLabel": "A",
    "RecentQuanityOfStockUnits": "1,12",
    "LongName": "BONI BIO groene olijven zonder pit 150g",
    "AlcoholVolume": "0",
    "StartSeasonDate": "29/10/2012",
    "FicCode": "I",
    "EcoscoreValue": "100"
  },
  {
    "productId": "189113",
    "technicalArticleNumber": "3447107",
    "commercialArticleNumber": "28912",
    "name": "groene olijven basilicum",
    "description": "*Groene\n*Met basilicum\n*Ontpit\n*Griekenland",
    "brand": "BONI",
    "seoBrand": "Boni Selection",
    "thumbNail": "https://static.colruytgroup.com/images/200x200/std.lang.all/16/10/asset-2741610.jpg",
    "fullImage": "https://static.colruytgroup.com/images/500x500/std.lang.all/16/10/asset-2741610.jpg",
    "squareImage": "https://static.colruytgroup.com/images/500x500sq/std.lang.all/16/10/asset-2741610.jpg",
    "content": "150g",
    "walkRouteSequenceNumber": 7685,
    "price": {
      "basicPrice": 2.89,
      "recommendedQuantity": "1.0",
      "quantityPrice": 2.74,
      "quantityPriceQuantity": "3.0",
      "measurementUnitPrice": 19.27,
      "measurementUnitQuantityPrice": 18.27,
      "measurementUnit": "K",
      "isRedPrice": false,
      "pricePerUOM": 19.27,
      "activationDate": "14-11-2023",
      "recordSource": "Offline",
      "isPromoActive": "N",
      "priceChangeCode": "E",
      "quantityPricePerUOM": 18.27,
      "quantityActivationDate": "14-11-2023",
      "quantityPriceChangeCode": "E"
    },
    "isAvailable": true,
    "isPriceAvailable": true,
    "inPromo": false,
    "gtin": [
      "05400141705911",
      "15400141406273",
      "05400141492774",
      "05400141886283",
      "15400141088851",
      "05400141376708",
      "05400141089424",
      "05400141088854",
      "05400141406276"
    ],
    "topCategoryName": "Chips/Borrelhapjes",
    "topCategoryId": "306",
    "businessDomain": "RETAIL_BE",
    "IsPrivateLabel": true,
    "IsBiffe": false,
    "WeightconversionFactor": "0",
    "IsWeightArticle": false,
    "nutriscoreLabel": "C",
    "IsBio": false,
    "CountryOfOrigin": "BELGIË",
    "IsExclusivelySoldInLuxembourg": false,
    "OrderUnit": "P",
    "ShortName": "BONI GR.OLI.BASILI.150G",
    "IsNew": false,
    "EcoscoreLabel": "A",
    "RecentQuanityOfStockUnits": "1",
    "LongName": "BONI groene olijven basilicum 150g",
    "AlcoholVolume": "0",
    "FicCode": "I",
    "EcoscoreValue": "93"
  },
  {
    "productId": "779432",
    "technicalArticleNumber": "4573378",
    "commercialArticleNumber": "28629",
    "name": "do.crunch red sweet chili",
    "brand": "LAY'S MAX",
    "seoBrand": "Lay's Max",
    "thumbNail": "https://static.colruytgroup.com/images/200x200/std.lang.all/49/45/asset-2784945.jpg",
    "fullImage": "https://static.colruytgroup.com/images/500x500/std.lang.all/49/45/asset-2784945.jpg",
    "squareImage": "https://static.colruytgroup.com/images/500x500sq/std.lang.all/49/45/asset-2784945.jpg",
    "content": "140g",
    "walkRouteSequenceNumber": 4641,
    "price": {
      "basicPrice": 1.99,
      "recommendedQuantity": "1.0",
      "measurementUnitPrice": 14.22,
      "measurementUnit": "K",
      "isRedPrice": false,
      "pricePerUOM": 14.22,
      "activationDate": "21-03-2024",
      "recordSource": "Offline",
      "isPromoActive": "N",
      "priceChangeCode": "E"
    },
    "isAvailable": true,
    "isPriceAvailable": true,
    "inPromo": false,
    "gtin": [
      "08710398524683",
      "08710398524676"
    ],
    "topCategoryName": "Chips/Borrelhapjes",
    "topCategoryId": "306",
    "businessDomain": "RETAIL_BE",
    "IsPrivateLabel": false,
    "IsBiffe": false,
    "WeightconversionFactor": "0",
    "IsWeightArticle": false,
    "nutriscoreLabel": "B",
    "IsBio": false,
    "CountryOfOrigin": "VERENIGD KONINKRIJK",
    "IsExclusivelySoldInLuxembourg": false,
    "OrderUnit": "P",
    "ShortName": "LAYS MAX D.C.RED S.C140",
    "IsNew": false,
    "RecentQuanityOfStockUnits": "1,9",
    "LongName": "LAY'S MAX do.crunch red sweet chili 140g",
    "FicCode": "E"
  },
  {
    "productId": "85058",
    "technicalArticleNumber": "3026911",
    "commercialArticleNumber": "16206",
    "name": "mini crackers Tom-On-Chili",
    "brand": "BONI",
    "seoBrand": "Boni Selection",
    "thumbNail": "https://static.colruytgroup.com/images/200x200/std.lang.all/38/73/asset-2513873.jpg",
    "fullImage": "https://static.colruytgroup.com/images/500x500/std.lang.all/38/73/asset-2513873.jpg",
    "squareImage": "https://static.colruytgroup.com/images/500x500sq/std.lang.all/38/73/asset-2513873.jpg",
    "content": "125g",
    "walkRouteSequenceNumber": 4473,
    "price": {
      "basicPrice": 1.69,
      "recommendedQuantity": "1.0",
      "measurementUnitPrice": 13.52,
      "measurementUnit": "K",
      "isRedPrice": false,
      "pricePerUOM": 13.52,
      "activationDate": "17-01-2024",
      "recordSource": "Offline",
      "isPromoActive": "N",
      "priceChangeCode": "E"
    },
    "isAvailable": true,
    "isPriceAvailable": true,
    "inPromo": false,
    "gtin": [
      "05400141054651",
      "05400141415735",
      "15400141054658",
      "15400141415732",
      "05400141311266"
    ],
    "topCategoryName": "Chips/Borrelhapjes",
    "topCategoryId": "306",
    "businessDomain": "RETAIL_BE",
    "IsPrivateLabel": true,
    "IsBiffe": false,
    "WeightconversionFactor": "0",
    "IsWeightArticle": false,
    "nutriscoreLabel": "D",
    "IsBio": false,
    "CountryOfOrigin": "DUITSLAND",
    "IsExclusivelySoldInLuxembourg": false,
    "OrderUnit": "P",
    "ShortName": "BONI SNA.TOMA.SMAAK125G",
    "IsNew": false,
    "EcoscoreLabel": "B",
    "RecentQuanityOfStockUnits": "1,12",
    "LongName": "BONI mini crackers Tom-On-Chili 125g",
    "AlcoholVolume": "0",
    "FicCode": "I",
    "EcoscoreValue": "72"
  },
  {
    "productId": "13399",
    "technicalArticleNumber": "1309104",
    "commercialArticleNumber": "19889",
    "name": "Barbecue",
    "description": "*Krokante nootjes\n*BBQ smaak",
    "brand": "DUYVIS CRAC-A-NUT",
    "seoBrand": "Duyvis Crac-A-Nut",
    "thumbNail": "https://static.colruytgroup.com/images/200x200/std.lang.all/99/89/asset-3039989.jpg",
    "fullImage": "https://static.colruytgroup.com/images/500x500/std.lang.all/99/89/asset-3039989.jpg",
    "squareImage": "https://static.colruytgroup.com/images/500x500sq/std.lang.all/99/89/asset-3039989.jpg",
    "content": "200g",
    "walkRouteSequenceNumber": 4434,
    "price": {
      "basicPrice": 1.99,
      "recommendedQuantity": "1.0",
      "measurementUnitPrice": 9.95,
      "measurementUnit": "K",
      "isRedPrice": false,
      "pricePerUOM": 9.95,
      "activationDate": "29-02-2024",
      "recordSource": "Offline",
      "isPromoActive": "N",
      "priceChangeCode": "E"
    },
    "isAvailable": true,
    "isPriceAvailable": true,
    "inPromo": false,
    "gtin": [
      "05410138003074",
      "08710398011701",
      "08710398011572"
    ],
    "topCategoryName": "Groenten en fruit",
    "topCategoryId": "1675",
    "businessDomain": "RETAIL_BE",
    "IsPrivateLabel": false,
    "IsBiffe": false,
    "WeightconversionFactor": "0",
    "IsWeightArticle": false,
    "nutriscoreLabel": "C",
    "IsBio": false,
    "CountryOfOrigin": "EUROPA",
    "IsExclusivelySoldInLuxembourg": false,
    "OrderUnit": "P",
    "ShortName": "DUY KRAKNOOT BARBE 200G",
    "IsNew": false,
    "RecentQuanityOfStockUnits": "1",
    "LongName": "DUYVIS CRAC-A-NUT Barbecue 200g",
    "AlcoholVolume": "0",
    "FicCode": "E"
  },
  {
    "productId": "323933",
    "technicalArticleNumber": "3765426",
    "commercialArticleNumber": "16274",
    "name": "cassave chips",
    "brand": "BONI",
    "seoBrand": "Boni Selection",
    "thumbNail": "https://static.colruytgroup.com/images/200x200/std.lang.all/07/18/asset-2340718.jpg",
    "fullImage": "https://static.colruytgroup.com/images/500x500/std.lang.all/07/18/asset-2340718.jpg",
    "squareImage": "https://static.colruytgroup.com/images/500x500sq/std.lang.all/07/18/asset-2340718.jpg",
    "content": "60g",
    "walkRouteSequenceNumber": 8475,
    "price": {
      "basicPrice": 0.989,
      "recommendedQuantity": "1.0",
      "measurementUnitPrice": 16.49,
      "measurementUnit": "K",
      "isRedPrice": false,
      "pricePerUOM": 16.49,
      "activationDate": "02-01-2024",
      "isPromoActive": "N",
      "priceChangeCode": "E"
    },
    "isAvailable": true,
    "isPriceAvailable": true,
    "inPromo": false,
    "gtin": [
      "05400141161427",
      "15400141161424",
      "05400141399691",
      "15400141399698"
    ],
    "topCategoryName": "Chips/Borrelhapjes",
    "topCategoryId": "306",
    "businessDomain": "RETAIL_BE",
    "IsPrivateLabel": true,
    "IsBiffe": false,
    "WeightconversionFactor": "0",
    "IsWeightArticle": false,
    "nutriscoreLabel": "D",
    "IsBio": false,
    "CountryOfOrigin": "NEDERLAND",
    "IsExclusivelySoldInLuxembourg": false,
    "OrderUnit": "P",
    "ShortName": "BONI CASSAVE CHIPS 60G",
    "IsNew": false,
    "EcoscoreLabel": "B",
    "RecentQuanityOfStockUnits": "1,12",
    "LongName": "BONI cassave chips 60g",
    "AlcoholVolume": "0",
    "FicCode": "I",
    "EcoscoreValue": "72"
  },
  {
    "productId": "838549",
    "technicalArticleNumber": "4681222",
    "commercialArticleNumber": "30464",
    "name": "Dipsauzen Pesto Rosso",
    "brand": "BONI",
    "seoBrand": "Boni Selection",
    "thumbNail": "https://static.colruytgroup.com/images/200x200/std.lang.all/80/57/asset-3198057.jpg",
    "fullImage": "https://static.colruytgroup.com/images/500x500/std.lang.all/80/57/asset-3198057.jpg",
    "squareImage": "https://static.colruytgroup.com/images/500x500sq/std.lang.all/80/57/asset-3198057.jpg",
    "content": "175g",
    "walkRouteSequenceNumber": 6788,
    "price": {
      "basicPrice": 2.79,
      "recommendedQuantity": "1.0",
      "quantityPrice": 2.68,
      "quantityPriceQuantity": "3.0",
      "measurementUnitPrice": 15.95,
      "measurementUnitQuantityPrice": 15.32,
      "measurementUnit": "K",
      "isRedPrice": false,
      "pricePerUOM": 15.95,
      "activationDate": "13-06-2023",
      "isPromoActive": "N",
      "priceChangeCode": "E",
      "quantityPricePerUOM": 15.32,
      "quantityActivationDate": "13-06-2023",
      "quantityPriceChangeCode": "E"
    },
    "isAvailable": true,
    "isPriceAvailable": true,
    "inPromo": false,
    "gtin": [
      "05400141513103",
      "15400141513100"
    ],
    "topCategoryName": "Chips/Borrelhapjes",
    "topCategoryId": "306",
    "businessDomain": "RETAIL_BE",
    "IsPrivateLabel": true,
    "IsBiffe": false,
    "WeightconversionFactor": "0",
    "IsWeightArticle": false,
    "nutriscoreLabel": "E",
    "IsBio": false,
    "CountryOfOrigin": "BELGIË",
    "IsExclusivelySoldInLuxembourg": false,
    "OrderUnit": "P",
    "ShortName": "BONI DIPS.PEST ROSSO175",
    "IsNew": false,
    "EcoscoreLabel": "D",
    "RecentQuanityOfStockUnits": "1",
    "LongName": "BONI Dipsauzen Pesto Rosso 175g",
    "FicCode": "I",
    "EcoscoreValue": "38"
  },
  {
    "productId": "8015",
    "technicalArticleNumber": "1181803",
    "commercialArticleNumber": "28889",
    "name": "groene olijven met look",
    "description": "*Groen\n*Ontpit\n*Griekenland\n*Met look",
    "brand": "BONI",
    "seoBrand": "Boni Selection",
    "thumbNail": "https://static.colruytgroup.com/images/200x200/std.lang.all/98/45/asset-2959845.jpg",
    "fullImage": "https://static.colruytgroup.com/images/500x500/std.lang.all/98/45/asset-2959845.jpg",
    "squareImage": "https://static.colruytgroup.com/images/500x500sq/std.lang.all/98/45/asset-2959845.jpg",
    "content": "400g",
    "walkRouteSequenceNumber": 7692,
    "price": {
      "basicPrice": 5.49,
      "recommendedQuantity": "1.0",
      "measurementUnitPrice": 13.73,
      "measurementUnit": "K",
      "isRedPrice": false,
      "pricePerUOM": 13.73,
      "activationDate": "17-02-2024",
      "recordSource": "Offline",
      "isPromoActive": "N",
      "priceChangeCode": "E"
    },
    "isAvailable": true,
    "isPriceAvailable": true,
    "inPromo": false,
    "gtin": [
      "15400141974871",
      "05400141387469",
      "15400141740742",
      "05400141974874",
      "05400141039993",
      "05400141088915",
      "15400141387466",
      "05400141740745"
    ],
    "topCategoryName": "Chips/Borrelhapjes",
    "topCategoryId": "306",
    "businessDomain": "RETAIL_BE",
    "IsPrivateLabel": true,
    "IsBiffe": false,
    "WeightconversionFactor": "0",
    "IsWeightArticle": false,
    "nutriscoreLabel": "C",
    "IsBio": false,
    "CountryOfOrigin": "GRIEKENLAND",
    "IsExclusivelySoldInLuxembourg": false,
    "OrderUnit": "P",
    "ShortName": "BONI GR.OLIJF LOOK 400G",
    "InSeason": true,
    "IsNew": false,
    "EcoscoreLabel": "B",
    "RecentQuanityOfStockUnits": "1,9",
    "LongName": "BONI groene olijven met look 400g",
    "AlcoholVolume": "0",
    "StartSeasonDate": "03/04/2002",
    "FicCode": "I",
    "EcoscoreValue": "75"
  },
  {
    "productId": "265741",
    "technicalArticleNumber": "3648375",
    "commercialArticleNumber": "31760",
    "name": "Trio dip Grieks",
    "brand": "BONI",
    "seoBrand": "Boni Selection",
    "thumbNail": "https://static.colruytgroup.com/images/200x200/std.lang.all/32/58/asset-2943258.jpg",
    "fullImage": "https://static.colruytgroup.com/images/500x500/std.lang.all/32/58/asset-2943258.jpg",
    "squareImage": "https://static.colruytgroup.com/images/500x500sq/std.lang.all/32/58/asset-2943258.jpg",
    "content": "210g",
    "walkRouteSequenceNumber": 6773,
    "price": {
      "basicPrice": 2.99,
      "recommendedQuantity": "1.0",
      "quantityPrice": 2.87,
      "quantityPriceQuantity": "3.0",
      "measurementUnitPrice": 14.24,
      "measurementUnitQuantityPrice": 13.67,
      "measurementUnit": "K",
      "isRedPrice": false,
      "pricePerUOM": 14.24,
      "activationDate": "03-06-2023",
      "isPromoActive": "N",
      "priceChangeCode": "E",
      "quantityPricePerUOM": 13.67,
      "quantityActivationDate": "03-06-2023",
      "quantityPriceChangeCode": "H"
    },
    "isAvailable": true,
    "isPriceAvailable": true,
    "inPromo": false,
    "gtin": [
      "15400141751380",
      "15400141351740",
      "05400141351743",
      "05400141216004",
      "05400141751383",
      "05400141979374",
      "15400141979371"
    ],
    "topCategoryName": "Chips/Borrelhapjes",
    "topCategoryId": "306",
    "businessDomain": "RETAIL_BE",
    "IsPrivateLabel": true,
    "IsBiffe": false,
    "WeightconversionFactor": "0",
    "IsWeightArticle": false,
    "nutriscoreLabel": "D",
    "IsBio": false,
    "CountryOfOrigin": "BELGIË",
    "IsExclusivelySoldInLuxembourg": false,
    "OrderUnit": "P",
    "ShortName": "BONI GR TRIO DIP 210G",
    "IsNew": false,
    "EcoscoreLabel": "C",
    "RecentQuanityOfStockUnits": "1",
    "LongName": "BONI Trio dip Grieks 210g",
    "AlcoholVolume": "0",
    "FicCode": "I",
    "EcoscoreValue": "43"
  },
  {
    "productId": "291558",
    "technicalArticleNumber": "3689951",
    "commercialArticleNumber": "34017",
    "name": "groen peper gevuld LV",
    "brand": "BONI",
    "seoBrand": "Boni Selection",
    "thumbNail": "https://static.colruytgroup.com/images/200x200/std.lang.all/06/99/asset-3440699.jpg",
    "fullImage": "https://static.colruytgroup.com/images/500x500/std.lang.all/06/99/asset-3440699.jpg",
    "squareImage": "https://static.colruytgroup.com/images/500x500sq/std.lang.all/06/99/asset-3440699.jpg",
    "content": "150g",
    "walkRouteSequenceNumber": 7672,
    "price": {
      "basicPrice": 2.19,
      "recommendedQuantity": "1.0",
      "measurementUnitPrice": 14.6,
      "measurementUnit": "K",
      "isRedPrice": false,
      "pricePerUOM": 14.6,
      "activationDate": "08-03-2024",
      "recordSource": "Offline",
      "isPromoActive": "N",
      "priceChangeCode": "L"
    },
    "isAvailable": true,
    "isPriceAvailable": true,
    "inPromo": false,
    "gtin": [
      "05400141473667",
      "05400141386448",
      "05400141256017",
      "05400141352474",
      "05400210100913",
      "15400141256014",
      "15400141473664"
    ],
    "topCategoryName": "Chips/Borrelhapjes",
    "topCategoryId": "306",
    "businessDomain": "RETAIL_BE",
    "IsPrivateLabel": true,
    "IsBiffe": false,
    "WeightconversionFactor": "0",
    "IsWeightArticle": false,
    "nutriscoreLabel": "D",
    "IsBio": false,
    "CountryOfOrigin": "GRIEKENLAND",
    "IsExclusivelySoldInLuxembourg": false,
    "OrderUnit": "P",
    "ShortName": "BONI PEP.GEVUL LV 150G",
    "IsNew": false,
    "RecentQuanityOfStockUnits": "1",
    "LongName": "BONI groen peper gevuld LV 150g",
    "AlcoholVolume": "0",
    "FicCode": "I"
  },
  {
    "productId": "715430",
    "technicalArticleNumber": "4460474",
    "commercialArticleNumber": "22024",
    "name": "hummus",
    "description": "*Bereiding op basis\nvan kikkerwten en\nsesampasta",
    "brand": "BONI BIO",
    "seoBrand": "Boni Selection Bio",
    "thumbNail": "https://static.colruytgroup.com/images/200x200/std.lang.all/81/71/asset-3028171.jpg",
    "fullImage": "https://static.colruytgroup.com/images/500x500/std.lang.all/81/71/asset-3028171.jpg",
    "squareImage": "https://static.colruytgroup.com/images/500x500sq/std.lang.all/81/71/asset-3028171.jpg",
    "content": "200g",
    "walkRouteSequenceNumber": 7773,
    "price": {
      "basicPrice": 2.79,
      "recommendedQuantity": "1.0",
      "quantityPrice": 2.62,
      "quantityPriceQuantity": "3.0",
      "measurementUnitPrice": 13.95,
      "measurementUnitQuantityPrice": 13.1,
      "measurementUnit": "K",
      "isRedPrice": false,
      "pricePerUOM": 13.95,
      "activationDate": "16-03-2024",
      "recordSource": "Offline",
      "isPromoActive": "N",
      "priceChangeCode": "E",
      "quantityPricePerUOM": 13.1,
      "quantityActivationDate": "16-03-2024",
      "quantityPriceChangeCode": "H"
    },
    "isAvailable": true,
    "isPriceAvailable": true,
    "inPromo": false,
    "gtin": [
      "15400141504818",
      "05400141504811"
    ],
    "topCategoryName": "Chips/Borrelhapjes",
    "topCategoryId": "306",
    "businessDomain": "RETAIL_BE",
    "IsPrivateLabel": true,
    "IsBiffe": false,
    "WeightconversionFactor": "0",
    "IsWeightArticle": false,
    "nutriscoreLabel": "C",
    "IsBio": true,
    "CountryOfOrigin": "BELGIË",
    "IsExclusivelySoldInLuxembourg": false,
    "OrderUnit": "P",
    "ShortName": "BONI BIO HUMMUS 200G",
    "IsNew": false,
    "EcoscoreLabel": "A",
    "RecentQuanityOfStockUnits": "1",
    "LongName": "BONI BIO hummus 200g",
    "FicCode": "I",
    "EcoscoreValue": "100"
  },
  {
    "productId": "6027",
    "technicalArticleNumber": "1170174",
    "commercialArticleNumber": "28901",
    "name": "zongedroogde tomaten basilicum",
    "description": "*Zongedroogde\ntomaten met\nbasilicum,\nniet gemarineerd",
    "brand": "BONI",
    "seoBrand": "Boni Selection",
    "thumbNail": "https://static.colruytgroup.com/images/200x200/std.lang.all/67/82/asset-2796782.jpg",
    "fullImage": "https://static.colruytgroup.com/images/500x500/std.lang.all/67/82/asset-2796782.jpg",
    "squareImage": "https://static.colruytgroup.com/images/500x500sq/std.lang.all/67/82/asset-2796782.jpg",
    "content": "100g",
    "walkRouteSequenceNumber": 7639,
    "price": {
      "basicPrice": 2.89,
      "recommendedQuantity": "1.0",
      "quantityPrice": 2.74,
      "quantityPriceQuantity": "2.0",
      "measurementUnitPrice": 28.9,
      "measurementUnitQuantityPrice": 27.4,
      "measurementUnit": "K",
      "isRedPrice": false,
      "pricePerUOM": 28.9,
      "activationDate": "14-11-2023",
      "recordSource": "Offline",
      "isPromoActive": "N",
      "priceChangeCode": "E",
      "quantityPricePerUOM": 27.4,
      "quantityActivationDate": "14-11-2023",
      "quantityPriceChangeCode": "E"
    },
    "isAvailable": true,
    "isPriceAvailable": true,
    "inPromo": false,
    "gtin": [
      "15400141406266",
      "05400141406269",
      "05400141697988",
      "15400141974376",
      "15400141589730",
      "05400141589733",
      "05400141038972",
      "05400141089998",
      "05400141212679",
      "05400141234510",
      "15400141212676",
      "15400141234517",
      "05400141938012",
      "05400141977721"
    ],
    "topCategoryName": "Chips/Borrelhapjes",
    "topCategoryId": "306",
    "businessDomain": "RETAIL_BE",
    "IsPrivateLabel": true,
    "IsBiffe": false,
    "WeightconversionFactor": "0",
    "IsWeightArticle": false,
    "nutriscoreLabel": "E",
    "IsBio": false,
    "CountryOfOrigin": "TURKIJE",
    "IsExclusivelySoldInLuxembourg": false,
    "OrderUnit": "P",
    "ShortName": "BONI TOMATEN DROOG 100G",
    "IsNew": false,
    "EcoscoreLabel": "E",
    "RecentQuanityOfStockUnits": "1,1",
    "LongName": "BONI zongedroogde tomaten basilicum 100g",
    "AlcoholVolume": "0",
    "FicCode": "I",
    "EcoscoreValue": "12"
  },
  {
    "productId": "85095",
    "technicalArticleNumber": "3018387",
    "commercialArticleNumber": "16130",
    "name": "Gouda Cheese Snacks",
    "brand": "BONI",
    "seoBrand": "Boni Selection",
    "thumbNail": "https://static.colruytgroup.com/images/200x200/std.lang.all/54/15/asset-3215415.jpg",
    "fullImage": "https://static.colruytgroup.com/images/500x500/std.lang.all/54/15/asset-3215415.jpg",
    "squareImage": "https://static.colruytgroup.com/images/500x500sq/std.lang.all/54/15/asset-3215415.jpg",
    "content": "85g",
    "walkRouteSequenceNumber": 4480,
    "price": {
      "basicPrice": 1.46,
      "recommendedQuantity": "1.0",
      "measurementUnitPrice": 17.18,
      "measurementUnit": "K",
      "isRedPrice": false,
      "pricePerUOM": 17.18,
      "activationDate": "17-02-2024",
      "recordSource": "Offline",
      "isPromoActive": "N",
      "priceChangeCode": "E"
    },
    "isAvailable": true,
    "isPriceAvailable": true,
    "inPromo": false,
    "gtin": [
      "15400141569848",
      "15400141308294",
      "15400141231059",
      "05400141569841",
      "05400141308297",
      "05400141231052"
    ],
    "topCategoryName": "Chips/Borrelhapjes",
    "topCategoryId": "306",
    "businessDomain": "RETAIL_BE",
    "IsPrivateLabel": true,
    "IsBiffe": false,
    "WeightconversionFactor": "0",
    "IsWeightArticle": false,
    "nutriscoreLabel": "E",
    "IsBio": false,
    "CountryOfOrigin": "NEDERLAND",
    "IsExclusivelySoldInLuxembourg": false,
    "OrderUnit": "P",
    "ShortName": "BONI KAASBOLLETJE 85G",
    "InSeason": true,
    "IsNew": false,
    "EcoscoreLabel": "B",
    "RecentQuanityOfStockUnits": "1,12",
    "LongName": "BONI Gouda Cheese Snacks 85g",
    "AlcoholVolume": "0",
    "StartSeasonDate": "24/01/2017",
    "FicCode": "I",
    "EcoscoreValue": "79"
  },
  {
    "productId": "333286",
    "technicalArticleNumber": "3809862",
    "commercialArticleNumber": "15509",
    "name": "salsa mix",
    "brand": "BONI",
    "seoBrand": "Boni Selection",
    "thumbNail": "https://static.colruytgroup.com/images/200x200/std.lang.all/81/18/asset-3028118.jpg",
    "fullImage": "https://static.colruytgroup.com/images/500x500/std.lang.all/81/18/asset-3028118.jpg",
    "squareImage": "https://static.colruytgroup.com/images/500x500sq/std.lang.all/81/18/asset-3028118.jpg",
    "content": "400g",
    "walkRouteSequenceNumber": 4466,
    "price": {
      "basicPrice": 2.98,
      "recommendedQuantity": "1.0",
      "measurementUnitPrice": 7.45,
      "measurementUnit": "K",
      "isRedPrice": false,
      "pricePerUOM": 7.45,
      "activationDate": "20-03-2024",
      "recordSource": "Folder",
      "isPromoActive": "N",
      "priceChangeCode": "L"
    },
    "isAvailable": true,
    "isPriceAvailable": true,
    "inPromo": false,
    "gtin": [
      "15400141357742",
      "05400141357745",
      "05400141213607",
      "15400141213604",
      "15400141623892",
      "05400141623895"
    ],
    "topCategoryName": "Groenten en fruit",
    "topCategoryId": "1675",
    "businessDomain": "RETAIL_BE",
    "IsPrivateLabel": true,
    "IsBiffe": false,
    "WeightconversionFactor": "0",
    "IsWeightArticle": false,
    "nutriscoreLabel": "E",
    "IsBio": false,
    "CountryOfOrigin": "NEDERLAND",
    "IsExclusivelySoldInLuxembourg": false,
    "OrderUnit": "P",
    "ShortName": "BONI SALSA MIX 400G",
    "IsNew": false,
    "EcoscoreLabel": "D",
    "RecentQuanityOfStockUnits": "1",
    "LongName": "BONI salsa mix 400g",
    "AlcoholVolume": "0",
    "FicCode": "I",
    "EcoscoreValue": "28"
  },
  {
    "productId": "269861",
    "technicalArticleNumber": "3625437",
    "commercialArticleNumber": "19042",
    "name": "taco shells 12st",
    "brand": "POCO LOCO",
    "seoBrand": "Poco Loco",
    "thumbNail": "https://static.colruytgroup.com/images/200x200/std.lang.all/16/59/asset-1451659.jpg",
    "fullImage": "https://static.colruytgroup.com/images/500x500/std.lang.all/16/59/asset-1451659.jpg",
    "squareImage": "https://static.colruytgroup.com/images/500x500sq/std.lang.all/16/59/asset-1451659.jpg",
    "content": "135g",
    "walkRouteSequenceNumber": 8628,
    "price": {
      "basicPrice": 1.99,
      "recommendedQuantity": "1.0",
      "measurementUnitPrice": 14.75,
      "measurementUnit": "K",
      "isRedPrice": false,
      "pricePerUOM": 14.75,
      "activationDate": "15-11-2023",
      "isPromoActive": "N",
      "priceChangeCode": "E"
    },
    "isAvailable": true,
    "isPriceAvailable": true,
    "inPromo": false,
    "gtin": [
      "05412514777746",
      "45412514777744"
    ],
    "topCategoryName": "Chips/Borrelhapjes",
    "topCategoryId": "306",
    "businessDomain": "RETAIL_BE",
    "IsPrivateLabel": false,
    "IsBiffe": false,
    "WeightconversionFactor": "0",
    "IsWeightArticle": false,
    "nutriscoreLabel": "C",
    "IsBio": false,
    "CountryOfOrigin": "BELGIË",
    "IsExclusivelySoldInLuxembourg": false,
    "OrderUnit": "P",
    "ShortName": "PO.LO.TACO SH.12S 135G",
    "IsNew": false,
    "EcoscoreLabel": "B",
    "RecentQuanityOfStockUnits": "1,8",
    "LongName": "POCO LOCO taco shells 12st 135g",
    "AlcoholVolume": "0",
    "FicCode": "E",
    "EcoscoreValue": "67"
  },
  {
    "productId": "742545",
    "technicalArticleNumber": "4508691",
    "commercialArticleNumber": "28142",
    "name": "halfgedroogde tomaten gemar.",
    "description": "*Halfgedroogde\ncheritos tomaten,\ngemarineerd zachte\nsmaak",
    "brand": "BONI",
    "seoBrand": "Boni Selection",
    "thumbNail": "https://static.colruytgroup.com/images/200x200/std.lang.all/51/54/asset-2855154.jpg",
    "fullImage": "https://static.colruytgroup.com/images/500x500/std.lang.all/51/54/asset-2855154.jpg",
    "squareImage": "https://static.colruytgroup.com/images/500x500sq/std.lang.all/51/54/asset-2855154.jpg",
    "content": "200g",
    "walkRouteSequenceNumber": 7664,
    "price": {
      "basicPrice": 3.29,
      "recommendedQuantity": "1.0",
      "quantityPrice": 3.03,
      "quantityPriceQuantity": "3.0",
      "measurementUnitPrice": 16.45,
      "measurementUnitQuantityPrice": 15.15,
      "measurementUnit": "K",
      "isRedPrice": false,
      "pricePerUOM": 16.45,
      "activationDate": "17-11-2023",
      "isPromoActive": "N",
      "priceChangeCode": "E",
      "quantityPricePerUOM": 15.15,
      "quantityActivationDate": "17-11-2023",
      "quantityPriceChangeCode": "E"
    },
    "isAvailable": true,
    "isPriceAvailable": true,
    "inPromo": false,
    "gtin": [
      "05400141990997"
    ],
    "topCategoryName": "Chips/Borrelhapjes",
    "topCategoryId": "306",
    "businessDomain": "RETAIL_BE",
    "IsPrivateLabel": true,
    "IsBiffe": false,
    "WeightconversionFactor": "0",
    "IsWeightArticle": false,
    "nutriscoreLabel": "D",
    "IsBio": false,
    "CountryOfOrigin": "BELGIË",
    "IsExclusivelySoldInLuxembourg": false,
    "OrderUnit": "P",
    "ShortName": "BONI CHERITOS 200G",
    "IsNew": false,
    "EcoscoreLabel": "D",
    "RecentQuanityOfStockUnits": "1",
    "LongName": "BONI halfgedroogde tomaten gemar. 200g",
    "AlcoholVolume": "0",
    "FicCode": "I",
    "EcoscoreValue": "21"
  },
  {
    "productId": "787913",
    "technicalArticleNumber": "4590644",
    "commercialArticleNumber": "23771",
    "name": "zoute crackertjes",
    "brand": "BONI",
    "seoBrand": "Boni Selection",
    "thumbNail": "https://static.colruytgroup.com/images/200x200/std.lang.all/04/45/asset-3140445.jpg",
    "fullImage": "https://static.colruytgroup.com/images/500x500/std.lang.all/04/45/asset-3140445.jpg",
    "squareImage": "https://static.colruytgroup.com/images/500x500sq/std.lang.all/04/45/asset-3140445.jpg",
    "content": "120g",
    "walkRouteSequenceNumber": 4427,
    "price": {
      "basicPrice": 0.99,
      "recommendedQuantity": "1.0",
      "measurementUnitPrice": 8.25,
      "measurementUnit": "K",
      "isRedPrice": false,
      "pricePerUOM": 8.25,
      "activationDate": "17-01-2024",
      "isPromoActive": "N",
      "priceChangeCode": "E"
    },
    "isAvailable": true,
    "isPriceAvailable": true,
    "inPromo": false,
    "gtin": [
      "15400141546627",
      "05400141546620"
    ],
    "topCategoryName": "Chips/Borrelhapjes",
    "topCategoryId": "306",
    "businessDomain": "RETAIL_BE",
    "IsPrivateLabel": true,
    "IsBiffe": false,
    "WeightconversionFactor": "0",
    "IsWeightArticle": false,
    "nutriscoreLabel": "E",
    "IsBio": false,
    "CountryOfOrigin": "SPANJE",
    "IsExclusivelySoldInLuxembourg": false,
    "OrderUnit": "P",
    "ShortName": "BONI ZOUTE CRACKERS120G",
    "IsNew": false,
    "EcoscoreLabel": "B",
    "RecentQuanityOfStockUnits": "1",
    "LongName": "BONI zoute crackertjes 120g",
    "FicCode": "I",
    "EcoscoreValue": "67"
  },
  {
    "productId": "51036",
    "technicalArticleNumber": "2344114",
    "commercialArticleNumber": "18169",
    "name": "groene olijven kaasblokjes",
    "description": "*Groen\n*Ontpit\n*Griekenland\n*Met kaasblokjes",
    "brand": "BONI",
    "seoBrand": "Boni Selection",
    "thumbNail": "https://static.colruytgroup.com/images/200x200/std.lang.all/16/14/asset-2741614.jpg",
    "fullImage": "https://static.colruytgroup.com/images/500x500/std.lang.all/16/14/asset-2741614.jpg",
    "squareImage": "https://static.colruytgroup.com/images/500x500sq/std.lang.all/16/14/asset-2741614.jpg",
    "content": "400g",
    "walkRouteSequenceNumber": 7693,
    "price": {
      "basicPrice": 5.49,
      "recommendedQuantity": "1.0",
      "measurementUnitPrice": 13.73,
      "measurementUnit": "K",
      "isRedPrice": false,
      "pricePerUOM": 13.73,
      "activationDate": "17-02-2024",
      "recordSource": "Offline",
      "isPromoActive": "N",
      "priceChangeCode": "E"
    },
    "isAvailable": true,
    "isPriceAvailable": true,
    "inPromo": false,
    "gtin": [
      "05400141039382",
      "05400141088908",
      "15400141387459",
      "05400141090734",
      "05400141387452",
      "05400141705935",
      "05400141461404",
      "05400141938036",
      "15400141997054"
    ],
    "topCategoryName": "Chips/Borrelhapjes",
    "topCategoryId": "306",
    "businessDomain": "RETAIL_BE",
    "IsPrivateLabel": true,
    "IsBiffe": false,
    "WeightconversionFactor": "0",
    "IsWeightArticle": false,
    "nutriscoreLabel": "D",
    "IsBio": false,
    "CountryOfOrigin": "GRIEKENLAND",
    "IsExclusivelySoldInLuxembourg": false,
    "OrderUnit": "P",
    "ShortName": "BONI GR.OLI.KAAS.400G",
    "IsNew": false,
    "EcoscoreLabel": "A",
    "RecentQuanityOfStockUnits": "1",
    "LongName": "BONI groene olijven kaasblokjes 400g",
    "AlcoholVolume": "0",
    "FicCode": "I",
    "EcoscoreValue": "94"
  },
  {
    "productId": "780086",
    "technicalArticleNumber": "4574477",
    "commercialArticleNumber": "28676",
    "name": "original family pack",
    "brand": "BIFI",
    "seoBrand": "Bifi",
    "thumbNail": "https://static.colruytgroup.com/images/200x200/std.lang.all/66/93/asset-2756693.jpg",
    "fullImage": "https://static.colruytgroup.com/images/500x500/std.lang.all/66/93/asset-2756693.jpg",
    "squareImage": "https://static.colruytgroup.com/images/500x500sq/std.lang.all/66/93/asset-2756693.jpg",
    "content": "7x20g",
    "walkRouteSequenceNumber": 4599,
    "price": {
      "basicPrice": 3.39,
      "recommendedQuantity": "2.0",
      "measurementUnitPrice": 24.22,
      "measurementUnit": "K",
      "isRedPrice": false,
      "pricePerUOM": 24.22,
      "activationDate": "02-12-2023",
      "recordSource": "Offline",
      "isPromoActive": "N",
      "priceChangeCode": "H"
    },
    "isAvailable": true,
    "isPriceAvailable": true,
    "inPromo": false,
    "gtin": [
      "04251097411521",
      "04251097412801",
      "15400141510253"
    ],
    "topCategoryName": "Chips/Borrelhapjes",
    "topCategoryId": "306",
    "businessDomain": "RETAIL_BE",
    "IsPrivateLabel": false,
    "IsBiffe": false,
    "WeightconversionFactor": "0",
    "IsWeightArticle": false,
    "nutriscoreLabel": "E",
    "IsBio": false,
    "CountryOfOrigin": "DUITSLAND",
    "IsExclusivelySoldInLuxembourg": false,
    "OrderUnit": "P",
    "ShortName": "BIFI ORIGINAL 7X20G",
    "IsNew": false,
    "EcoscoreLabel": "E",
    "RecentQuanityOfStockUnits": "1,2",
    "LongName": "BIFI original family pack 7x20g",
    "FicCode": "E",
    "EcoscoreValue": "16"
  },
  {
    "productId": "801897",
    "technicalArticleNumber": "4617189",
    "commercialArticleNumber": "10812",
    "name": "aperitiefkoekje rozem.&tijm",
    "brand": "CRUMBEL",
    "seoBrand": "Crumbel",
    "thumbNail": "https://static.colruytgroup.com/images/200x200/std.lang.all/57/27/asset-2895727.jpg",
    "fullImage": "https://static.colruytgroup.com/images/500x500/std.lang.all/57/27/asset-2895727.jpg",
    "squareImage": "https://static.colruytgroup.com/images/500x500sq/std.lang.all/57/27/asset-2895727.jpg",
    "content": "150g",
    "walkRouteSequenceNumber": 4472,
    "price": {
      "basicPrice": 2.99,
      "recommendedQuantity": "1.0",
      "measurementUnitPrice": 19.94,
      "measurementUnit": "K",
      "isRedPrice": false,
      "pricePerUOM": 19.94,
      "activationDate": "14-11-2023",
      "isPromoActive": "N",
      "priceChangeCode": "E"
    },
    "isAvailable": true,
    "isPriceAvailable": true,
    "inPromo": false,
    "gtin": [
      "05425026054465",
      "05425026054458"
    ],
    "topCategoryName": "Chips/Borrelhapjes",
    "topCategoryId": "306",
    "businessDomain": "RETAIL_BE",
    "IsPrivateLabel": false,
    "IsBiffe": false,
    "WeightconversionFactor": "0",
    "IsWeightArticle": false,
    "nutriscoreLabel": "E",
    "IsBio": false,
    "CountryOfOrigin": "BELGIË",
    "IsExclusivelySoldInLuxembourg": false,
    "OrderUnit": "P",
    "ShortName": "CRUM APERI.ROZE&TIJM150",
    "IsNew": false,
    "EcoscoreLabel": "A",
    "RecentQuanityOfStockUnits": "1",
    "LongName": "CRUMBEL aperitiefkoekje rozem.&tijm 150g",
    "FicCode": "E",
    "EcoscoreValue": "98"
  },
  {
    "productId": "1463",
    "technicalArticleNumber": "19931",
    "commercialArticleNumber": "19931",
    "name": "Canasta Goudasmaak",
    "brand": "DELACRE",
    "seoBrand": "Delacre Canasta",
    "thumbNail": "https://static.colruytgroup.com/images/200x200/std.lang.all/61/86/asset-2756186.jpg",
    "fullImage": "https://static.colruytgroup.com/images/500x500/std.lang.all/61/86/asset-2756186.jpg",
    "squareImage": "https://static.colruytgroup.com/images/500x500sq/std.lang.all/61/86/asset-2756186.jpg",
    "content": "75g",
    "walkRouteSequenceNumber": 4476,
    "price": {
      "basicPrice": 2.39,
      "recommendedQuantity": "3.0",
      "measurementUnitPrice": 31.87,
      "measurementUnit": "K",
      "isRedPrice": false,
      "pricePerUOM": 31.87,
      "activationDate": "13-03-2024",
      "recordSource": "Offline",
      "isPromoActive": "N",
      "priceChangeCode": "E"
    },
    "isAvailable": true,
    "isPriceAvailable": true,
    "inPromo": false,
    "gtin": [
      "00000025199314",
      "08710412002180",
      "08710412036468",
      "08710412036475",
      "08710412065048",
      "08710412231788",
      "08710412231795"
    ],
    "topCategoryName": "Chips/Borrelhapjes",
    "topCategoryId": "306",
    "businessDomain": "RETAIL_BE",
    "IsPrivateLabel": false,
    "IsBiffe": false,
    "WeightconversionFactor": "0",
    "IsWeightArticle": false,
    "nutriscoreLabel": "E",
    "IsBio": false,
    "CountryOfOrigin": "NEDERLAND",
    "IsExclusivelySoldInLuxembourg": false,
    "OrderUnit": "P",
    "ShortName": "DELACRE CANASTA 75 GR",
    "InSeason": true,
    "IsNew": false,
    "RecentQuanityOfStockUnits": "3,1",
    "LongName": "DELACRE Canasta Goudasmaak 75g",
    "AlcoholVolume": "0",
    "StartSeasonDate": "20/06/2005",
    "FicCode": "E"
  },
  {
    "productId": "787952",
    "technicalArticleNumber": "4590773",
    "commercialArticleNumber": "24452",
    "name": "mini crackers hot paprika",
    "brand": "BONI",
    "seoBrand": "Boni Selection",
    "thumbNail": "https://static.colruytgroup.com/images/200x200/std.lang.all/04/46/asset-3140446.jpg",
    "fullImage": "https://static.colruytgroup.com/images/500x500/std.lang.all/04/46/asset-3140446.jpg",
    "squareImage": "https://static.colruytgroup.com/images/500x500sq/std.lang.all/04/46/asset-3140446.jpg",
    "content": "120g",
    "walkRouteSequenceNumber": 4426,
    "price": {
      "basicPrice": 0.99,
      "recommendedQuantity": "1.0",
      "measurementUnitPrice": 8.25,
      "measurementUnit": "K",
      "isRedPrice": false,
      "pricePerUOM": 8.25,
      "activationDate": "17-01-2024",
      "isPromoActive": "N",
      "priceChangeCode": "E"
    },
    "isAvailable": true,
    "isPriceAvailable": true,
    "inPromo": false,
    "gtin": [
      "05400141546613",
      "15400141546610"
    ],
    "topCategoryName": "Chips/Borrelhapjes",
    "topCategoryId": "306",
    "businessDomain": "RETAIL_BE",
    "IsPrivateLabel": true,
    "IsBiffe": false,
    "WeightconversionFactor": "0",
    "IsWeightArticle": false,
    "nutriscoreLabel": "E",
    "IsBio": false,
    "CountryOfOrigin": "SPANJE",
    "IsExclusivelySoldInLuxembourg": false,
    "OrderUnit": "P",
    "ShortName": "BONI PAPRIKA CRACKER120",
    "IsNew": false,
    "EcoscoreLabel": "B",
    "RecentQuanityOfStockUnits": "1",
    "LongName": "BONI mini crackers hot paprika 120g",
    "FicCode": "I",
    "EcoscoreValue": "67"
  },
  {
    "productId": "654143",
    "technicalArticleNumber": "4353556",
    "commercialArticleNumber": "1273",
    "name": "mammoet olijven look en chili",
    "brand": "BONI",
    "seoBrand": "Boni Selection",
    "thumbNail": "https://static.colruytgroup.com/images/200x200/std.lang.all/87/06/asset-2738706.jpg",
    "fullImage": "https://static.colruytgroup.com/images/500x500/std.lang.all/87/06/asset-2738706.jpg",
    "squareImage": "https://static.colruytgroup.com/images/500x500sq/std.lang.all/87/06/asset-2738706.jpg",
    "content": "150g",
    "walkRouteSequenceNumber": 7680,
    "price": {
      "basicPrice": 2.89,
      "recommendedQuantity": "1.0",
      "quantityPrice": 2.66,
      "quantityPriceQuantity": "3.0",
      "measurementUnitPrice": 19.27,
      "measurementUnitQuantityPrice": 17.74,
      "measurementUnit": "K",
      "isRedPrice": false,
      "pricePerUOM": 19.27,
      "activationDate": "17-11-2023",
      "isPromoActive": "N",
      "priceChangeCode": "E",
      "quantityPricePerUOM": 17.74,
      "quantityActivationDate": "17-11-2023",
      "quantityPriceChangeCode": "E"
    },
    "isAvailable": true,
    "isPriceAvailable": true,
    "inPromo": false,
    "gtin": [
      "05400141927757",
      "15400141927754",
      "05400141740738",
      "05400141485158",
      "15400141485155",
      "15400141740735"
    ],
    "topCategoryName": "Chips/Borrelhapjes",
    "topCategoryId": "306",
    "businessDomain": "RETAIL_BE",
    "IsPrivateLabel": true,
    "IsBiffe": false,
    "WeightconversionFactor": "0",
    "IsWeightArticle": false,
    "nutriscoreLabel": "C",
    "IsBio": false,
    "CountryOfOrigin": "BELGIË",
    "IsExclusivelySoldInLuxembourg": false,
    "OrderUnit": "P",
    "ShortName": "BONI OLIJF LO.CHIL.150G",
    "IsNew": false,
    "EcoscoreLabel": "B",
    "RecentQuanityOfStockUnits": "1",
    "LongName": "BONI mammoet olijven look en chili 150g",
    "FicCode": "I",
    "EcoscoreValue": "75"
  },
  {
    "productId": "860780",
    "technicalArticleNumber": "4711671",
    "commercialArticleNumber": "12879",
    "name": "Rollers mexican taco",
    "brand": "CROKY",
    "seoBrand": "Croky Rollers",
    "thumbNail": "https://static.colruytgroup.com/images/200x200/std.lang.all/81/89/asset-3178189.jpg",
    "fullImage": "https://static.colruytgroup.com/images/500x500/std.lang.all/81/89/asset-3178189.jpg",
    "squareImage": "https://static.colruytgroup.com/images/500x500sq/std.lang.all/81/89/asset-3178189.jpg",
    "content": "100g",
    "walkRouteSequenceNumber": 4659,
    "price": {
      "basicPrice": 1.79,
      "recommendedQuantity": "1.0",
      "measurementUnitPrice": 17.9,
      "measurementUnit": "K",
      "isRedPrice": false,
      "pricePerUOM": 17.9,
      "activationDate": "13-03-2024",
      "recordSource": "Offline",
      "isPromoActive": "N",
      "priceChangeCode": "E"
    },
    "isAvailable": true,
    "isPriceAvailable": true,
    "inPromo": false,
    "gtin": [
      "05414359979798",
      "05414359779794"
    ],
    "topCategoryName": "Chips/Borrelhapjes",
    "topCategoryId": "306",
    "businessDomain": "RETAIL_BE",
    "IsPrivateLabel": false,
    "IsBiffe": false,
    "WeightconversionFactor": "0",
    "IsWeightArticle": false,
    "nutriscoreLabel": "D",
    "IsBio": false,
    "CountryOfOrigin": "BELGIË",
    "IsExclusivelySoldInLuxembourg": false,
    "OrderUnit": "P",
    "ShortName": "CROK ROLLER.MEX.TACO100",
    "IsNew": false,
    "EcoscoreLabel": "B",
    "RecentQuanityOfStockUnits": "1,9",
    "LongName": "CROKY Rollers mexican taco 100g",
    "FicCode": "E",
    "EcoscoreValue": "67"
  },
  {
    "productId": "748952",
    "technicalArticleNumber": "4519357",
    "commercialArticleNumber": "9828",
    "name": "cashewnoten rozemarijn",
    "brand": "BONI",
    "seoBrand": "Boni Selection",
    "thumbNail": "https://static.colruytgroup.com/images/200x200/std.lang.all/10/29/asset-2801029.jpg",
    "fullImage": "https://static.colruytgroup.com/images/500x500/std.lang.all/10/29/asset-2801029.jpg",
    "squareImage": "https://static.colruytgroup.com/images/500x500sq/std.lang.all/10/29/asset-2801029.jpg",
    "content": "250g",
    "walkRouteSequenceNumber": 13291,
    "price": {
      "basicPrice": 5.99,
      "recommendedQuantity": "1.0",
      "quantityPrice": 5.51,
      "quantityPriceQuantity": "3.0",
      "measurementUnitPrice": 23.96,
      "measurementUnitQuantityPrice": 22.04,
      "measurementUnit": "K",
      "isRedPrice": false,
      "pricePerUOM": 23.96,
      "activationDate": "14-02-2024",
      "isPromoActive": "N",
      "priceChangeCode": "H",
      "quantityPricePerUOM": 22.04,
      "quantityActivationDate": "14-02-2024",
      "quantityPriceChangeCode": "H"
    },
    "isAvailable": true,
    "isPriceAvailable": true,
    "inPromo": false,
    "gtin": [
      "05400141458473",
      "15400141458470"
    ],
    "topCategoryName": "Groenten en fruit",
    "topCategoryId": "1675",
    "businessDomain": "RETAIL_BE",
    "IsPrivateLabel": true,
    "IsBiffe": false,
    "WeightconversionFactor": "0",
    "IsWeightArticle": false,
    "nutriscoreLabel": "C",
    "IsBio": false,
    "CountryOfOrigin": "NEDERLAND",
    "IsExclusivelySoldInLuxembourg": false,
    "OrderUnit": "P",
    "ShortName": "BONI CASHEWN.ROZEM250",
    "IsNew": false,
    "EcoscoreLabel": "D",
    "RecentQuanityOfStockUnits": "1",
    "LongName": "BONI cashewnoten rozemarijn 250g",
    "FicCode": "I",
    "EcoscoreValue": "28"
  },
  {
    "productId": "154273",
    "technicalArticleNumber": "3255076",
    "commercialArticleNumber": "34835",
    "name": "tomaten tapenade",
    "description": "*Tomenade op basis\nvan gedroogde tomaat",
    "brand": "BONI",
    "seoBrand": "Boni Selection",
    "thumbNail": "https://static.colruytgroup.com/images/200x200/std.lang.all/09/11/asset-2210911.jpg",
    "fullImage": "https://static.colruytgroup.com/images/500x500/std.lang.all/09/11/asset-2210911.jpg",
    "squareImage": "https://static.colruytgroup.com/images/500x500sq/std.lang.all/09/11/asset-2210911.jpg",
    "content": "150g",
    "walkRouteSequenceNumber": 6777,
    "price": {
      "basicPrice": 3.29,
      "recommendedQuantity": "1.0",
      "quantityPrice": 3.03,
      "quantityPriceQuantity": "3.0",
      "measurementUnitPrice": 21.94,
      "measurementUnitQuantityPrice": 20.2,
      "measurementUnit": "K",
      "isRedPrice": false,
      "pricePerUOM": 21.94,
      "activationDate": "17-11-2023",
      "isPromoActive": "N",
      "priceChangeCode": "E",
      "quantityPricePerUOM": 20.2,
      "quantityActivationDate": "17-11-2023",
      "quantityPriceChangeCode": "E"
    },
    "isAvailable": true,
    "isPriceAvailable": true,
    "inPromo": false,
    "gtin": [
      "15400141354451",
      "15400141216933",
      "15400141195641",
      "05400141354454",
      "05400141268829",
      "05400141216936",
      "05400141195644"
    ],
    "topCategoryName": "Chips/Borrelhapjes",
    "topCategoryId": "306",
    "businessDomain": "RETAIL_BE",
    "IsPrivateLabel": true,
    "IsBiffe": false,
    "WeightconversionFactor": "0",
    "IsWeightArticle": false,
    "nutriscoreLabel": "D",
    "IsBio": false,
    "CountryOfOrigin": "FRANKRIJK",
    "IsExclusivelySoldInLuxembourg": false,
    "OrderUnit": "P",
    "ShortName": "BONI TOMANADE 150GR",
    "IsNew": false,
    "EcoscoreLabel": "C",
    "RecentQuanityOfStockUnits": "1",
    "LongName": "BONI tomaten tapenade 150g",
    "FicCode": "I",
    "EcoscoreValue": "58"
  },
  {
    "productId": "789760",
    "technicalArticleNumber": "4595523",
    "commercialArticleNumber": "29424",
    "name": "halfgedroogde kerstomaten",
    "description": "*Bereiding op basis\nvan tomaten",
    "brand": "BONI",
    "seoBrand": "Boni Selection",
    "thumbNail": "https://static.colruytgroup.com/images/200x200/std.lang.all/25/81/asset-2822581.jpg",
    "fullImage": "https://static.colruytgroup.com/images/500x500/std.lang.all/25/81/asset-2822581.jpg",
    "squareImage": "https://static.colruytgroup.com/images/500x500sq/std.lang.all/25/81/asset-2822581.jpg",
    "content": "200g",
    "walkRouteSequenceNumber": 7665,
    "price": {
      "basicPrice": 3.79,
      "recommendedQuantity": "1.0",
      "quantityPrice": 3.49,
      "quantityPriceQuantity": "3.0",
      "measurementUnitPrice": 18.95,
      "measurementUnitQuantityPrice": 17.45,
      "measurementUnit": "K",
      "isRedPrice": false,
      "pricePerUOM": 18.95,
      "activationDate": "17-11-2023",
      "isPromoActive": "N",
      "priceChangeCode": "E",
      "quantityPricePerUOM": 17.45,
      "quantityActivationDate": "17-11-2023",
      "quantityPriceChangeCode": "E"
    },
    "isAvailable": true,
    "isPriceAvailable": true,
    "inPromo": false,
    "gtin": [
      "15400141910923",
      "05400141910926"
    ],
    "topCategoryName": "Chips/Borrelhapjes",
    "topCategoryId": "306",
    "businessDomain": "RETAIL_BE",
    "IsPrivateLabel": true,
    "IsBiffe": false,
    "WeightconversionFactor": "0",
    "IsWeightArticle": false,
    "nutriscoreLabel": "C",
    "IsBio": false,
    "CountryOfOrigin": "FRANKRIJK",
    "IsExclusivelySoldInLuxembourg": false,
    "OrderUnit": "P",
    "ShortName": "BONI HALFG.KERSTOM.200G",
    "IsNew": false,
    "EcoscoreLabel": "E",
    "RecentQuanityOfStockUnits": "1,12",
    "LongName": "BONI halfgedroogde kerstomaten 200g",
    "FicCode": "I",
    "EcoscoreValue": "0"
  },
  {
    "productId": "589507",
    "technicalArticleNumber": "4247225",
    "commercialArticleNumber": "20722",
    "name": "chips anc.papr&roasted onion",
    "brand": "CROKY",
    "seoBrand": "Croky Chips à l'ancienne",
    "thumbNail": "https://static.colruytgroup.com/images/200x200/std.lang.all/34/61/asset-2093461.jpg",
    "fullImage": "https://static.colruytgroup.com/images/500x500/std.lang.all/34/61/asset-2093461.jpg",
    "squareImage": "https://static.colruytgroup.com/images/500x500sq/std.lang.all/34/61/asset-2093461.jpg",
    "content": "200g",
    "walkRouteSequenceNumber": 4459,
    "price": {
      "basicPrice": 2.29,
      "recommendedQuantity": "1.0",
      "measurementUnitPrice": 11.45,
      "measurementUnit": "K",
      "isRedPrice": false,
      "pricePerUOM": 11.45,
      "activationDate": "29-02-2024",
      "recordSource": "Offline",
      "isPromoActive": "N",
      "priceChangeCode": "H"
    },
    "isAvailable": true,
    "isPriceAvailable": true,
    "inPromo": false,
    "gtin": [
      "05414359709012",
      "05414359909016"
    ],
    "topCategoryName": "Chips/Borrelhapjes",
    "topCategoryId": "306",
    "businessDomain": "RETAIL_BE",
    "IsPrivateLabel": false,
    "IsBiffe": false,
    "WeightconversionFactor": "0",
    "IsWeightArticle": false,
    "nutriscoreLabel": "D",
    "IsBio": false,
    "CountryOfOrigin": "BELGIË",
    "IsExclusivelySoldInLuxembourg": false,
    "OrderUnit": "P",
    "ShortName": "CROK ANC.PAP&R.ONION200",
    "IsNew": false,
    "EcoscoreLabel": "B",
    "RecentQuanityOfStockUnits": "1",
    "LongName": "CROKY chips anc.papr&roasted onion 200g",
    "FicCode": "E",
    "EcoscoreValue": "79"
  },
  {
    "productId": "697073",
    "technicalArticleNumber": "4427202",
    "commercialArticleNumber": "26099",
    "name": "Tzatziki",
    "description": "*Dip op basis van\nyoghurt en komkommer",
    "brand": "BONI",
    "seoBrand": "Boni Selection",
    "thumbNail": "https://static.colruytgroup.com/images/200x200/std.lang.all/69/00/asset-2706900.jpg",
    "fullImage": "https://static.colruytgroup.com/images/500x500/std.lang.all/69/00/asset-2706900.jpg",
    "squareImage": "https://static.colruytgroup.com/images/500x500sq/std.lang.all/69/00/asset-2706900.jpg",
    "content": "175g",
    "walkRouteSequenceNumber": 6714,
    "price": {
      "basicPrice": 1.59,
      "recommendedQuantity": "1.0",
      "measurementUnitPrice": 9.09,
      "measurementUnit": "K",
      "isRedPrice": false,
      "pricePerUOM": 9.09,
      "activationDate": "07-03-2024",
      "recordSource": "Offline",
      "isPromoActive": "N",
      "priceChangeCode": "E"
    },
    "isAvailable": true,
    "isPriceAvailable": true,
    "inPromo": false,
    "gtin": [
      "05400141915785",
      "35400141915786"
    ],
    "topCategoryName": "Chips/Borrelhapjes",
    "topCategoryId": "306",
    "businessDomain": "RETAIL_BE",
    "IsPrivateLabel": true,
    "IsBiffe": false,
    "WeightconversionFactor": "0",
    "IsWeightArticle": false,
    "nutriscoreLabel": "B",
    "IsBio": false,
    "CountryOfOrigin": "BELGIË",
    "IsExclusivelySoldInLuxembourg": false,
    "OrderUnit": "P",
    "ShortName": "BONI TZATZIKI 175G",
    "IsNew": false,
    "EcoscoreLabel": "B",
    "RecentQuanityOfStockUnits": "1",
    "LongName": "BONI Tzatziki 175g",
    "FicCode": "I",
    "EcoscoreValue": "70"
  },
  {
    "productId": "737188",
    "technicalArticleNumber": "4499743",
    "commercialArticleNumber": "27892",
    "name": "Explosions Pizza",
    "brand": "CROKY",
    "seoBrand": "Croky Explosions",
    "thumbNail": "https://static.colruytgroup.com/images/200x200/std.lang.all/38/33/asset-2553833.jpg",
    "fullImage": "https://static.colruytgroup.com/images/500x500/std.lang.all/38/33/asset-2553833.jpg",
    "squareImage": "https://static.colruytgroup.com/images/500x500sq/std.lang.all/38/33/asset-2553833.jpg",
    "content": "150g",
    "walkRouteSequenceNumber": 4639,
    "price": {
      "basicPrice": 1.48,
      "recommendedQuantity": "1.0",
      "measurementUnitPrice": 9.87,
      "measurementUnit": "K",
      "isRedPrice": false,
      "pricePerUOM": 9.87,
      "activationDate": "28-02-2024",
      "isPromoActive": "N",
      "priceChangeCode": "L"
    },
    "isAvailable": true,
    "isPriceAvailable": true,
    "inPromo": false,
    "gtin": [
      "05414359762635",
      "05414359962639"
    ],
    "topCategoryName": "Chips/Borrelhapjes",
    "topCategoryId": "306",
    "businessDomain": "RETAIL_BE",
    "IsPrivateLabel": false,
    "IsBiffe": false,
    "WeightconversionFactor": "0",
    "IsWeightArticle": false,
    "nutriscoreLabel": "D",
    "IsBio": false,
    "CountryOfOrigin": "BELGIË",
    "IsExclusivelySoldInLuxembourg": false,
    "OrderUnit": "P",
    "ShortName": "CROK EXPL. PIZZA 150G",
    "InSeason": true,
    "IsNew": false,
    "EcoscoreLabel": "B",
    "RecentQuanityOfStockUnits": "1,9",
    "LongName": "CROKY Explosions Pizza 150g",
    "StartSeasonDate": "30/05/2022",
    "FicCode": "E",
    "EcoscoreValue": "79"
  },
  {
    "productId": "138652",
    "technicalArticleNumber": "3202574",
    "commercialArticleNumber": "34376",
    "name": "groene tapenade",
    "description": "*Tapenade op basis\nvan groene olijven,\nkappers",
    "brand": "BONI",
    "seoBrand": "Boni Selection",
    "thumbNail": "https://static.colruytgroup.com/images/200x200/std.lang.all/16/08/asset-2741608.jpg",
    "fullImage": "https://static.colruytgroup.com/images/500x500/std.lang.all/16/08/asset-2741608.jpg",
    "squareImage": "https://static.colruytgroup.com/images/500x500sq/std.lang.all/16/08/asset-2741608.jpg",
    "content": "150g",
    "walkRouteSequenceNumber": 6781,
    "price": {
      "basicPrice": 1.99,
      "recommendedQuantity": "1.0",
      "quantityPrice": 1.83,
      "quantityPriceQuantity": "3.0",
      "measurementUnitPrice": 13.27,
      "measurementUnitQuantityPrice": 12.2,
      "measurementUnit": "K",
      "isRedPrice": false,
      "pricePerUOM": 13.27,
      "activationDate": "23-03-2024",
      "recordSource": "Offline",
      "isPromoActive": "N",
      "priceChangeCode": "H",
      "quantityPricePerUOM": 12.2,
      "quantityActivationDate": "23-03-2024",
      "quantityPriceChangeCode": "H"
    },
    "isAvailable": true,
    "isPriceAvailable": true,
    "inPromo": false,
    "gtin": [
      "05400141209853",
      "05400141205299",
      "15400141971924",
      "05400141927542"
    ],
    "topCategoryName": "Chips/Borrelhapjes",
    "topCategoryId": "306",
    "businessDomain": "RETAIL_BE",
    "IsPrivateLabel": true,
    "IsBiffe": false,
    "WeightconversionFactor": "0",
    "IsWeightArticle": false,
    "nutriscoreLabel": "D",
    "IsBio": false,
    "CountryOfOrigin": "BELGIË",
    "IsExclusivelySoldInLuxembourg": false,
    "OrderUnit": "P",
    "ShortName": "B GROENE TAPENADE 150G",
    "IsNew": false,
    "EcoscoreLabel": "C",
    "RecentQuanityOfStockUnits": "1",
    "LongName": "BONI groene tapenade 150g",
    "FicCode": "I",
    "EcoscoreValue": "58"
  },
  {
    "productId": "174358",
    "technicalArticleNumber": "3349555",
    "commercialArticleNumber": "7456",
    "name": "mini twist Butter&Cheese",
    "brand": "BONI",
    "seoBrand": "Boni Selection",
    "thumbNail": "https://static.colruytgroup.com/images/200x200/std.lang.all/51/18/asset-2095118.jpg",
    "fullImage": "https://static.colruytgroup.com/images/500x500/std.lang.all/51/18/asset-2095118.jpg",
    "squareImage": "https://static.colruytgroup.com/images/500x500sq/std.lang.all/51/18/asset-2095118.jpg",
    "content": "75g",
    "walkRouteSequenceNumber": 4428,
    "price": {
      "basicPrice": 2.19,
      "recommendedQuantity": "1.0",
      "measurementUnitPrice": 29.2,
      "measurementUnit": "K",
      "isRedPrice": false,
      "pricePerUOM": 29.2,
      "activationDate": "20-01-2024",
      "recordSource": "Offline",
      "isPromoActive": "N",
      "priceChangeCode": "H"
    },
    "isAvailable": true,
    "isPriceAvailable": true,
    "inPromo": false,
    "gtin": [
      "05400141311013",
      "05400141293876",
      "15400141870579",
      "15400141311010"
    ],
    "topCategoryName": "Chips/Borrelhapjes",
    "topCategoryId": "306",
    "businessDomain": "RETAIL_BE",
    "IsPrivateLabel": true,
    "IsBiffe": false,
    "WeightconversionFactor": "0",
    "IsWeightArticle": false,
    "nutriscoreLabel": "E",
    "IsBio": false,
    "CountryOfOrigin": "ZWITSERLAND",
    "IsExclusivelySoldInLuxembourg": false,
    "OrderUnit": "P",
    "ShortName": "BONI MINI TWIST BO/KA75",
    "IsNew": false,
    "EcoscoreLabel": "A",
    "RecentQuanityOfStockUnits": "1,10",
    "LongName": "BONI mini twist Butter&Cheese 75g",
    "AlcoholVolume": "0",
    "FicCode": "I",
    "EcoscoreValue": "80"
  },
  {
    "productId": "293546",
    "technicalArticleNumber": "3689793",
    "commercialArticleNumber": "34014",
    "name": "kerspaprika gevuld lactosevrij",
    "description": "*Gevuld met kaas\n*Lactosevrij",
    "brand": "BONI",
    "seoBrand": "Boni Selection",
    "thumbNail": "https://static.colruytgroup.com/images/200x200/std.lang.all/87/58/asset-2768758.jpg",
    "fullImage": "https://static.colruytgroup.com/images/500x500/std.lang.all/87/58/asset-2768758.jpg",
    "squareImage": "https://static.colruytgroup.com/images/500x500sq/std.lang.all/87/58/asset-2768758.jpg",
    "content": "150g",
    "walkRouteSequenceNumber": 7674,
    "price": {
      "basicPrice": 2.89,
      "recommendedQuantity": "1.0",
      "quantityPrice": 2.77,
      "quantityPriceQuantity": "3.0",
      "measurementUnitPrice": 19.27,
      "measurementUnitQuantityPrice": 18.47,
      "measurementUnit": "K",
      "isRedPrice": false,
      "pricePerUOM": 19.27,
      "activationDate": "17-11-2023",
      "isPromoActive": "N",
      "priceChangeCode": "E",
      "quantityPricePerUOM": 18.47,
      "quantityActivationDate": "17-11-2023",
      "quantityPriceChangeCode": "E"
    },
    "isAvailable": true,
    "isPriceAvailable": true,
    "inPromo": false,
    "gtin": [
      "15400141507123",
      "05400141507126",
      "15400141256007",
      "05400141256000",
      "05400141386462"
    ],
    "topCategoryName": "Chips/Borrelhapjes",
    "topCategoryId": "306",
    "businessDomain": "RETAIL_BE",
    "IsPrivateLabel": true,
    "IsBiffe": false,
    "WeightconversionFactor": "0",
    "IsWeightArticle": false,
    "nutriscoreLabel": "D",
    "IsBio": false,
    "CountryOfOrigin": "ZUID-AFRIKA",
    "IsExclusivelySoldInLuxembourg": false,
    "OrderUnit": "P",
    "ShortName": "BONI KERSPAPR.GEV.150G",
    "IsNew": false,
    "RecentQuanityOfStockUnits": "1",
    "LongName": "BONI kerspaprika gevuld lactosevrij 150g",
    "AlcoholVolume": "0",
    "FicCode": "I"
  },
  {
    "productId": "887020",
    "technicalArticleNumber": "4746389",
    "commercialArticleNumber": "32732",
    "name": "Tubes nacho cheese",
    "description": "*Smaak: nacho cheese",
    "brand": "CROKY",
    "seoBrand": "Croky",
    "thumbNail": "https://static.colruytgroup.com/images/200x200/std.lang.all/41/82/asset-3284182.jpg",
    "fullImage": "https://static.colruytgroup.com/images/500x500/std.lang.all/41/82/asset-3284182.jpg",
    "squareImage": "https://static.colruytgroup.com/images/500x500sq/std.lang.all/41/82/asset-3284182.jpg",
    "content": "100g",
    "walkRouteSequenceNumber": 4783,
    "price": {
      "basicPrice": 1.79,
      "recommendedQuantity": "1.0",
      "measurementUnitPrice": 17.9,
      "measurementUnit": "K",
      "isRedPrice": false,
      "pricePerUOM": 17.9,
      "activationDate": "13-03-2024",
      "isPromoActive": "N",
      "priceChangeCode": "E"
    },
    "isAvailable": true,
    "isPriceAvailable": true,
    "inPromo": false,
    "gtin": [
      "05414359994661",
      "05414359794667"
    ],
    "topCategoryName": "Chips/Borrelhapjes",
    "topCategoryId": "306",
    "businessDomain": "RETAIL_BE",
    "IsPrivateLabel": false,
    "IsBiffe": false,
    "WeightconversionFactor": "0",
    "IsWeightArticle": false,
    "nutriscoreLabel": "E",
    "IsBio": false,
    "CountryOfOrigin": "BELGIË",
    "IsExclusivelySoldInLuxembourg": false,
    "OrderUnit": "P",
    "ShortName": "CROK TUBES NACHO CH.100",
    "IsNew": false,
    "EcoscoreLabel": "B",
    "RecentQuanityOfStockUnits": "12,1",
    "LongName": "CROKY Tubes nacho cheese 100g",
    "AlcoholVolume": "0",
    "FicCode": "E",
    "EcoscoreValue": "67"
  },
  {
    "productId": "571160",
    "technicalArticleNumber": "4216337",
    "commercialArticleNumber": "7536",
    "name": "Trio hummus papr-peterselie-basil.",
    "description": "*Paprika, peterselie\nbasilicum",
    "thumbNail": "https://static.colruytgroup.com/images/200x200/std.lang.all/47/97/asset-2084797.jpg",
    "fullImage": "https://static.colruytgroup.com/images/500x500/std.lang.all/47/97/asset-2084797.jpg",
    "squareImage": "https://static.colruytgroup.com/images/500x500sq/std.lang.all/47/97/asset-2084797.jpg",
    "content": "210g",
    "walkRouteSequenceNumber": 7759,
    "price": {
      "basicPrice": 1.99,
      "recommendedQuantity": "1.0",
      "quantityPrice": 1.91,
      "quantityPriceQuantity": "3.0",
      "measurementUnitPrice": 9.48,
      "measurementUnitQuantityPrice": 9.1,
      "measurementUnit": "K",
      "isRedPrice": false,
      "pricePerUOM": 9.48,
      "activationDate": "11-10-2023",
      "recordSource": "Offline",
      "isPromoActive": "N",
      "priceChangeCode": "H",
      "quantityPricePerUOM": 9.1,
      "quantityActivationDate": "11-10-2023",
      "quantityPriceChangeCode": "E"
    },
    "isAvailable": true,
    "isPriceAvailable": true,
    "inPromo": false,
    "gtin": [
      "05425020166553",
      "15425020166550"
    ],
    "topCategoryName": "Chips/Borrelhapjes",
    "topCategoryId": "306",
    "businessDomain": "RETAIL_BE",
    "IsPrivateLabel": false,
    "IsBiffe": false,
    "WeightconversionFactor": "0",
    "IsWeightArticle": false,
    "IsBio": false,
    "CountryOfOrigin": "BELGIË",
    "IsExclusivelySoldInLuxembourg": false,
    "OrderUnit": "P",
    "ShortName": "TRIO HUM.PA.PE..BAS210G",
    "IsNew": false,
    "RecentQuanityOfStockUnits": "1",
    "LongName": "Trio hummus papr-peterselie-basil. 210g",
    "FicCode": "E"
  },
  {
    "productId": "107807",
    "technicalArticleNumber": "3096196",
    "commercialArticleNumber": "42596",
    "name": "Superfrites paprika",
    "description": "*Gebakken in\nzonnebloemolie",
    "brand": "CROKY",
    "seoBrand": "Croky Superfrites",
    "thumbNail": "https://static.colruytgroup.com/images/200x200/std.lang.all/13/44/asset-1441344.jpg",
    "fullImage": "https://static.colruytgroup.com/images/500x500/std.lang.all/13/44/asset-1441344.jpg",
    "squareImage": "https://static.colruytgroup.com/images/500x500sq/std.lang.all/13/44/asset-1441344.jpg",
    "content": "150g",
    "walkRouteSequenceNumber": 4654,
    "price": {
      "basicPrice": 2.15,
      "recommendedQuantity": "1.0",
      "measurementUnitPrice": 14.34,
      "measurementUnit": "K",
      "isRedPrice": false,
      "pricePerUOM": 14.34,
      "activationDate": "14-11-2023",
      "isPromoActive": "N",
      "priceChangeCode": "E"
    },
    "isAvailable": true,
    "isPriceAvailable": true,
    "inPromo": false,
    "gtin": [
      "05414359981517",
      "05414359781513"
    ],
    "topCategoryName": "Chips/Borrelhapjes",
    "topCategoryId": "306",
    "businessDomain": "RETAIL_BE",
    "IsPrivateLabel": false,
    "IsBiffe": false,
    "WeightconversionFactor": "0",
    "IsWeightArticle": false,
    "nutriscoreLabel": "D",
    "IsBio": false,
    "CountryOfOrigin": "BELGIË",
    "IsExclusivelySoldInLuxembourg": false,
    "OrderUnit": "P",
    "ShortName": "CROKY SUPERFRIT.PAP.150",
    "IsNew": false,
    "EcoscoreLabel": "B",
    "RecentQuanityOfStockUnits": "1,18",
    "LongName": "CROKY Superfrites paprika 150g",
    "AlcoholVolume": "0",
    "FicCode": "E",
    "EcoscoreValue": "79"
  },
  {
    "productId": "838247",
    "technicalArticleNumber": "4681079",
    "commercialArticleNumber": "30456",
    "name": "Dipsaus groene pesto",
    "brand": "BONI",
    "seoBrand": "Boni Selection",
    "thumbNail": "https://static.colruytgroup.com/images/200x200/std.lang.all/65/86/asset-3346586.jpg",
    "fullImage": "https://static.colruytgroup.com/images/500x500/std.lang.all/65/86/asset-3346586.jpg",
    "squareImage": "https://static.colruytgroup.com/images/500x500sq/std.lang.all/65/86/asset-3346586.jpg",
    "content": "175g",
    "walkRouteSequenceNumber": 6787,
    "price": {
      "basicPrice": 2.79,
      "recommendedQuantity": "1.0",
      "quantityPrice": 2.57,
      "quantityPriceQuantity": "3.0",
      "measurementUnitPrice": 15.95,
      "measurementUnitQuantityPrice": 14.69,
      "measurementUnit": "K",
      "isRedPrice": false,
      "pricePerUOM": 15.95,
      "activationDate": "13-06-2023",
      "isPromoActive": "N",
      "priceChangeCode": "E",
      "quantityPricePerUOM": 14.69,
      "quantityActivationDate": "13-06-2023",
      "quantityPriceChangeCode": "E"
    },
    "isAvailable": true,
    "isPriceAvailable": true,
    "inPromo": false,
    "gtin": [
      "05400141513097"
    ],
    "topCategoryName": "Chips/Borrelhapjes",
    "topCategoryId": "306",
    "businessDomain": "RETAIL_BE",
    "IsPrivateLabel": true,
    "IsBiffe": false,
    "WeightconversionFactor": "0",
    "IsWeightArticle": false,
    "nutriscoreLabel": "E",
    "IsBio": false,
    "CountryOfOrigin": "BELGIË",
    "IsExclusivelySoldInLuxembourg": false,
    "OrderUnit": "P",
    "ShortName": "BONI KAASDIP GR.PEST175",
    "IsNew": false,
    "EcoscoreLabel": "D",
    "RecentQuanityOfStockUnits": "1",
    "LongName": "BONI Dipsaus groene pesto 175g",
    "FicCode": "I",
    "EcoscoreValue": "38"
  },
  {
    "productId": "3842",
    "technicalArticleNumber": "1004655",
    "commercialArticleNumber": "19870",
    "name": "Hot Mix pinda's&rijstcrackers",
    "brand": "BONI",
    "seoBrand": "Boni Selection",
    "thumbNail": "https://static.colruytgroup.com/images/200x200/std.lang.all/56/23/asset-2475623.jpg",
    "fullImage": "https://static.colruytgroup.com/images/500x500/std.lang.all/56/23/asset-2475623.jpg",
    "squareImage": "https://static.colruytgroup.com/images/500x500sq/std.lang.all/56/23/asset-2475623.jpg",
    "content": "500g",
    "walkRouteSequenceNumber": 4429,
    "price": {
      "basicPrice": 3.87,
      "recommendedQuantity": "1.0",
      "measurementUnitPrice": 7.74,
      "measurementUnit": "K",
      "isRedPrice": false,
      "pricePerUOM": 7.74,
      "activationDate": "15-02-2024",
      "recordSource": "Offline",
      "isPromoActive": "N",
      "priceChangeCode": "H"
    },
    "isAvailable": true,
    "isPriceAvailable": true,
    "inPromo": false,
    "gtin": [
      "05400141083354",
      "05400141159806",
      "05400141224283",
      "05400141354591",
      "15400141159803",
      "05400141357721",
      "15400141357728"
    ],
    "topCategoryName": "Groenten en fruit",
    "topCategoryId": "1675",
    "businessDomain": "RETAIL_BE",
    "IsPrivateLabel": true,
    "IsBiffe": false,
    "WeightconversionFactor": "0",
    "IsWeightArticle": false,
    "nutriscoreLabel": "D",
    "IsBio": false,
    "CountryOfOrigin": "NEDERLAND",
    "IsExclusivelySoldInLuxembourg": false,
    "OrderUnit": "P",
    "ShortName": "BONI HOT MIX 500G",
    "IsNew": false,
    "EcoscoreLabel": "D",
    "RecentQuanityOfStockUnits": "1",
    "LongName": "BONI Hot Mix pinda's&rijstcrackers 500g",
    "AlcoholVolume": "0",
    "FicCode": "I",
    "EcoscoreValue": "38"
  },
  {
    "productId": "323936",
    "technicalArticleNumber": "3765439",
    "commercialArticleNumber": "16275",
    "name": "Sweet Chili kroepoek",
    "brand": "BONI",
    "seoBrand": "Boni Selection",
    "thumbNail": "https://static.colruytgroup.com/images/200x200/std.lang.all/10/09/asset-2311009.jpg",
    "fullImage": "https://static.colruytgroup.com/images/500x500/std.lang.all/10/09/asset-2311009.jpg",
    "squareImage": "https://static.colruytgroup.com/images/500x500sq/std.lang.all/10/09/asset-2311009.jpg",
    "content": "60g",
    "walkRouteSequenceNumber": 8469,
    "price": {
      "basicPrice": 0.894,
      "recommendedQuantity": "1.0",
      "measurementUnitPrice": 14.9,
      "measurementUnit": "K",
      "isRedPrice": false,
      "pricePerUOM": 14.9,
      "activationDate": "12-03-2024",
      "recordSource": "Offline",
      "isPromoActive": "N",
      "priceChangeCode": "L"
    },
    "isAvailable": true,
    "isPriceAvailable": true,
    "inPromo": false,
    "gtin": [
      "15400141399704",
      "05400141399707",
      "15400141161431",
      "05400141161434"
    ],
    "topCategoryName": "Chips/Borrelhapjes",
    "topCategoryId": "306",
    "businessDomain": "RETAIL_BE",
    "IsPrivateLabel": true,
    "IsBiffe": false,
    "WeightconversionFactor": "0",
    "IsWeightArticle": false,
    "nutriscoreLabel": "E",
    "IsBio": false,
    "CountryOfOrigin": "INDONESIË",
    "IsExclusivelySoldInLuxembourg": false,
    "OrderUnit": "P",
    "ShortName": "BONI SW.CHI.KROEPOEK60",
    "IsNew": false,
    "EcoscoreLabel": "C",
    "RecentQuanityOfStockUnits": "1,12",
    "LongName": "BONI Sweet Chili kroepoek 60g",
    "AlcoholVolume": "0",
    "FicCode": "I",
    "EcoscoreValue": "56"
  },
  {
    "productId": "948",
    "technicalArticleNumber": "28893",
    "commercialArticleNumber": "28893",
    "name": "olijven Kalamon Grieks",
    "description": "*Zwart\n*Met pit\n*Griekenland",
    "brand": "BONI",
    "seoBrand": "Boni Selection",
    "thumbNail": "https://static.colruytgroup.com/images/200x200/std.lang.all/15/09/asset-2741509.jpg",
    "fullImage": "https://static.colruytgroup.com/images/500x500/std.lang.all/15/09/asset-2741509.jpg",
    "squareImage": "https://static.colruytgroup.com/images/500x500sq/std.lang.all/15/09/asset-2741509.jpg",
    "content": "200g",
    "walkRouteSequenceNumber": 7689,
    "price": {
      "basicPrice": 2.99,
      "recommendedQuantity": "1.0",
      "measurementUnitPrice": 14.95,
      "measurementUnit": "K",
      "isRedPrice": false,
      "pricePerUOM": 14.95,
      "activationDate": "01-03-2024",
      "recordSource": "Offline",
      "isPromoActive": "N",
      "priceChangeCode": "E"
    },
    "isAvailable": true,
    "isPriceAvailable": true,
    "inPromo": false,
    "gtin": [
      "05400141488081",
      "15400141440284",
      "05400141088144",
      "05400141302684",
      "05400141376661",
      "15400141302681",
      "05400141440287"
    ],
    "topCategoryName": "Chips/Borrelhapjes",
    "topCategoryId": "306",
    "businessDomain": "RETAIL_BE",
    "IsPrivateLabel": true,
    "IsBiffe": false,
    "WeightconversionFactor": "0",
    "IsWeightArticle": false,
    "nutriscoreLabel": "E",
    "IsBio": false,
    "CountryOfOrigin": "BELGIË",
    "IsExclusivelySoldInLuxembourg": false,
    "OrderUnit": "P",
    "ShortName": "BONI GRI.OL.KALAMON200G",
    "IsNew": false,
    "EcoscoreLabel": "A",
    "RecentQuanityOfStockUnits": "1",
    "LongName": "BONI olijven Kalamon Grieks 200g",
    "AlcoholVolume": "0",
    "FicCode": "I",
    "EcoscoreValue": "97"
  },
  {
    "productId": "547295",
    "technicalArticleNumber": "4175818",
    "commercialArticleNumber": "11675",
    "name": "Trio hummus",
    "description": "O.b.v. gegrilde rode\npaprika en zon-\ngedroogde tomaten",
    "brand": "BONI",
    "seoBrand": "Boni Selection",
    "thumbNail": "https://static.colruytgroup.com/images/200x200/std.lang.all/76/12/asset-2507612.jpg",
    "fullImage": "https://static.colruytgroup.com/images/500x500/std.lang.all/76/12/asset-2507612.jpg",
    "squareImage": "https://static.colruytgroup.com/images/500x500sq/std.lang.all/76/12/asset-2507612.jpg",
    "content": "210g",
    "walkRouteSequenceNumber": 7760,
    "price": {
      "basicPrice": 2.99,
      "recommendedQuantity": "1.0",
      "quantityPrice": 2.75,
      "quantityPriceQuantity": "3.0",
      "measurementUnitPrice": 14.24,
      "measurementUnitQuantityPrice": 13.1,
      "measurementUnit": "K",
      "isRedPrice": false,
      "pricePerUOM": 14.24,
      "activationDate": "23-02-2024",
      "isPromoActive": "N",
      "priceChangeCode": "E",
      "quantityPricePerUOM": 13.1,
      "quantityActivationDate": "23-02-2024",
      "quantityPriceChangeCode": "E"
    },
    "isAvailable": true,
    "isPriceAvailable": true,
    "inPromo": false,
    "gtin": [
      "05400141326109",
      "05400141572124",
      "15400141572121"
    ],
    "topCategoryName": "Chips/Borrelhapjes",
    "topCategoryId": "306",
    "businessDomain": "RETAIL_BE",
    "IsPrivateLabel": true,
    "IsBiffe": false,
    "WeightconversionFactor": "0",
    "IsWeightArticle": false,
    "nutriscoreLabel": "C",
    "IsBio": false,
    "CountryOfOrigin": "BELGIË",
    "IsExclusivelySoldInLuxembourg": false,
    "OrderUnit": "P",
    "ShortName": "BONI TRIO HUMMUS 210G",
    "IsNew": false,
    "EcoscoreLabel": "B",
    "RecentQuanityOfStockUnits": "1",
    "LongName": "BONI Trio hummus 210g",
    "FicCode": "I",
    "EcoscoreValue": "72"
  },
  {
    "productId": "2196",
    "technicalArticleNumber": "28898",
    "commercialArticleNumber": "28898",
    "name": "groene olijven pikant",
    "description": "*Groen\n*Ontpit\n*Griekenland\n*Met pikante saus",
    "brand": "BONI",
    "seoBrand": "Boni Selection",
    "thumbNail": "https://static.colruytgroup.com/images/200x200/std.lang.all/16/11/asset-2741611.jpg",
    "fullImage": "https://static.colruytgroup.com/images/500x500/std.lang.all/16/11/asset-2741611.jpg",
    "squareImage": "https://static.colruytgroup.com/images/500x500sq/std.lang.all/16/11/asset-2741611.jpg",
    "content": "150g",
    "walkRouteSequenceNumber": 7683,
    "price": {
      "basicPrice": 2.89,
      "recommendedQuantity": "1.0",
      "measurementUnitPrice": 19.27,
      "measurementUnit": "K",
      "isRedPrice": false,
      "pricePerUOM": 19.27,
      "activationDate": "14-11-2023",
      "recordSource": "Offline",
      "isPromoActive": "N",
      "priceChangeCode": "E"
    },
    "isAvailable": true,
    "isPriceAvailable": true,
    "inPromo": false,
    "gtin": [
      "15400141987482",
      "05400141488098",
      "05400141089059",
      "05400141090666",
      "15400141089056",
      "05400141406252",
      "05400141938043"
    ],
    "topCategoryName": "Chips/Borrelhapjes",
    "topCategoryId": "306",
    "businessDomain": "RETAIL_BE",
    "IsPrivateLabel": true,
    "IsBiffe": false,
    "WeightconversionFactor": "0",
    "IsWeightArticle": false,
    "nutriscoreLabel": "C",
    "IsBio": false,
    "CountryOfOrigin": "BELGIË",
    "IsExclusivelySoldInLuxembourg": false,
    "OrderUnit": "P",
    "ShortName": "BONI GR.OLIJF PIK.150G",
    "IsNew": false,
    "EcoscoreLabel": "A",
    "RecentQuanityOfStockUnits": "1",
    "LongName": "BONI groene olijven pikant 150g",
    "AlcoholVolume": "0",
    "FicCode": "I",
    "EcoscoreValue": "96"
  },
  {
    "productId": "741325",
    "technicalArticleNumber": "4506178",
    "commercialArticleNumber": "27953",
    "name": "Flippies Cheese XXL",
    "brand": "CHIO",
    "seoBrand": "Chio Flippies",
    "thumbNail": "https://static.colruytgroup.com/images/200x200/std.lang.all/29/56/asset-2662956.jpg",
    "fullImage": "https://static.colruytgroup.com/images/500x500/std.lang.all/29/56/asset-2662956.jpg",
    "squareImage": "https://static.colruytgroup.com/images/500x500sq/std.lang.all/29/56/asset-2662956.jpg",
    "content": "115g",
    "walkRouteSequenceNumber": 4737,
    "price": {
      "basicPrice": 1.99,
      "recommendedQuantity": "1.0",
      "measurementUnitPrice": 17.31,
      "measurementUnit": "K",
      "isRedPrice": false,
      "pricePerUOM": 17.31,
      "activationDate": "14-02-2024",
      "isPromoActive": "N",
      "priceChangeCode": "E"
    },
    "isAvailable": true,
    "isPriceAvailable": true,
    "inPromo": false,
    "gtin": [
      "08710532471262",
      "08710532436872",
      "08710532436865"
    ],
    "topCategoryName": "Chips/Borrelhapjes",
    "topCategoryId": "306",
    "businessDomain": "RETAIL_BE",
    "IsPrivateLabel": false,
    "IsBiffe": false,
    "WeightconversionFactor": "0",
    "IsWeightArticle": false,
    "nutriscoreLabel": "D",
    "IsBio": false,
    "CountryOfOrigin": "NEDERLAND",
    "IsExclusivelySoldInLuxembourg": false,
    "OrderUnit": "P",
    "ShortName": "CHIO FLIP.CHEESE XXL115",
    "IsNew": false,
    "EcoscoreLabel": "B",
    "RecentQuanityOfStockUnits": "1,24",
    "LongName": "CHIO Flippies Cheese XXL 115g",
    "FicCode": "E",
    "EcoscoreValue": "67"
  },
  {
    "productId": "659186",
    "technicalArticleNumber": "4362525",
    "commercialArticleNumber": "24066",
    "name": "crispy balls paprika",
    "brand": "CRROXX",
    "seoBrand": "Crroxx",
    "thumbNail": "https://static.colruytgroup.com/images/200x200/std.lang.all/06/63/asset-2350663.jpg",
    "fullImage": "https://static.colruytgroup.com/images/500x500/std.lang.all/06/63/asset-2350663.jpg",
    "squareImage": "https://static.colruytgroup.com/images/500x500sq/std.lang.all/06/63/asset-2350663.jpg",
    "content": "200g",
    "walkRouteSequenceNumber": 4468,
    "price": {
      "basicPrice": 2.25,
      "recommendedQuantity": "1.0",
      "measurementUnitPrice": 11.25,
      "measurementUnit": "K",
      "isRedPrice": false,
      "pricePerUOM": 11.25,
      "activationDate": "13-12-2023",
      "isPromoActive": "N",
      "priceChangeCode": "E"
    },
    "isAvailable": true,
    "isPriceAvailable": true,
    "inPromo": false,
    "gtin": [
      "15430001603009",
      "05430001603002"
    ],
    "topCategoryName": "Chips/Borrelhapjes",
    "topCategoryId": "306",
    "businessDomain": "RETAIL_BE",
    "IsPrivateLabel": false,
    "IsBiffe": false,
    "WeightconversionFactor": "0",
    "IsWeightArticle": false,
    "nutriscoreLabel": "D",
    "IsBio": false,
    "CountryOfOrigin": "SPANJE",
    "IsExclusivelySoldInLuxembourg": false,
    "OrderUnit": "P",
    "ShortName": "CRRO CRIS.BALLS PAPR200",
    "IsNew": false,
    "EcoscoreLabel": "A",
    "RecentQuanityOfStockUnits": "1",
    "LongName": "CRROXX crispy balls paprika 200g",
    "FicCode": "E",
    "EcoscoreValue": "87"
  },
  {
    "productId": "779190",
    "technicalArticleNumber": "4573130",
    "commercialArticleNumber": "28618",
    "name": "strong chili & lime",
    "brand": "LAY'S MAX",
    "seoBrand": "Lay's Max",
    "thumbNail": "https://static.colruytgroup.com/images/200x200/std.lang.all/87/29/asset-3248729.jpg",
    "fullImage": "https://static.colruytgroup.com/images/500x500/std.lang.all/87/29/asset-3248729.jpg",
    "squareImage": "https://static.colruytgroup.com/images/500x500sq/std.lang.all/87/29/asset-3248729.jpg",
    "content": "150g",
    "walkRouteSequenceNumber": 4465,
    "price": {
      "basicPrice": 1.89,
      "recommendedQuantity": "1.0",
      "measurementUnitPrice": 12.6,
      "measurementUnit": "K",
      "isRedPrice": false,
      "pricePerUOM": 12.6,
      "activationDate": "19-02-2024",
      "recordSource": "Offline",
      "isPromoActive": "N",
      "priceChangeCode": "E"
    },
    "isAvailable": true,
    "isPriceAvailable": true,
    "inPromo": true,
    "promotion": [
      {
        "techPromoId": "100901COLR",
        "promotionId": "100901",
        "promotionType": "3",
        "isPersonalized": "N",
        "publicationStartDate": "13-03-2024",
        "publicationEndDate": "26-03-2024"
      }
    ],
    "gtin": [
      "08710398524775",
      "08710398524782"
    ],
    "topCategoryName": "Chips/Borrelhapjes",
    "topCategoryId": "306",
    "businessDomain": "RETAIL_BE",
    "IsPrivateLabel": false,
    "IsBiffe": false,
    "WeightconversionFactor": "0",
    "IsWeightArticle": false,
    "nutriscoreLabel": "D",
    "IsBio": false,
    "CountryOfOrigin": "PORTUGAL",
    "IsExclusivelySoldInLuxembourg": false,
    "OrderUnit": "P",
    "ShortName": "LAYS MAX ST.CH&LIME 150",
    "IsNew": false,
    "RecentQuanityOfStockUnits": "1,9",
    "LongName": "LAY'S MAX strong chili & lime 150g",
    "FicCode": "E"
  },
  {
    "productId": "755818",
    "technicalArticleNumber": "4530669",
    "commercialArticleNumber": "8169",
    "name": "Halfgedroogde tomaat olie",
    "brand": "BONI",
    "seoBrand": "Boni Selection",
    "thumbNail": "https://static.colruytgroup.com/images/200x200/std.lang.all/75/38/asset-2727538.jpg",
    "fullImage": "https://static.colruytgroup.com/images/500x500/std.lang.all/75/38/asset-2727538.jpg",
    "squareImage": "https://static.colruytgroup.com/images/500x500sq/std.lang.all/75/38/asset-2727538.jpg",
    "content": "470g",
    "walkRouteSequenceNumber": 7668,
    "price": {
      "basicPrice": 6.99,
      "recommendedQuantity": "1.0",
      "quantityPrice": 6.43,
      "quantityPriceQuantity": "3.0",
      "measurementUnitPrice": 14.88,
      "measurementUnitQuantityPrice": 13.69,
      "measurementUnit": "K",
      "isRedPrice": false,
      "pricePerUOM": 14.88,
      "activationDate": "02-11-2022",
      "isPromoActive": "N",
      "priceChangeCode": "E",
      "quantityPricePerUOM": 13.69,
      "quantityActivationDate": "02-11-2022",
      "quantityPriceChangeCode": "H"
    },
    "isAvailable": true,
    "isPriceAvailable": true,
    "inPromo": false,
    "gtin": [
      "15400141474760",
      "05400141474763"
    ],
    "topCategoryName": "Chips/Borrelhapjes",
    "topCategoryId": "306",
    "businessDomain": "RETAIL_BE",
    "IsPrivateLabel": true,
    "IsBiffe": false,
    "WeightconversionFactor": "0",
    "IsWeightArticle": false,
    "nutriscoreLabel": "C",
    "IsBio": false,
    "CountryOfOrigin": "FRANKRIJK",
    "IsExclusivelySoldInLuxembourg": false,
    "OrderUnit": "P",
    "ShortName": "BONI HALFGEDR. TOMA470G",
    "IsNew": false,
    "EcoscoreLabel": "E",
    "RecentQuanityOfStockUnits": "1,6",
    "LongName": "BONI Halfgedroogde tomaat olie 470g",
    "FicCode": "I",
    "EcoscoreValue": "0"
  },
  {
    "productId": "659201",
    "technicalArticleNumber": "4362540",
    "commercialArticleNumber": "24069",
    "name": "classic sweet&salt popcorn",
    "brand": "JIMMY'S",
    "seoBrand": "Jimmy's",
    "thumbNail": "https://static.colruytgroup.com/images/200x200/std.lang.all/65/21/asset-3256521.jpg",
    "fullImage": "https://static.colruytgroup.com/images/500x500/std.lang.all/65/21/asset-3256521.jpg",
    "squareImage": "https://static.colruytgroup.com/images/500x500sq/std.lang.all/65/21/asset-3256521.jpg",
    "content": "100g",
    "walkRouteSequenceNumber": 4788,
    "price": {
      "basicPrice": 1.69,
      "recommendedQuantity": "1.0",
      "measurementUnitPrice": 16.9,
      "measurementUnit": "K",
      "isRedPrice": false,
      "pricePerUOM": 16.9,
      "activationDate": "05-03-2024",
      "recordSource": "Offline",
      "isPromoActive": "N",
      "priceChangeCode": "H"
    },
    "isAvailable": true,
    "isPriceAvailable": true,
    "inPromo": false,
    "gtin": [
      "08713276011329",
      "08713276111326"
    ],
    "topCategoryName": "Chips/Borrelhapjes",
    "topCategoryId": "306",
    "businessDomain": "RETAIL_BE",
    "IsPrivateLabel": false,
    "IsBiffe": false,
    "WeightconversionFactor": "0",
    "IsWeightArticle": false,
    "IsBio": false,
    "CountryOfOrigin": "NEDERLAND",
    "IsExclusivelySoldInLuxembourg": false,
    "OrderUnit": "P",
    "ShortName": "JIMM CL.SW&SALT POPC100",
    "IsNew": false,
    "RecentQuanityOfStockUnits": "1,12",
    "LongName": "JIMMY'S classic sweet&salt popcorn 100g",
    "FicCode": "E"
  },
  {
    "productId": "187099",
    "technicalArticleNumber": "3452482",
    "commercialArticleNumber": "31782",
    "name": "Chunky dip&mix",
    "description": "*Nederland\n*Mengeling van\ntomaten, cashewnoten\nbasilicum",
    "brand": "BONI",
    "seoBrand": "Boni Selection",
    "thumbNail": "https://static.colruytgroup.com/images/200x200/std.lang.all/30/37/asset-2353037.jpg",
    "fullImage": "https://static.colruytgroup.com/images/500x500/std.lang.all/30/37/asset-2353037.jpg",
    "squareImage": "https://static.colruytgroup.com/images/500x500sq/std.lang.all/30/37/asset-2353037.jpg",
    "walkRouteSequenceNumber": 7768,
    "price": {
      "basicPrice": 2.99,
      "recommendedQuantity": "1.0",
      "quantityPrice": 2.87,
      "quantityPriceQuantity": "3.0",
      "measurementUnitPrice": 19.94,
      "measurementUnitQuantityPrice": 19.14,
      "measurementUnit": "K",
      "isRedPrice": false,
      "pricePerUOM": 19.94,
      "activationDate": "17-11-2023",
      "isPromoActive": "N",
      "priceChangeCode": "E",
      "quantityPricePerUOM": 19.14,
      "quantityActivationDate": "17-11-2023",
      "quantityPriceChangeCode": "E"
    },
    "isAvailable": true,
    "isPriceAvailable": true,
    "inPromo": false,
    "gtin": [
      "15400141826163",
      "05400141442533",
      "15400141442530",
      "05400141209792",
      "05400141376753",
      "05400141351736"
    ],
    "topCategoryName": "Chips/Borrelhapjes",
    "topCategoryId": "306",
    "businessDomain": "RETAIL_BE",
    "IsPrivateLabel": true,
    "IsBiffe": false,
    "WeightconversionFactor": "0",
    "IsWeightArticle": false,
    "nutriscoreLabel": "D",
    "IsBio": false,
    "CountryOfOrigin": "BELGIË",
    "IsExclusivelySoldInLuxembourg": false,
    "OrderUnit": "P",
    "ShortName": "BONI CHUNCKY DIP EN MIX",
    "IsNew": false,
    "EcoscoreLabel": "B",
    "RecentQuanityOfStockUnits": "1",
    "LongName": "BONI Chunky dip&mix",
    "AlcoholVolume": "0",
    "FicCode": "I",
    "EcoscoreValue": "74"
  },
  {
    "productId": "534327",
    "technicalArticleNumber": "4128909",
    "commercialArticleNumber": "9421",
    "name": "tapenade sweet pepper",
    "brand": "BONI",
    "seoBrand": "Boni Selection",
    "thumbNail": "https://static.colruytgroup.com/images/200x200/std.lang.all/85/19/asset-2508519.jpg",
    "fullImage": "https://static.colruytgroup.com/images/500x500/std.lang.all/85/19/asset-2508519.jpg",
    "squareImage": "https://static.colruytgroup.com/images/500x500sq/std.lang.all/85/19/asset-2508519.jpg",
    "content": "150g",
    "walkRouteSequenceNumber": 6778,
    "price": {
      "basicPrice": 2.79,
      "recommendedQuantity": "1.0",
      "quantityPrice": 2.57,
      "quantityPriceQuantity": "3.0",
      "measurementUnitPrice": 18.6,
      "measurementUnitQuantityPrice": 17.14,
      "measurementUnit": "K",
      "isRedPrice": false,
      "pricePerUOM": 18.6,
      "activationDate": "17-11-2023",
      "isPromoActive": "N",
      "priceChangeCode": "E",
      "quantityPricePerUOM": 17.14,
      "quantityActivationDate": "17-11-2023",
      "quantityPriceChangeCode": "E"
    },
    "isAvailable": true,
    "isPriceAvailable": true,
    "inPromo": false,
    "gtin": [
      "15400141301721",
      "05400141301724",
      "05400141438574"
    ],
    "topCategoryName": "Chips/Borrelhapjes",
    "topCategoryId": "306",
    "businessDomain": "RETAIL_BE",
    "IsPrivateLabel": true,
    "IsBiffe": false,
    "WeightconversionFactor": "0",
    "IsWeightArticle": false,
    "nutriscoreLabel": "D",
    "IsBio": false,
    "CountryOfOrigin": "BELGIË",
    "IsExclusivelySoldInLuxembourg": false,
    "OrderUnit": "P",
    "ShortName": "BONI SW.PEP.TAPENA.150G",
    "IsNew": false,
    "EcoscoreLabel": "B",
    "RecentQuanityOfStockUnits": "1",
    "LongName": "BONI tapenade sweet pepper 150g",
    "FicCode": "I",
    "EcoscoreValue": "62"
  },
  {
    "productId": "886993",
    "technicalArticleNumber": "4746352",
    "commercialArticleNumber": "32722",
    "name": "Tubes sweet chili",
    "description": "*Smaak: sweet chili",
    "brand": "CROKY",
    "seoBrand": "Croky",
    "thumbNail": "https://static.colruytgroup.com/images/200x200/std.lang.all/41/80/asset-3284180.jpg",
    "fullImage": "https://static.colruytgroup.com/images/500x500/std.lang.all/41/80/asset-3284180.jpg",
    "squareImage": "https://static.colruytgroup.com/images/500x500sq/std.lang.all/41/80/asset-3284180.jpg",
    "content": "100g",
    "walkRouteSequenceNumber": 4782,
    "price": {
      "basicPrice": 1.79,
      "recommendedQuantity": "1.0",
      "measurementUnitPrice": 17.9,
      "measurementUnit": "K",
      "isRedPrice": false,
      "pricePerUOM": 17.9,
      "activationDate": "14-02-2024",
      "isPromoActive": "N",
      "priceChangeCode": "E"
    },
    "isAvailable": true,
    "isPriceAvailable": true,
    "inPromo": false,
    "gtin": [
      "05414359994678",
      "05414359794674"
    ],
    "topCategoryName": "Chips/Borrelhapjes",
    "topCategoryId": "306",
    "businessDomain": "RETAIL_BE",
    "IsPrivateLabel": false,
    "IsBiffe": false,
    "WeightconversionFactor": "0",
    "IsWeightArticle": false,
    "nutriscoreLabel": "E",
    "IsBio": false,
    "CountryOfOrigin": "BELGIË",
    "IsExclusivelySoldInLuxembourg": false,
    "OrderUnit": "P",
    "ShortName": "CROK TUBES SW.CHILI100G",
    "IsNew": false,
    "EcoscoreLabel": "B",
    "RecentQuanityOfStockUnits": "1,12",
    "LongName": "CROKY Tubes sweet chili 100g",
    "AlcoholVolume": "0",
    "FicCode": "E",
    "EcoscoreValue": "67"
  },
  {
    "productId": "567563",
    "technicalArticleNumber": "4210583",
    "commercialArticleNumber": "16202",
    "name": "tapenades trio classic",
    "description": "*Groene olijven,\ngegrilde paprika,\nzongedroogde tomaten,\nkappers",
    "brand": "BONI",
    "seoBrand": "Boni Selection",
    "thumbNail": "https://static.colruytgroup.com/images/200x200/std.lang.all/85/21/asset-2508521.jpg",
    "fullImage": "https://static.colruytgroup.com/images/500x500/std.lang.all/85/21/asset-2508521.jpg",
    "squareImage": "https://static.colruytgroup.com/images/500x500sq/std.lang.all/85/21/asset-2508521.jpg",
    "content": "210g",
    "walkRouteSequenceNumber": 6776,
    "price": {
      "basicPrice": 2.89,
      "recommendedQuantity": "1.0",
      "quantityPrice": 2.77,
      "quantityPriceQuantity": "3.0",
      "measurementUnitPrice": 13.77,
      "measurementUnitQuantityPrice": 13.2,
      "measurementUnit": "K",
      "isRedPrice": false,
      "pricePerUOM": 13.77,
      "activationDate": "13-03-2024",
      "isPromoActive": "N",
      "priceChangeCode": "E",
      "quantityPricePerUOM": 13.2,
      "quantityActivationDate": "13-03-2024",
      "quantityPriceChangeCode": "H"
    },
    "isAvailable": true,
    "isPriceAvailable": true,
    "inPromo": false,
    "gtin": [
      "05400141345971",
      "05400141572155"
    ],
    "topCategoryName": "Chips/Borrelhapjes",
    "topCategoryId": "306",
    "businessDomain": "RETAIL_BE",
    "IsPrivateLabel": true,
    "IsBiffe": false,
    "WeightconversionFactor": "0",
    "IsWeightArticle": false,
    "nutriscoreLabel": "D",
    "IsBio": false,
    "CountryOfOrigin": "BELGIË",
    "IsExclusivelySoldInLuxembourg": false,
    "OrderUnit": "P",
    "ShortName": "BONI TAPEN.TRIO CLA210G",
    "IsNew": false,
    "EcoscoreLabel": "B",
    "RecentQuanityOfStockUnits": "1",
    "LongName": "BONI tapenades trio classic 210g",
    "FicCode": "I",
    "EcoscoreValue": "62"
  },
  {
    "productId": "658113",
    "technicalArticleNumber": "4360405",
    "commercialArticleNumber": "7800",
    "name": "popcorn zout",
    "brand": "JIMMY'S",
    "seoBrand": "Jimmy's",
    "thumbNail": "https://static.colruytgroup.com/images/200x200/std.lang.all/66/76/asset-2486676.jpg",
    "fullImage": "https://static.colruytgroup.com/images/500x500/std.lang.all/66/76/asset-2486676.jpg",
    "squareImage": "https://static.colruytgroup.com/images/500x500sq/std.lang.all/66/76/asset-2486676.jpg",
    "content": "100g",
    "walkRouteSequenceNumber": 4787,
    "price": {
      "basicPrice": 2.11,
      "recommendedQuantity": "1.0",
      "measurementUnitPrice": 21.1,
      "measurementUnit": "K",
      "isRedPrice": false,
      "pricePerUOM": 21.1,
      "activationDate": "13-03-2024",
      "recordSource": "Offline",
      "isPromoActive": "N",
      "priceChangeCode": "E"
    },
    "isAvailable": true,
    "isPriceAvailable": true,
    "inPromo": false,
    "gtin": [
      "08713276001030",
      "08713276211033"
    ],
    "topCategoryName": "Chips/Borrelhapjes",
    "topCategoryId": "306",
    "businessDomain": "RETAIL_BE",
    "IsPrivateLabel": false,
    "IsBiffe": false,
    "WeightconversionFactor": "0",
    "IsWeightArticle": false,
    "IsBio": false,
    "CountryOfOrigin": "NEDERLAND",
    "IsExclusivelySoldInLuxembourg": false,
    "OrderUnit": "P",
    "ShortName": "JIMM POPCORN ZOUT 100G",
    "IsNew": false,
    "RecentQuanityOfStockUnits": "1,21",
    "LongName": "JIMMY'S popcorn zout 100g",
    "FicCode": "E"
  },
  {
    "productId": "318817",
    "technicalArticleNumber": "3771256",
    "commercialArticleNumber": "16671",
    "name": "Partymix",
    "brand": "BONI",
    "seoBrand": "Boni Selection",
    "thumbNail": "https://static.colruytgroup.com/images/200x200/std.lang.all/17/57/asset-2641757.jpg",
    "fullImage": "https://static.colruytgroup.com/images/500x500/std.lang.all/17/57/asset-2641757.jpg",
    "squareImage": "https://static.colruytgroup.com/images/500x500sq/std.lang.all/17/57/asset-2641757.jpg",
    "content": "1kg",
    "walkRouteSequenceNumber": 4419,
    "price": {
      "basicPrice": 5.2,
      "recommendedQuantity": "1.0",
      "measurementUnitPrice": 5.2,
      "measurementUnit": "K",
      "isRedPrice": false,
      "pricePerUOM": 5.2,
      "activationDate": "17-01-2024",
      "isPromoActive": "N",
      "priceChangeCode": "E"
    },
    "isAvailable": true,
    "isPriceAvailable": true,
    "inPromo": false,
    "gtin": [
      "05400141162370",
      "05400141925333",
      "15400141385400",
      "05400141385403",
      "15400141162377",
      "15400141925330"
    ],
    "topCategoryName": "Chips/Borrelhapjes",
    "topCategoryId": "306",
    "businessDomain": "RETAIL_BE",
    "IsPrivateLabel": true,
    "IsBiffe": false,
    "WeightconversionFactor": "0",
    "IsWeightArticle": false,
    "nutriscoreLabel": "E",
    "IsBio": false,
    "CountryOfOrigin": "POLEN",
    "IsExclusivelySoldInLuxembourg": false,
    "OrderUnit": "P",
    "ShortName": "HC BONI PARTYMIX 1KG",
    "IsNew": false,
    "EcoscoreLabel": "B",
    "RecentQuanityOfStockUnits": "1,10",
    "LongName": "BONI Partymix 1kg",
    "AlcoholVolume": "0",
    "FicCode": "I",
    "EcoscoreValue": "72"
  },
  {
    "productId": "821356",
    "technicalArticleNumber": "4655105",
    "commercialArticleNumber": "28072",
    "name": "bâtons goudasmaak",
    "brand": "DELACRE",
    "seoBrand": "Delacre Bâtons",
    "thumbNail": "https://static.colruytgroup.com/images/200x200/std.lang.all/79/33/asset-3137933.jpg",
    "fullImage": "https://static.colruytgroup.com/images/500x500/std.lang.all/79/33/asset-3137933.jpg",
    "squareImage": "https://static.colruytgroup.com/images/500x500sq/std.lang.all/79/33/asset-3137933.jpg",
    "content": "75g",
    "walkRouteSequenceNumber": 4477,
    "price": {
      "basicPrice": 2.65,
      "recommendedQuantity": "1.0",
      "measurementUnitPrice": 35.34,
      "measurementUnit": "K",
      "isRedPrice": false,
      "pricePerUOM": 35.34,
      "activationDate": "13-03-2024",
      "recordSource": "Offline",
      "isPromoActive": "N",
      "priceChangeCode": "E"
    },
    "isAvailable": true,
    "isPriceAvailable": true,
    "inPromo": false,
    "gtin": [
      "03116430217462",
      "03116430530394",
      "03116430217257",
      "03116430530196"
    ],
    "topCategoryName": "Chips/Borrelhapjes",
    "topCategoryId": "306",
    "businessDomain": "RETAIL_BE",
    "IsPrivateLabel": false,
    "IsBiffe": false,
    "WeightconversionFactor": "0",
    "IsWeightArticle": false,
    "nutriscoreLabel": "E",
    "IsBio": false,
    "CountryOfOrigin": "DUITSLAND",
    "IsExclusivelySoldInLuxembourg": false,
    "OrderUnit": "P",
    "ShortName": "DELA BATONS GOUDA 75G",
    "IsNew": false,
    "RecentQuanityOfStockUnits": "3,1",
    "LongName": "DELACRE bâtons goudasmaak 75g",
    "FicCode": "E"
  },
  {
    "productId": "601107",
    "technicalArticleNumber": "4267215",
    "commercialArticleNumber": "20579",
    "name": "rol",
    "brand": "BIFI",
    "seoBrand": "Bifi",
    "thumbNail": "https://static.colruytgroup.com/images/200x200/std.lang.all/97/31/asset-2139731.jpg",
    "fullImage": "https://static.colruytgroup.com/images/500x500/std.lang.all/97/31/asset-2139731.jpg",
    "squareImage": "https://static.colruytgroup.com/images/500x500sq/std.lang.all/97/31/asset-2139731.jpg",
    "content": "3x45g",
    "walkRouteSequenceNumber": 4597,
    "price": {
      "basicPrice": 2.31,
      "recommendedQuantity": "2.0",
      "measurementUnitPrice": 17.12,
      "measurementUnit": "K",
      "isRedPrice": false,
      "pricePerUOM": 17.12,
      "activationDate": "23-03-2024",
      "recordSource": "Folder",
      "isPromoActive": "N",
      "priceChangeCode": "E"
    },
    "isAvailable": true,
    "isPriceAvailable": true,
    "inPromo": false,
    "gtin": [
      "04251097418742",
      "65400141763340",
      "04251097409825",
      "04251097409818"
    ],
    "topCategoryName": "Chips/Borrelhapjes",
    "topCategoryId": "306",
    "businessDomain": "RETAIL_BE",
    "IsPrivateLabel": false,
    "IsBiffe": false,
    "WeightconversionFactor": "0",
    "IsWeightArticle": false,
    "nutriscoreLabel": "E",
    "IsBio": false,
    "CountryOfOrigin": "DUITSLAND",
    "IsExclusivelySoldInLuxembourg": false,
    "OrderUnit": "P",
    "ShortName": "BIFI ROL 3X45G",
    "IsNew": false,
    "EcoscoreLabel": "E",
    "RecentQuanityOfStockUnits": "1,10,2",
    "LongName": "BIFI rol 3x45g",
    "FicCode": "E",
    "EcoscoreValue": "15"
  },
  {
    "productId": "534322",
    "technicalArticleNumber": "4128904",
    "commercialArticleNumber": "9420",
    "name": "Hummus paprika chili",
    "brand": "BONI",
    "seoBrand": "Boni Selection",
    "thumbNail": "https://static.colruytgroup.com/images/200x200/std.lang.all/85/18/asset-2508518.jpg",
    "fullImage": "https://static.colruytgroup.com/images/500x500/std.lang.all/85/18/asset-2508518.jpg",
    "squareImage": "https://static.colruytgroup.com/images/500x500sq/std.lang.all/85/18/asset-2508518.jpg",
    "content": "150g",
    "walkRouteSequenceNumber": 7770,
    "price": {
      "basicPrice": 2.69,
      "recommendedQuantity": "1.0",
      "quantityPrice": 2.47,
      "quantityPriceQuantity": "3.0",
      "measurementUnitPrice": 17.94,
      "measurementUnitQuantityPrice": 16.47,
      "measurementUnit": "K",
      "isRedPrice": false,
      "pricePerUOM": 17.94,
      "activationDate": "28-11-2023",
      "isPromoActive": "N",
      "priceChangeCode": "H",
      "quantityPricePerUOM": 16.47,
      "quantityActivationDate": "28-11-2023",
      "quantityPriceChangeCode": "H"
    },
    "isAvailable": true,
    "isPriceAvailable": true,
    "inPromo": false,
    "gtin": [
      "15400141301714",
      "05400141301717",
      "05400141347098",
      "05400141438550"
    ],
    "topCategoryName": "Chips/Borrelhapjes",
    "topCategoryId": "306",
    "businessDomain": "RETAIL_BE",
    "IsPrivateLabel": true,
    "IsBiffe": false,
    "WeightconversionFactor": "0",
    "IsWeightArticle": false,
    "nutriscoreLabel": "C",
    "IsBio": false,
    "CountryOfOrigin": "BELGIË",
    "IsExclusivelySoldInLuxembourg": false,
    "OrderUnit": "P",
    "ShortName": "BONI HUM.PAPR.CHILI150G",
    "IsNew": false,
    "EcoscoreLabel": "B",
    "RecentQuanityOfStockUnits": "1",
    "LongName": "BONI Hummus paprika chili 150g",
    "FicCode": "I",
    "EcoscoreValue": "77"
  },
  {
    "productId": "844836",
    "technicalArticleNumber": "4690467",
    "commercialArticleNumber": "2179",
    "name": "groen.jalapeños schijfjes",
    "brand": "POCO LOCO",
    "seoBrand": "Poco Loco",
    "thumbNail": "https://static.colruytgroup.com/images/200x200/std.lang.all/37/17/asset-3233717.jpg",
    "fullImage": "https://static.colruytgroup.com/images/500x500/std.lang.all/37/17/asset-3233717.jpg",
    "squareImage": "https://static.colruytgroup.com/images/500x500sq/std.lang.all/37/17/asset-3233717.jpg",
    "content": "225g",
    "walkRouteSequenceNumber": 8659,
    "price": {
      "basicPrice": 2.29,
      "recommendedQuantity": "1.0",
      "measurementUnitPrice": 10.18,
      "measurementUnit": "K",
      "isRedPrice": false,
      "pricePerUOM": 10.18,
      "activationDate": "31-01-2024",
      "isPromoActive": "N",
      "priceChangeCode": "H"
    },
    "isAvailable": true,
    "isPriceAvailable": true,
    "inPromo": false,
    "gtin": [
      "05412514937188",
      "15412514937185"
    ],
    "topCategoryName": "Chips/Borrelhapjes",
    "topCategoryId": "306",
    "businessDomain": "RETAIL_BE",
    "IsPrivateLabel": false,
    "IsBiffe": false,
    "WeightconversionFactor": "0",
    "IsWeightArticle": false,
    "IsBio": false,
    "CountryOfOrigin": "BELGIË",
    "IsExclusivelySoldInLuxembourg": false,
    "OrderUnit": "P",
    "ShortName": "POLO GROEN.JALAPENOS225",
    "IsNew": false,
    "EcoscoreLabel": "E",
    "RecentQuanityOfStockUnits": "1",
    "LongName": "POCO LOCO groen.jalapeños schijfjes 225g",
    "AlcoholVolume": "0",
    "FicCode": "E",
    "EcoscoreValue": "2"
  },
  {
    "productId": "513726",
    "technicalArticleNumber": "4083334",
    "commercialArticleNumber": "7757",
    "name": "Aioli",
    "description": "*Knoflooksaus",
    "brand": "BONI",
    "seoBrand": "Boni Selection",
    "thumbNail": "https://static.colruytgroup.com/images/200x200/std.lang.all/72/30/asset-2407230.jpg",
    "fullImage": "https://static.colruytgroup.com/images/500x500/std.lang.all/72/30/asset-2407230.jpg",
    "squareImage": "https://static.colruytgroup.com/images/500x500sq/std.lang.all/72/30/asset-2407230.jpg",
    "content": "150g",
    "walkRouteSequenceNumber": 7765,
    "price": {
      "basicPrice": 1.96,
      "recommendedQuantity": "1.0",
      "quantityPrice": 1.8,
      "quantityPriceQuantity": "3.0",
      "measurementUnitPrice": 13.07,
      "measurementUnitQuantityPrice": 12,
      "measurementUnit": "K",
      "isRedPrice": false,
      "pricePerUOM": 13.07,
      "activationDate": "07-03-2024",
      "recordSource": "Offline",
      "isPromoActive": "N",
      "priceChangeCode": "H",
      "quantityPricePerUOM": 12,
      "quantityActivationDate": "07-03-2024",
      "quantityPriceChangeCode": "E"
    },
    "isAvailable": true,
    "isPriceAvailable": true,
    "inPromo": false,
    "gtin": [
      "05400141279887",
      "15400141279884",
      "15400141420897",
      "15400141740759",
      "05400141437843",
      "05400141740752",
      "15400141437840"
    ],
    "topCategoryName": "Chips/Borrelhapjes",
    "topCategoryId": "306",
    "businessDomain": "RETAIL_BE",
    "IsPrivateLabel": true,
    "IsBiffe": false,
    "WeightconversionFactor": "0",
    "IsWeightArticle": false,
    "nutriscoreLabel": "D",
    "IsBio": false,
    "CountryOfOrigin": "BELGIË",
    "IsExclusivelySoldInLuxembourg": false,
    "OrderUnit": "P",
    "ShortName": "BONI AIOLI 150G",
    "IsNew": false,
    "EcoscoreLabel": "D",
    "RecentQuanityOfStockUnits": "1",
    "LongName": "BONI Aioli 150g",
    "FicCode": "I",
    "EcoscoreValue": "29"
  },
  {
    "productId": "851104",
    "technicalArticleNumber": "4699027",
    "commercialArticleNumber": "30902",
    "name": "Po.Prot.Crps S&Bl.Pep.",
    "description": "*Popped chips\n*High proteine\n*Vegan\n*Gluten vrij",
    "brand": "GOOD & HONEST",
    "seoBrand": "Good & Honest Popped Protein Crisps",
    "thumbNail": "https://static.colruytgroup.com/images/200x200/std.lang.all/27/06/asset-3172706.jpg",
    "fullImage": "https://static.colruytgroup.com/images/500x500/std.lang.all/27/06/asset-3172706.jpg",
    "squareImage": "https://static.colruytgroup.com/images/500x500sq/std.lang.all/27/06/asset-3172706.jpg",
    "content": "85g",
    "walkRouteSequenceNumber": 4458,
    "price": {
      "basicPrice": 1.99,
      "recommendedQuantity": "1.0",
      "measurementUnitPrice": 23.42,
      "measurementUnit": "K",
      "isRedPrice": false,
      "pricePerUOM": 23.42,
      "activationDate": "24-12-2022",
      "isPromoActive": "N",
      "priceChangeCode": "E"
    },
    "isAvailable": true,
    "isPriceAvailable": true,
    "inPromo": false,
    "gtin": [
      "05060326870911",
      "05060326875183"
    ],
    "topCategoryName": "Chips/Borrelhapjes",
    "topCategoryId": "306",
    "businessDomain": "RETAIL_BE",
    "IsPrivateLabel": false,
    "IsBiffe": false,
    "WeightconversionFactor": "0",
    "IsWeightArticle": false,
    "IsBio": false,
    "CountryOfOrigin": "VERENIGD KONINKRIJK",
    "IsExclusivelySoldInLuxembourg": false,
    "OrderUnit": "P",
    "ShortName": "GOHO PO.PR.CR.S&BLP 85G",
    "IsNew": false,
    "RecentQuanityOfStockUnits": "1,8",
    "LongName": "GOOD & HONEST Po.Prot.Crps S&Bl.Pep. 85g",
    "FicCode": "E"
  },
  {
    "productId": "630162",
    "technicalArticleNumber": "4315685",
    "commercialArticleNumber": "6245",
    "name": "guacamole 300 g V",
    "brand": "BONI",
    "seoBrand": "Boni Selection",
    "thumbNail": "https://static.colruytgroup.com/images/200x200/std.lang.all/49/73/asset-2354973.jpg",
    "fullImage": "https://static.colruytgroup.com/images/500x500/std.lang.all/49/73/asset-2354973.jpg",
    "squareImage": "https://static.colruytgroup.com/images/500x500sq/std.lang.all/49/73/asset-2354973.jpg",
    "walkRouteSequenceNumber": 4776,
    "price": {
      "basicPrice": 1.59,
      "recommendedQuantity": "1.0",
      "measurementUnitPrice": 5.3,
      "measurementUnit": "K",
      "isRedPrice": false,
      "pricePerUOM": 5.3,
      "activationDate": "19-03-2024",
      "recordSource": "Offline",
      "isPromoActive": "N",
      "priceChangeCode": "E"
    },
    "isAvailable": true,
    "isPriceAvailable": true,
    "inPromo": false,
    "gtin": [
      "05400141469646",
      "15400141469643"
    ],
    "topCategoryName": "Chips/Borrelhapjes",
    "topCategoryId": "306",
    "businessDomain": "RETAIL_BE",
    "IsPrivateLabel": true,
    "IsBiffe": false,
    "WeightconversionFactor": "0",
    "IsWeightArticle": false,
    "nutriscoreLabel": "C",
    "IsBio": false,
    "CountryOfOrigin": "BELGIË",
    "IsExclusivelySoldInLuxembourg": false,
    "OrderUnit": "P",
    "ShortName": "BONI GUACAMOLE 300G",
    "IsNew": false,
    "EcoscoreLabel": "B",
    "RecentQuanityOfStockUnits": "1,12",
    "LongName": "BONI guacamole 300 g V",
    "FicCode": "I",
    "EcoscoreValue": "66"
  },
  {
    "productId": "382087",
    "technicalArticleNumber": "3841854",
    "commercialArticleNumber": "51283",
    "name": "vedettes snack tuinkruiden",
    "brand": "LASLO",
    "seoBrand": "Laslo",
    "thumbNail": "https://static.colruytgroup.com/images/200x200/std.lang.all/52/30/asset-1475230.jpg",
    "fullImage": "https://static.colruytgroup.com/images/500x500/std.lang.all/52/30/asset-1475230.jpg",
    "squareImage": "https://static.colruytgroup.com/images/500x500sq/std.lang.all/52/30/asset-1475230.jpg",
    "content": "300g",
    "walkRouteSequenceNumber": 4478,
    "price": {
      "basicPrice": 5.39,
      "recommendedQuantity": "1.0",
      "measurementUnitPrice": 17.97,
      "measurementUnit": "K",
      "isRedPrice": false,
      "pricePerUOM": 17.97,
      "activationDate": "14-11-2023",
      "isPromoActive": "N",
      "priceChangeCode": "E"
    },
    "isAvailable": true,
    "isPriceAvailable": true,
    "inPromo": false,
    "gtin": [
      "54105510002900",
      "05410551001800"
    ],
    "topCategoryName": "Chips/Borrelhapjes",
    "topCategoryId": "306",
    "businessDomain": "RETAIL_BE",
    "IsPrivateLabel": false,
    "IsBiffe": false,
    "WeightconversionFactor": "0",
    "IsWeightArticle": false,
    "nutriscoreLabel": "E",
    "IsBio": false,
    "CountryOfOrigin": "ISRAËL",
    "IsExclusivelySoldInLuxembourg": false,
    "OrderUnit": "P",
    "ShortName": "HC LASL VEDET.SNACK300G",
    "IsNew": false,
    "RecentQuanityOfStockUnits": "1,10",
    "LongName": "LASLO vedettes snack tuinkruiden 300g",
    "AlcoholVolume": "0",
    "FicCode": "E"
  },
  {
    "productId": "742569",
    "technicalArticleNumber": "4508715",
    "commercialArticleNumber": "28143",
    "name": "olijven zonder pit Hercules",
    "description": "*Groen\n*Ontpit\n*Griekenland\n*Met paprikapasta,\nkruidige marinade",
    "brand": "BONI",
    "seoBrand": "Boni Selection",
    "thumbNail": "https://static.colruytgroup.com/images/200x200/std.lang.all/51/55/asset-2855155.jpg",
    "fullImage": "https://static.colruytgroup.com/images/500x500/std.lang.all/51/55/asset-2855155.jpg",
    "squareImage": "https://static.colruytgroup.com/images/500x500sq/std.lang.all/51/55/asset-2855155.jpg",
    "content": "145g",
    "walkRouteSequenceNumber": 7679,
    "price": {
      "basicPrice": 2.89,
      "recommendedQuantity": "1.0",
      "quantityPrice": 2.66,
      "quantityPriceQuantity": "3.0",
      "measurementUnitPrice": 19.94,
      "measurementUnitQuantityPrice": 18.35,
      "measurementUnit": "K",
      "isRedPrice": false,
      "pricePerUOM": 19.94,
      "activationDate": "17-11-2023",
      "isPromoActive": "N",
      "priceChangeCode": "E",
      "quantityPricePerUOM": 18.35,
      "quantityActivationDate": "17-11-2023",
      "quantityPriceChangeCode": "E"
    },
    "isAvailable": true,
    "isPriceAvailable": true,
    "inPromo": false,
    "gtin": [
      "05400141991017"
    ],
    "topCategoryName": "Chips/Borrelhapjes",
    "topCategoryId": "306",
    "businessDomain": "RETAIL_BE",
    "IsPrivateLabel": true,
    "IsBiffe": false,
    "WeightconversionFactor": "0",
    "IsWeightArticle": false,
    "nutriscoreLabel": "C",
    "IsBio": false,
    "CountryOfOrigin": "GRIEKENLAND",
    "IsExclusivelySoldInLuxembourg": false,
    "OrderUnit": "P",
    "ShortName": "BONI GRO.GR.OLI.PAP145G",
    "IsNew": false,
    "EcoscoreLabel": "B",
    "RecentQuanityOfStockUnits": "1",
    "LongName": "BONI olijven zonder pit Hercules 145g",
    "AlcoholVolume": "0",
    "FicCode": "I",
    "EcoscoreValue": "75"
  },
  {
    "productId": "869904",
    "technicalArticleNumber": "4723343",
    "commercialArticleNumber": "19973",
    "name": "Olijven Pesto",
    "brand": "BONI",
    "seoBrand": "Boni Selection",
    "thumbNail": "https://static.colruytgroup.com/images/200x200/std.lang.all/91/66/asset-3329166.jpg",
    "fullImage": "https://static.colruytgroup.com/images/500x500/std.lang.all/91/66/asset-3329166.jpg",
    "squareImage": "https://static.colruytgroup.com/images/500x500sq/std.lang.all/91/66/asset-3329166.jpg",
    "content": "150g",
    "walkRouteSequenceNumber": 7653,
    "price": {
      "basicPrice": 2.86,
      "recommendedQuantity": "1.0",
      "quantityPrice": 2.63,
      "quantityPriceQuantity": "3.0",
      "measurementUnitPrice": 19.07,
      "measurementUnitQuantityPrice": 17.54,
      "measurementUnit": "K",
      "isRedPrice": false,
      "pricePerUOM": 19.07,
      "activationDate": "23-03-2024",
      "recordSource": "Offline",
      "isPromoActive": "N",
      "priceChangeCode": "H",
      "quantityPricePerUOM": 17.54,
      "quantityActivationDate": "23-03-2024",
      "quantityPriceChangeCode": "H"
    },
    "isAvailable": true,
    "isPriceAvailable": true,
    "inPromo": false,
    "gtin": [
      "15400141712695",
      "05400141712698"
    ],
    "topCategoryName": "Chips/Borrelhapjes",
    "topCategoryId": "306",
    "businessDomain": "RETAIL_BE",
    "IsPrivateLabel": true,
    "IsBiffe": false,
    "WeightconversionFactor": "0",
    "IsWeightArticle": false,
    "nutriscoreLabel": "C",
    "IsBio": false,
    "CountryOfOrigin": "BELGIË",
    "IsExclusivelySoldInLuxembourg": false,
    "OrderUnit": "P",
    "ShortName": "BONI OLIJVEN PESTO 150G",
    "IsNew": false,
    "EcoscoreLabel": "A",
    "RecentQuanityOfStockUnits": "1",
    "LongName": "BONI Olijven Pesto 150g",
    "FicCode": "I",
    "EcoscoreValue": "97"
  },
  {
    "productId": "288045",
    "technicalArticleNumber": "3687168",
    "commercialArticleNumber": "36223",
    "name": "dip zoete aardappel",
    "brand": "BONI",
    "seoBrand": "Boni Selection",
    "thumbNail": "https://static.colruytgroup.com/images/200x200/std.lang.all/68/24/asset-2706824.jpg",
    "fullImage": "https://static.colruytgroup.com/images/500x500/std.lang.all/68/24/asset-2706824.jpg",
    "squareImage": "https://static.colruytgroup.com/images/500x500sq/std.lang.all/68/24/asset-2706824.jpg",
    "content": "150g",
    "walkRouteSequenceNumber": 7764,
    "price": {
      "basicPrice": 2.59,
      "recommendedQuantity": "1.0",
      "quantityPrice": 2.38,
      "quantityPriceQuantity": "3.0",
      "measurementUnitPrice": 17.27,
      "measurementUnitQuantityPrice": 15.87,
      "measurementUnit": "K",
      "isRedPrice": false,
      "pricePerUOM": 17.27,
      "activationDate": "13-03-2024",
      "isPromoActive": "N",
      "priceChangeCode": "E",
      "quantityPricePerUOM": 15.87,
      "quantityActivationDate": "13-03-2024",
      "quantityPriceChangeCode": "E"
    },
    "isAvailable": true,
    "isPriceAvailable": true,
    "inPromo": false,
    "gtin": [
      "05400141212709",
      "05400141347173",
      "05400141444643"
    ],
    "topCategoryName": "Chips/Borrelhapjes",
    "topCategoryId": "306",
    "businessDomain": "RETAIL_BE",
    "IsPrivateLabel": true,
    "IsBiffe": false,
    "WeightconversionFactor": "0",
    "IsWeightArticle": false,
    "nutriscoreLabel": "C",
    "IsBio": false,
    "CountryOfOrigin": "BELGIË",
    "IsExclusivelySoldInLuxembourg": false,
    "OrderUnit": "P",
    "ShortName": "BS ZOET AARDAPPDIP 150G",
    "IsNew": false,
    "EcoscoreLabel": "B",
    "RecentQuanityOfStockUnits": "1,1",
    "LongName": "BONI dip zoete aardappel 150g",
    "AlcoholVolume": "0",
    "FicCode": "I",
    "EcoscoreValue": "79"
  },
  {
    "productId": "147209",
    "technicalArticleNumber": "3321363",
    "commercialArticleNumber": "31769",
    "name": "trio tapenade",
    "description": "*Sweetbite tapenade,\nkaastapenade en\nroomkaastapenade met\nzoete peper",
    "brand": "BONI",
    "seoBrand": "Boni Selection",
    "thumbNail": "https://static.colruytgroup.com/images/200x200/std.lang.all/32/56/asset-2943256.jpg",
    "fullImage": "https://static.colruytgroup.com/images/500x500/std.lang.all/32/56/asset-2943256.jpg",
    "squareImage": "https://static.colruytgroup.com/images/500x500sq/std.lang.all/32/56/asset-2943256.jpg",
    "content": "210g",
    "walkRouteSequenceNumber": 6791,
    "price": {
      "basicPrice": 2.99,
      "recommendedQuantity": "1.0",
      "quantityPrice": 2.75,
      "quantityPriceQuantity": "3.0",
      "measurementUnitPrice": 14.24,
      "measurementUnitQuantityPrice": 13.1,
      "measurementUnit": "K",
      "isRedPrice": false,
      "pricePerUOM": 14.24,
      "activationDate": "17-11-2023",
      "isPromoActive": "N",
      "priceChangeCode": "E",
      "quantityPricePerUOM": 13.1,
      "quantityActivationDate": "17-11-2023",
      "quantityPriceChangeCode": "E"
    },
    "isAvailable": true,
    "isPriceAvailable": true,
    "inPromo": false,
    "gtin": [
      "15400141351771",
      "15400141751373",
      "05400141442519",
      "05400141351774",
      "05400141272468",
      "05400141165791",
      "05400141751376",
      "15400141442516"
    ],
    "topCategoryName": "Chips/Borrelhapjes",
    "topCategoryId": "306",
    "businessDomain": "RETAIL_BE",
    "IsPrivateLabel": true,
    "IsBiffe": false,
    "WeightconversionFactor": "0",
    "IsWeightArticle": false,
    "nutriscoreLabel": "D",
    "IsBio": false,
    "CountryOfOrigin": "BELGIË",
    "IsExclusivelySoldInLuxembourg": false,
    "OrderUnit": "P",
    "ShortName": "BONI TRIO TAPENADE",
    "IsNew": false,
    "EcoscoreLabel": "C",
    "RecentQuanityOfStockUnits": "1",
    "LongName": "BONI trio tapenade 210g",
    "AlcoholVolume": "0",
    "FicCode": "I",
    "EcoscoreValue": "53"
  },
  {
    "productId": "765035",
    "technicalArticleNumber": "4545990",
    "commercialArticleNumber": "7566",
    "name": "Mezze",
    "brand": "BONI",
    "seoBrand": "Boni Selection",
    "thumbNail": "https://static.colruytgroup.com/images/200x200/std.lang.all/46/89/asset-2744689.jpg",
    "fullImage": "https://static.colruytgroup.com/images/500x500/std.lang.all/46/89/asset-2744689.jpg",
    "squareImage": "https://static.colruytgroup.com/images/500x500sq/std.lang.all/46/89/asset-2744689.jpg",
    "content": "370g",
    "walkRouteSequenceNumber": 6716,
    "price": {
      "basicPrice": 4.49,
      "recommendedQuantity": "1.0",
      "measurementUnitPrice": 12.14,
      "measurementUnit": "K",
      "isRedPrice": false,
      "pricePerUOM": 12.14,
      "activationDate": "17-11-2023",
      "isPromoActive": "N",
      "priceChangeCode": "E"
    },
    "isAvailable": true,
    "isPriceAvailable": true,
    "inPromo": false,
    "gtin": [
      "15400141771319",
      "15400141839941",
      "05400141771312",
      "05400141839944"
    ],
    "topCategoryName": "Chips/Borrelhapjes",
    "topCategoryId": "306",
    "businessDomain": "RETAIL_BE",
    "IsPrivateLabel": true,
    "IsBiffe": false,
    "WeightconversionFactor": "0",
    "IsWeightArticle": false,
    "nutriscoreLabel": "D",
    "IsBio": false,
    "CountryOfOrigin": "BELGIË",
    "IsExclusivelySoldInLuxembourg": false,
    "OrderUnit": "P",
    "ShortName": "BONI MEZZE 370G",
    "IsNew": false,
    "RecentQuanityOfStockUnits": "1",
    "LongName": "BONI Mezze 370g",
    "FicCode": "I"
  },
  {
    "productId": "350562",
    "technicalArticleNumber": "3857329",
    "commercialArticleNumber": "22014",
    "name": "Muhammara dip",
    "brand": "BONI",
    "seoBrand": "Boni Selection",
    "thumbNail": "https://static.colruytgroup.com/images/200x200/std.lang.all/28/63/asset-2352863.jpg",
    "fullImage": "https://static.colruytgroup.com/images/500x500/std.lang.all/28/63/asset-2352863.jpg",
    "squareImage": "https://static.colruytgroup.com/images/500x500sq/std.lang.all/28/63/asset-2352863.jpg",
    "content": "200g",
    "walkRouteSequenceNumber": 7767,
    "price": {
      "basicPrice": 2.99,
      "recommendedQuantity": "1.0",
      "quantityPrice": 2.75,
      "quantityPriceQuantity": "3.0",
      "measurementUnitPrice": 14.95,
      "measurementUnitQuantityPrice": 13.75,
      "measurementUnit": "K",
      "isRedPrice": false,
      "pricePerUOM": 14.95,
      "activationDate": "02-11-2022",
      "isPromoActive": "N",
      "priceChangeCode": "E",
      "quantityPricePerUOM": 13.75,
      "quantityActivationDate": "02-11-2022",
      "quantityPriceChangeCode": "H"
    },
    "isAvailable": true,
    "isPriceAvailable": true,
    "inPromo": false,
    "gtin": [
      "15400141637462",
      "15400141440260",
      "05400141440263",
      "05400141637465",
      "15400141354468",
      "05400141354461",
      "15400141226888",
      "05400141226881"
    ],
    "topCategoryName": "Chips/Borrelhapjes",
    "topCategoryId": "306",
    "businessDomain": "RETAIL_BE",
    "IsPrivateLabel": true,
    "IsBiffe": false,
    "WeightconversionFactor": "0",
    "IsWeightArticle": false,
    "nutriscoreLabel": "C",
    "IsBio": false,
    "CountryOfOrigin": "NEDERLAND",
    "IsExclusivelySoldInLuxembourg": false,
    "OrderUnit": "P",
    "ShortName": "BONI MUHAMMARA DIP 200G",
    "IsNew": false,
    "EcoscoreLabel": "B",
    "RecentQuanityOfStockUnits": "1",
    "LongName": "BONI Muhammara dip 200g",
    "AlcoholVolume": "0",
    "FicCode": "I",
    "EcoscoreValue": "70"
  },
  {
    "productId": "268966",
    "technicalArticleNumber": "3643930",
    "commercialArticleNumber": "17231",
    "name": "Sea Salt",
    "brand": "KETTLE VEG CHIPS",
    "seoBrand": "Kettle Veg Chips",
    "thumbNail": "https://static.colruytgroup.com/images/200x200/std.lang.all/49/39/asset-2684939.jpg",
    "fullImage": "https://static.colruytgroup.com/images/500x500/std.lang.all/49/39/asset-2684939.jpg",
    "squareImage": "https://static.colruytgroup.com/images/500x500sq/std.lang.all/49/39/asset-2684939.jpg",
    "content": "100g",
    "walkRouteSequenceNumber": 4454,
    "price": {
      "basicPrice": 2.19,
      "recommendedQuantity": "1.0",
      "measurementUnitPrice": 21.9,
      "measurementUnit": "K",
      "isRedPrice": false,
      "pricePerUOM": 21.9,
      "activationDate": "14-11-2023",
      "isPromoActive": "N",
      "priceChangeCode": "E"
    },
    "isAvailable": true,
    "isPriceAvailable": true,
    "inPromo": false,
    "gtin": [
      "05017764900410",
      "05017764900427"
    ],
    "topCategoryName": "Chips/Borrelhapjes",
    "topCategoryId": "306",
    "businessDomain": "RETAIL_BE",
    "IsPrivateLabel": false,
    "IsBiffe": false,
    "WeightconversionFactor": "0",
    "IsWeightArticle": false,
    "nutriscoreLabel": "D",
    "IsBio": false,
    "CountryOfOrigin": "BELGIË",
    "IsExclusivelySoldInLuxembourg": false,
    "OrderUnit": "P",
    "ShortName": "KETTLE VEGETA CHIPS100G",
    "IsNew": false,
    "EcoscoreLabel": "B",
    "RecentQuanityOfStockUnits": "1,10",
    "LongName": "KETTLE VEG CHIPS Sea Salt 100g",
    "AlcoholVolume": "0",
    "FicCode": "E",
    "EcoscoreValue": "67"
  },
  {
    "productId": "7211",
    "technicalArticleNumber": "1179815",
    "commercialArticleNumber": "2940",
    "name": "kaaskoekjes oude Gouda bio",
    "brand": "BUITEMAN",
    "seoBrand": "Buiteman",
    "thumbNail": "https://static.colruytgroup.com/images/200x200/std.lang.all/66/42/asset-1776642.jpg",
    "fullImage": "https://static.colruytgroup.com/images/500x500/std.lang.all/66/42/asset-1776642.jpg",
    "squareImage": "https://static.colruytgroup.com/images/500x500sq/std.lang.all/66/42/asset-1776642.jpg",
    "content": "125g",
    "walkRouteSequenceNumber": 4479,
    "price": {
      "basicPrice": 3.29,
      "recommendedQuantity": "1.0",
      "measurementUnitPrice": 26.32,
      "measurementUnit": "K",
      "isRedPrice": false,
      "pricePerUOM": 26.32,
      "activationDate": "03-01-2024",
      "isPromoActive": "N",
      "priceChangeCode": "H"
    },
    "isAvailable": true,
    "isPriceAvailable": true,
    "inPromo": false,
    "gtin": [
      "08710873002088",
      "08710873002095"
    ],
    "topCategoryName": "Chips/Borrelhapjes",
    "topCategoryId": "306",
    "businessDomain": "RETAIL_BE",
    "IsPrivateLabel": false,
    "IsBiffe": false,
    "WeightconversionFactor": "0",
    "IsWeightArticle": false,
    "nutriscoreLabel": "E",
    "IsBio": true,
    "CountryOfOrigin": "BELGIË",
    "IsExclusivelySoldInLuxembourg": false,
    "OrderUnit": "P",
    "ShortName": "UB BIO BU.KAASK.GOU125G",
    "IsNew": false,
    "EcoscoreLabel": "B",
    "RecentQuanityOfStockUnits": "1",
    "LongName": "BUITEMAN kaaskoekjes oude Gouda bio 125g",
    "AlcoholVolume": "0",
    "FicCode": "E",
    "EcoscoreValue": "76"
  },
  {
    "productId": "867527",
    "technicalArticleNumber": "4720471",
    "commercialArticleNumber": "12144",
    "name": "Bicky",
    "description": "*Bicky burger smaak",
    "brand": "CROKY",
    "seoBrand": "Croky",
    "thumbNail": "https://static.colruytgroup.com/images/200x200/std.lang.all/97/56/asset-3249756.jpg",
    "fullImage": "https://static.colruytgroup.com/images/500x500/std.lang.all/97/56/asset-3249756.jpg",
    "squareImage": "https://static.colruytgroup.com/images/500x500sq/std.lang.all/97/56/asset-3249756.jpg",
    "content": "175g",
    "walkRouteSequenceNumber": 4657,
    "price": {
      "basicPrice": 2.14,
      "recommendedQuantity": "1.0",
      "measurementUnitPrice": 12.23,
      "measurementUnit": "K",
      "isRedPrice": false,
      "pricePerUOM": 12.23,
      "activationDate": "23-03-2024",
      "recordSource": "Online",
      "isPromoActive": "N",
      "priceChangeCode": "E"
    },
    "isAvailable": true,
    "isPriceAvailable": true,
    "inPromo": false,
    "gtin": [
      "05414359931758",
      "05414359731754"
    ],
    "topCategoryName": "Chips/Borrelhapjes",
    "topCategoryId": "306",
    "businessDomain": "RETAIL_BE",
    "IsPrivateLabel": false,
    "IsBiffe": false,
    "WeightconversionFactor": "0",
    "IsWeightArticle": false,
    "nutriscoreLabel": "D",
    "IsBio": false,
    "CountryOfOrigin": "BELGIË",
    "IsExclusivelySoldInLuxembourg": false,
    "OrderUnit": "P",
    "ShortName": "CROK CHIPS BICKY175G",
    "IsNew": false,
    "EcoscoreLabel": "B",
    "RecentQuanityOfStockUnits": "1,9",
    "LongName": "CROKY Bicky 175g",
    "AlcoholVolume": "0",
    "FicCode": "E",
    "EcoscoreValue": "67"
  },
  {
    "productId": "780214",
    "technicalArticleNumber": "4574787",
    "commercialArticleNumber": "28750",
    "name": "chips bolognese",
    "brand": "CROKY",
    "seoBrand": "Croky",
    "thumbNail": "https://static.colruytgroup.com/images/200x200/std.lang.all/25/61/asset-2822561.jpg",
    "fullImage": "https://static.colruytgroup.com/images/500x500/std.lang.all/25/61/asset-2822561.jpg",
    "squareImage": "https://static.colruytgroup.com/images/500x500sq/std.lang.all/25/61/asset-2822561.jpg",
    "content": "45g",
    "walkRouteSequenceNumber": 4628,
    "price": {
      "basicPrice": 0.84,
      "recommendedQuantity": "1.0",
      "measurementUnitPrice": 18.67,
      "measurementUnit": "K",
      "isRedPrice": false,
      "pricePerUOM": 18.67,
      "activationDate": "23-08-2023",
      "isPromoActive": "N",
      "priceChangeCode": "E"
    },
    "isAvailable": true,
    "isPriceAvailable": true,
    "inPromo": false,
    "gtin": [
      "05414359910425",
      "05414359710421"
    ],
    "topCategoryName": "Chips/Borrelhapjes",
    "topCategoryId": "306",
    "businessDomain": "RETAIL_BE",
    "IsPrivateLabel": false,
    "IsBiffe": false,
    "WeightconversionFactor": "0",
    "IsWeightArticle": false,
    "nutriscoreLabel": "D",
    "IsBio": false,
    "CountryOfOrigin": "BELGIË",
    "IsExclusivelySoldInLuxembourg": false,
    "OrderUnit": "P",
    "ShortName": "CROK CHIPS BOLOGNESE45G",
    "IsNew": false,
    "EcoscoreLabel": "B",
    "RecentQuanityOfStockUnits": "1,20",
    "LongName": "CROKY chips bolognese 45g",
    "FicCode": "E",
    "EcoscoreValue": "79"
  },
  {
    "productId": "865578",
    "technicalArticleNumber": "4717768",
    "commercialArticleNumber": "3993",
    "name": "Trio Mediterraans",
    "brand": "BONI",
    "seoBrand": "Boni Selection",
    "thumbNail": "https://static.colruytgroup.com/images/200x200/std.lang.all/95/85/asset-3199585.jpg",
    "fullImage": "https://static.colruytgroup.com/images/500x500/std.lang.all/95/85/asset-3199585.jpg",
    "squareImage": "https://static.colruytgroup.com/images/500x500sq/std.lang.all/95/85/asset-3199585.jpg",
    "content": "180g",
    "walkRouteSequenceNumber": 7655,
    "price": {
      "basicPrice": 2.99,
      "recommendedQuantity": "1.0",
      "quantityPrice": 2.87,
      "quantityPriceQuantity": "3.0",
      "measurementUnitPrice": 16.62,
      "measurementUnitQuantityPrice": 15.95,
      "measurementUnit": "K",
      "isRedPrice": false,
      "pricePerUOM": 16.62,
      "activationDate": "27-04-2023",
      "isPromoActive": "N",
      "priceChangeCode": "E",
      "quantityPricePerUOM": 15.95,
      "quantityActivationDate": "27-04-2023",
      "quantityPriceChangeCode": "E"
    },
    "isAvailable": true,
    "isPriceAvailable": true,
    "inPromo": false,
    "gtin": [
      "05400141443646"
    ],
    "topCategoryName": "Chips/Borrelhapjes",
    "topCategoryId": "306",
    "businessDomain": "RETAIL_BE",
    "IsPrivateLabel": true,
    "IsBiffe": false,
    "WeightconversionFactor": "0",
    "IsWeightArticle": false,
    "nutriscoreLabel": "D",
    "IsBio": false,
    "CountryOfOrigin": "BELGIË",
    "IsExclusivelySoldInLuxembourg": false,
    "OrderUnit": "P",
    "ShortName": "BONI TRIO MEDITER.180G",
    "IsNew": false,
    "EcoscoreLabel": "D",
    "RecentQuanityOfStockUnits": "1",
    "LongName": "BONI Trio Mediterraans 180g",
    "FicCode": "I",
    "EcoscoreValue": "38"
  },
  {
    "productId": "851075",
    "technicalArticleNumber": "4698992",
    "commercialArticleNumber": "30895",
    "name": "Popped Crisps Sw.Barb.",
    "description": "*Popped chips\n*Vegan\n*Gluten vrij",
    "brand": "GOOD & HONEST",
    "seoBrand": "Good & Honest Popped Crisps",
    "thumbNail": "https://static.colruytgroup.com/images/200x200/std.lang.all/28/01/asset-3172801.jpg",
    "fullImage": "https://static.colruytgroup.com/images/500x500/std.lang.all/28/01/asset-3172801.jpg",
    "squareImage": "https://static.colruytgroup.com/images/500x500sq/std.lang.all/28/01/asset-3172801.jpg",
    "content": "85g",
    "walkRouteSequenceNumber": 4457,
    "price": {
      "basicPrice": 1.99,
      "recommendedQuantity": "1.0",
      "measurementUnitPrice": 23.42,
      "measurementUnit": "K",
      "isRedPrice": false,
      "pricePerUOM": 23.42,
      "activationDate": "24-12-2022",
      "isPromoActive": "N",
      "priceChangeCode": "E"
    },
    "isAvailable": true,
    "isPriceAvailable": true,
    "inPromo": false,
    "gtin": [
      "05060326875077",
      "05060326870805"
    ],
    "topCategoryName": "Chips/Borrelhapjes",
    "topCategoryId": "306",
    "businessDomain": "RETAIL_BE",
    "IsPrivateLabel": false,
    "IsBiffe": false,
    "WeightconversionFactor": "0",
    "IsWeightArticle": false,
    "IsBio": false,
    "CountryOfOrigin": "VERENIGD KONINKRIJK",
    "IsExclusivelySoldInLuxembourg": false,
    "OrderUnit": "P",
    "ShortName": "GOHO POPPED SW.BBQ 85G",
    "IsNew": false,
    "RecentQuanityOfStockUnits": "1,8",
    "LongName": "GOOD & HONEST Popped Crisps Sw.Barb. 85g",
    "FicCode": "E"
  },
  {
    "productId": "463455",
    "technicalArticleNumber": "3957446",
    "commercialArticleNumber": "2259",
    "name": "hummus mango kokos",
    "description": "*obv kikkererwten",
    "brand": "BONI",
    "seoBrand": "Boni Selection",
    "thumbNail": "https://static.colruytgroup.com/images/200x200/std.lang.all/88/00/asset-2478800.jpg",
    "fullImage": "https://static.colruytgroup.com/images/500x500/std.lang.all/88/00/asset-2478800.jpg",
    "squareImage": "https://static.colruytgroup.com/images/500x500sq/std.lang.all/88/00/asset-2478800.jpg",
    "content": "150g",
    "walkRouteSequenceNumber": 7772,
    "price": {
      "basicPrice": 2.29,
      "recommendedQuantity": "1.0",
      "quantityPrice": 2.11,
      "quantityPriceQuantity": "3.0",
      "measurementUnitPrice": 15.27,
      "measurementUnitQuantityPrice": 14.07,
      "measurementUnit": "K",
      "isRedPrice": false,
      "pricePerUOM": 15.27,
      "activationDate": "17-11-2023",
      "isPromoActive": "N",
      "priceChangeCode": "E",
      "quantityPricePerUOM": 14.07,
      "quantityActivationDate": "17-11-2023",
      "quantityPriceChangeCode": "E"
    },
    "isAvailable": true,
    "isPriceAvailable": true,
    "inPromo": false,
    "gtin": [
      "15400141423386",
      "05400141039924",
      "05400141423389"
    ],
    "topCategoryName": "Chips/Borrelhapjes",
    "topCategoryId": "306",
    "businessDomain": "RETAIL_BE",
    "IsPrivateLabel": true,
    "IsBiffe": false,
    "WeightconversionFactor": "0",
    "IsWeightArticle": false,
    "nutriscoreLabel": "C",
    "IsBio": false,
    "CountryOfOrigin": "NEDERLAND",
    "IsExclusivelySoldInLuxembourg": false,
    "OrderUnit": "P",
    "ShortName": "BONI HUMMUS MAN KOK150G",
    "IsNew": false,
    "EcoscoreLabel": "B",
    "RecentQuanityOfStockUnits": "1",
    "LongName": "BONI hummus mango kokos 150g",
    "FicCode": "I",
    "EcoscoreValue": "77"
  },
  {
    "productId": "452160",
    "technicalArticleNumber": "4028261",
    "commercialArticleNumber": "5447",
    "name": "hummus topping",
    "description": "*O.b.v. kikkererwten",
    "brand": "BONI",
    "seoBrand": "Boni Selection",
    "thumbNail": "https://static.colruytgroup.com/images/200x200/std.lang.all/85/16/asset-2508516.jpg",
    "fullImage": "https://static.colruytgroup.com/images/500x500/std.lang.all/85/16/asset-2508516.jpg",
    "squareImage": "https://static.colruytgroup.com/images/500x500sq/std.lang.all/85/16/asset-2508516.jpg",
    "content": "200g",
    "walkRouteSequenceNumber": 7775,
    "price": {
      "basicPrice": 2.09,
      "recommendedQuantity": "1.0",
      "quantityPrice": 1.92,
      "quantityPriceQuantity": "3.0",
      "measurementUnitPrice": 10.45,
      "measurementUnitQuantityPrice": 9.6,
      "measurementUnit": "K",
      "isRedPrice": false,
      "pricePerUOM": 10.45,
      "activationDate": "17-11-2023",
      "isPromoActive": "N",
      "priceChangeCode": "E",
      "quantityPricePerUOM": 9.6,
      "quantityActivationDate": "17-11-2023",
      "quantityPriceChangeCode": "E"
    },
    "isAvailable": true,
    "isPriceAvailable": true,
    "inPromo": false,
    "gtin": [
      "15400141399810",
      "35400141399814",
      "05400141241754",
      "05400141399813"
    ],
    "topCategoryName": "Chips/Borrelhapjes",
    "topCategoryId": "306",
    "businessDomain": "RETAIL_BE",
    "IsPrivateLabel": true,
    "IsBiffe": false,
    "WeightconversionFactor": "0",
    "IsWeightArticle": false,
    "nutriscoreLabel": "C",
    "IsBio": false,
    "CountryOfOrigin": "BELGIË",
    "IsExclusivelySoldInLuxembourg": false,
    "OrderUnit": "P",
    "ShortName": "BONI HUMMUS TOPPING200G",
    "IsNew": false,
    "EcoscoreLabel": "A",
    "RecentQuanityOfStockUnits": "1,1",
    "LongName": "BONI hummus topping 200g",
    "FicCode": "I",
    "EcoscoreValue": "82"
  },
  {
    "productId": "572801",
    "technicalArticleNumber": "4219280",
    "commercialArticleNumber": "17432",
    "name": "Hummus tomaat basilicum",
    "thumbNail": "https://static.colruytgroup.com/images/200x200/std.lang.all/90/97/asset-2179097.jpg",
    "fullImage": "https://static.colruytgroup.com/images/500x500/std.lang.all/90/97/asset-2179097.jpg",
    "squareImage": "https://static.colruytgroup.com/images/500x500sq/std.lang.all/90/97/asset-2179097.jpg",
    "content": "150g",
    "walkRouteSequenceNumber": 7771,
    "price": {
      "basicPrice": 2.69,
      "recommendedQuantity": "1.0",
      "quantityPrice": 2.47,
      "quantityPriceQuantity": "3.0",
      "measurementUnitPrice": 17.94,
      "measurementUnitQuantityPrice": 16.47,
      "measurementUnit": "K",
      "isRedPrice": false,
      "pricePerUOM": 17.94,
      "activationDate": "14-11-2023",
      "isPromoActive": "N",
      "priceChangeCode": "E",
      "quantityPricePerUOM": 16.47,
      "quantityActivationDate": "14-11-2023",
      "quantityPriceChangeCode": "E"
    },
    "isAvailable": true,
    "isPriceAvailable": true,
    "inPromo": false,
    "gtin": [
      "05425020166546",
      "15425020166543"
    ],
    "topCategoryName": "Chips/Borrelhapjes",
    "topCategoryId": "306",
    "businessDomain": "RETAIL_BE",
    "IsPrivateLabel": false,
    "IsBiffe": false,
    "WeightconversionFactor": "0",
    "IsWeightArticle": false,
    "nutriscoreLabel": "C",
    "IsBio": false,
    "CountryOfOrigin": "BELGIË",
    "IsExclusivelySoldInLuxembourg": false,
    "OrderUnit": "P",
    "ShortName": "HUMUS TOM.BASIL.150G",
    "IsNew": false,
    "EcoscoreLabel": "B",
    "RecentQuanityOfStockUnits": "1",
    "LongName": "Hummus tomaat basilicum 150g",
    "FicCode": "E",
    "EcoscoreValue": "72"
  },
  {
    "productId": "742533",
    "technicalArticleNumber": "4508677",
    "commercialArticleNumber": "28141",
    "name": "artisjokhart gemarineerd",
    "description": "*Artisjokharten\nin marinade",
    "brand": "BONI",
    "seoBrand": "Boni Selection",
    "thumbNail": "https://static.colruytgroup.com/images/200x200/std.lang.all/74/74/asset-2657474.jpg",
    "fullImage": "https://static.colruytgroup.com/images/500x500/std.lang.all/74/74/asset-2657474.jpg",
    "squareImage": "https://static.colruytgroup.com/images/500x500sq/std.lang.all/74/74/asset-2657474.jpg",
    "content": "125g",
    "walkRouteSequenceNumber": 7676,
    "price": {
      "basicPrice": 2.89,
      "recommendedQuantity": "1.0",
      "quantityPrice": 2.77,
      "quantityPriceQuantity": "3.0",
      "measurementUnitPrice": 23.12,
      "measurementUnitQuantityPrice": 22.16,
      "measurementUnit": "K",
      "isRedPrice": false,
      "pricePerUOM": 23.12,
      "activationDate": "13-03-2024",
      "isPromoActive": "N",
      "priceChangeCode": "E",
      "quantityPricePerUOM": 22.16,
      "quantityActivationDate": "13-03-2024",
      "quantityPriceChangeCode": "E"
    },
    "isAvailable": true,
    "isPriceAvailable": true,
    "inPromo": false,
    "gtin": [
      "05400141991000"
    ],
    "topCategoryName": "Chips/Borrelhapjes",
    "topCategoryId": "306",
    "businessDomain": "RETAIL_BE",
    "IsPrivateLabel": true,
    "IsBiffe": false,
    "WeightconversionFactor": "0",
    "IsWeightArticle": false,
    "nutriscoreLabel": "C",
    "IsBio": false,
    "CountryOfOrigin": "BELGIË",
    "IsExclusivelySoldInLuxembourg": false,
    "OrderUnit": "P",
    "ShortName": "BONI GEMAR ARTISJOK125G",
    "IsNew": false,
    "RecentQuanityOfStockUnits": "1",
    "LongName": "BONI artisjokhart gemarineerd 125g",
    "FicCode": "I"
  },
  {
    "productId": "661045",
    "technicalArticleNumber": "4366376",
    "commercialArticleNumber": "24120",
    "name": "groentenkroepoek",
    "brand": "BONI",
    "seoBrand": "Boni Selection",
    "thumbNail": "https://static.colruytgroup.com/images/200x200/std.lang.all/09/12/asset-2310912.jpg",
    "fullImage": "https://static.colruytgroup.com/images/500x500/std.lang.all/09/12/asset-2310912.jpg",
    "squareImage": "https://static.colruytgroup.com/images/500x500sq/std.lang.all/09/12/asset-2310912.jpg",
    "content": "60g",
    "walkRouteSequenceNumber": 8476,
    "price": {
      "basicPrice": 0.989,
      "recommendedQuantity": "1.0",
      "measurementUnitPrice": 16.49,
      "measurementUnit": "K",
      "isRedPrice": false,
      "pricePerUOM": 16.49,
      "activationDate": "02-11-2022",
      "isPromoActive": "N",
      "priceChangeCode": "E"
    },
    "isAvailable": true,
    "isPriceAvailable": true,
    "inPromo": false,
    "gtin": [
      "15400141981732",
      "05400141981735"
    ],
    "topCategoryName": "Chips/Borrelhapjes",
    "topCategoryId": "306",
    "businessDomain": "RETAIL_BE",
    "IsPrivateLabel": true,
    "IsBiffe": false,
    "WeightconversionFactor": "0",
    "IsWeightArticle": false,
    "nutriscoreLabel": "E",
    "IsBio": false,
    "CountryOfOrigin": "NEDERLAND",
    "IsExclusivelySoldInLuxembourg": false,
    "OrderUnit": "P",
    "ShortName": "BONI GROENTENKROEPOEK60",
    "IsNew": false,
    "EcoscoreLabel": "B",
    "RecentQuanityOfStockUnits": "1",
    "LongName": "BONI groentenkroepoek 60g",
    "FicCode": "I",
    "EcoscoreValue": "67"
  },
  {
    "productId": "574083",
    "technicalArticleNumber": "4220973",
    "commercialArticleNumber": "17647",
    "name": "gegrilde paprika's z.rood",
    "description": "*Gegrilde paprika",
    "brand": "BONI",
    "seoBrand": "Boni Selection",
    "thumbNail": "https://static.colruytgroup.com/images/200x200/std.lang.all/96/24/asset-2139624.jpg",
    "fullImage": "https://static.colruytgroup.com/images/500x500/std.lang.all/96/24/asset-2139624.jpg",
    "squareImage": "https://static.colruytgroup.com/images/500x500sq/std.lang.all/96/24/asset-2139624.jpg",
    "content": "270g",
    "walkRouteSequenceNumber": 4590,
    "price": {
      "basicPrice": 1.99,
      "recommendedQuantity": "1.0",
      "measurementUnitPrice": 7.38,
      "measurementUnit": "K",
      "isRedPrice": false,
      "pricePerUOM": 7.38,
      "activationDate": "06-03-2024",
      "isPromoActive": "N",
      "priceChangeCode": "L"
    },
    "isAvailable": true,
    "isPriceAvailable": true,
    "inPromo": false,
    "gtin": [
      "05400141354263",
      "15400141354260"
    ],
    "topCategoryName": "Chips/Borrelhapjes",
    "topCategoryId": "306",
    "businessDomain": "RETAIL_BE",
    "IsPrivateLabel": true,
    "IsBiffe": false,
    "WeightconversionFactor": "0",
    "IsWeightArticle": false,
    "nutriscoreLabel": "B",
    "IsBio": false,
    "CountryOfOrigin": "ITALIË",
    "IsExclusivelySoldInLuxembourg": false,
    "OrderUnit": "P",
    "ShortName": "BONI GEGRILDE PAPRIK270",
    "IsNew": false,
    "EcoscoreLabel": "A",
    "RecentQuanityOfStockUnits": "1",
    "LongName": "BONI gegrilde paprika's z.rood 270g",
    "FicCode": "I",
    "EcoscoreValue": "90"
  },
  {
    "productId": "10897",
    "technicalArticleNumber": "1345469",
    "commercialArticleNumber": "19852",
    "name": "Maraschino zonder steel",
    "description": "Marasquinokersen op siroop, zonder\nsteeltje. Ideaal bij cocktails en\naperitieven of in desserts.",
    "brand": "BONI",
    "seoBrand": "Boni Selection",
    "thumbNail": "https://static.colruytgroup.com/images/200x200/std.lang.all/39/59/asset-1023959.jpg",
    "fullImage": "https://static.colruytgroup.com/images/500x500/std.lang.all/39/59/asset-1023959.jpg",
    "squareImage": "https://static.colruytgroup.com/images/500x500sq/std.lang.all/39/59/asset-1023959.jpg",
    "content": "225g",
    "walkRouteSequenceNumber": 870,
    "price": {
      "basicPrice": 1.85,
      "recommendedQuantity": "1.0",
      "measurementUnitPrice": 14.8,
      "measurementUnit": "K",
      "isRedPrice": false,
      "pricePerUOM": 14.8,
      "activationDate": "27-02-2024",
      "recordSource": "Offline",
      "isPromoActive": "N",
      "priceChangeCode": "H"
    },
    "isAvailable": true,
    "isPriceAvailable": true,
    "inPromo": false,
    "gtin": [
      "15400141274384",
      "05400141274387",
      "05400141354546"
    ],
    "topCategoryName": "Chips/Borrelhapjes",
    "topCategoryId": "306",
    "businessDomain": "RETAIL_BE",
    "IsPrivateLabel": true,
    "IsBiffe": false,
    "WeightconversionFactor": "0",
    "IsWeightArticle": false,
    "nutriscoreLabel": "C",
    "IsBio": false,
    "CountryOfOrigin": "ITALIË",
    "IsExclusivelySoldInLuxembourg": false,
    "OrderUnit": "P",
    "ShortName": "BON MARASQ Z ST 225G",
    "IsNew": false,
    "EcoscoreLabel": "C",
    "RecentQuanityOfStockUnits": "1",
    "LongName": "BONI Maraschino zonder steel 225g",
    "AlcoholVolume": "0",
    "FicCode": "I",
    "EcoscoreValue": "43"
  },
  {
    "productId": "130827",
    "technicalArticleNumber": "3221125",
    "commercialArticleNumber": "35239",
    "name": "pikante tapenade",
    "description": "*Tapenade op basis\nvan groene olijven,\nzongedroogde tomaten\npaprika en rode\npepers",
    "brand": "BONI",
    "seoBrand": "Boni Selection",
    "thumbNail": "https://static.colruytgroup.com/images/200x200/std.lang.all/07/41/asset-2930741.jpg",
    "fullImage": "https://static.colruytgroup.com/images/500x500/std.lang.all/07/41/asset-2930741.jpg",
    "squareImage": "https://static.colruytgroup.com/images/500x500sq/std.lang.all/07/41/asset-2930741.jpg",
    "content": "150g",
    "walkRouteSequenceNumber": 6779,
    "price": {
      "basicPrice": 2.79,
      "recommendedQuantity": "1.0",
      "quantityPrice": 2.57,
      "quantityPriceQuantity": "3.0",
      "measurementUnitPrice": 18.6,
      "measurementUnitQuantityPrice": 17.14,
      "measurementUnit": "K",
      "isRedPrice": false,
      "pricePerUOM": 18.6,
      "activationDate": "22-11-2022",
      "isPromoActive": "N",
      "priceChangeCode": "E",
      "quantityPricePerUOM": 17.14,
      "quantityActivationDate": "22-11-2022",
      "quantityPriceChangeCode": "L"
    },
    "isAvailable": true,
    "isPriceAvailable": true,
    "inPromo": false,
    "gtin": [
      "15400141420903",
      "15400141357599",
      "05400141357592",
      "05400141216967",
      "05400141205398",
      "15400141751366",
      "15400141444350",
      "05400141751369",
      "05400141444353"
    ],
    "topCategoryName": "Chips/Borrelhapjes",
    "topCategoryId": "306",
    "businessDomain": "RETAIL_BE",
    "IsPrivateLabel": true,
    "IsBiffe": false,
    "WeightconversionFactor": "0",
    "IsWeightArticle": false,
    "nutriscoreLabel": "C",
    "IsBio": false,
    "CountryOfOrigin": "BELGIË",
    "IsExclusivelySoldInLuxembourg": false,
    "OrderUnit": "P",
    "ShortName": "BONI PIKANTE TAP 150GR",
    "IsNew": false,
    "EcoscoreLabel": "B",
    "RecentQuanityOfStockUnits": "1",
    "LongName": "BONI pikante tapenade 150g",
    "AlcoholVolume": "0",
    "FicCode": "I",
    "EcoscoreValue": "66"
  },
  {
    "productId": "325687",
    "technicalArticleNumber": "3676362",
    "commercialArticleNumber": "9252",
    "name": "olijven Nocellara Italiaans",
    "brand": "BONI",
    "seoBrand": "Boni Selection",
    "thumbNail": "https://static.colruytgroup.com/images/200x200/std.lang.all/58/33/asset-1745833.jpg",
    "fullImage": "https://static.colruytgroup.com/images/500x500/std.lang.all/58/33/asset-1745833.jpg",
    "squareImage": "https://static.colruytgroup.com/images/500x500sq/std.lang.all/58/33/asset-1745833.jpg",
    "content": "150g",
    "walkRouteSequenceNumber": 7690,
    "price": {
      "basicPrice": 1.79,
      "recommendedQuantity": "1.0",
      "measurementUnitPrice": 11.94,
      "measurementUnit": "K",
      "isRedPrice": false,
      "pricePerUOM": 11.94,
      "activationDate": "12-01-2024",
      "recordSource": "Offline",
      "isPromoActive": "N",
      "priceChangeCode": "H"
    },
    "isAvailable": true,
    "isPriceAvailable": true,
    "inPromo": false,
    "gtin": [
      "15400141155935",
      "05400141155938",
      "15400141387213",
      "05400141387216",
      "05400141981711",
      "15400141981718"
    ],
    "topCategoryName": "Chips/Borrelhapjes",
    "topCategoryId": "306",
    "businessDomain": "RETAIL_BE",
    "IsPrivateLabel": true,
    "IsBiffe": false,
    "WeightconversionFactor": "0",
    "IsWeightArticle": false,
    "nutriscoreLabel": "D",
    "IsBio": false,
    "CountryOfOrigin": "FRANKRIJK",
    "IsExclusivelySoldInLuxembourg": false,
    "OrderUnit": "P",
    "ShortName": "BS IT.NOCE.OLI.NAT.150G",
    "IsNew": false,
    "EcoscoreLabel": "B",
    "RecentQuanityOfStockUnits": "1,9",
    "LongName": "BONI olijven Nocellara Italiaans 150g",
    "AlcoholVolume": "0",
    "FicCode": "I",
    "EcoscoreValue": "79"
  },
  {
    "productId": "801902",
    "technicalArticleNumber": "4617194",
    "commercialArticleNumber": "10813",
    "name": "aperitiefkoekje zout",
    "brand": "CRUMBEL",
    "seoBrand": "Crumbel",
    "thumbNail": "https://static.colruytgroup.com/images/200x200/std.lang.all/57/28/asset-2895728.jpg",
    "fullImage": "https://static.colruytgroup.com/images/500x500/std.lang.all/57/28/asset-2895728.jpg",
    "squareImage": "https://static.colruytgroup.com/images/500x500sq/std.lang.all/57/28/asset-2895728.jpg",
    "content": "150g",
    "walkRouteSequenceNumber": 4471,
    "price": {
      "basicPrice": 2.99,
      "recommendedQuantity": "1.0",
      "measurementUnitPrice": 19.94,
      "measurementUnit": "K",
      "isRedPrice": false,
      "pricePerUOM": 19.94,
      "activationDate": "03-01-2023",
      "isPromoActive": "N",
      "priceChangeCode": "H"
    },
    "isAvailable": true,
    "isPriceAvailable": true,
    "inPromo": false,
    "gtin": [
      "05425026054427",
      "05425026054410"
    ],
    "topCategoryName": "Chips/Borrelhapjes",
    "topCategoryId": "306",
    "businessDomain": "RETAIL_BE",
    "IsPrivateLabel": false,
    "IsBiffe": false,
    "WeightconversionFactor": "0",
    "IsWeightArticle": false,
    "nutriscoreLabel": "E",
    "IsBio": false,
    "CountryOfOrigin": "BELGIË",
    "IsExclusivelySoldInLuxembourg": false,
    "OrderUnit": "P",
    "ShortName": "CRUM APERITIEF.ZOUT150G",
    "IsNew": false,
    "EcoscoreLabel": "A",
    "RecentQuanityOfStockUnits": "1",
    "LongName": "CRUMBEL aperitiefkoekje zout 150g",
    "FicCode": "E",
    "EcoscoreValue": "98"
  },
  {
    "productId": "138646",
    "technicalArticleNumber": "3202566",
    "commercialArticleNumber": "34411",
    "name": "zwarte tapenade",
    "description": "*Tapenade op basis\nvan zwarte olijven,\nkappers",
    "brand": "BONI",
    "seoBrand": "Boni Selection",
    "thumbNail": "https://static.colruytgroup.com/images/200x200/std.lang.all/29/21/asset-2762921.jpg",
    "fullImage": "https://static.colruytgroup.com/images/500x500/std.lang.all/29/21/asset-2762921.jpg",
    "squareImage": "https://static.colruytgroup.com/images/500x500sq/std.lang.all/29/21/asset-2762921.jpg",
    "content": "150g",
    "walkRouteSequenceNumber": 6782,
    "price": {
      "basicPrice": 2.69,
      "recommendedQuantity": "1.0",
      "measurementUnitPrice": 17.94,
      "measurementUnit": "K",
      "isRedPrice": false,
      "pricePerUOM": 17.94,
      "activationDate": "07-03-2024",
      "recordSource": "Offline",
      "isPromoActive": "N",
      "priceChangeCode": "H"
    },
    "isAvailable": true,
    "isPriceAvailable": true,
    "inPromo": false,
    "gtin": [
      "05400141165814",
      "05400141205305",
      "05400141406306",
      "05400141916591"
    ],
    "topCategoryName": "Chips/Borrelhapjes",
    "topCategoryId": "306",
    "businessDomain": "RETAIL_BE",
    "IsPrivateLabel": true,
    "IsBiffe": false,
    "WeightconversionFactor": "0",
    "IsWeightArticle": false,
    "nutriscoreLabel": "C",
    "IsBio": false,
    "CountryOfOrigin": "BELGIË",
    "IsExclusivelySoldInLuxembourg": false,
    "OrderUnit": "P",
    "ShortName": "B ZWARTE TAPENADE 150G",
    "IsNew": false,
    "EcoscoreLabel": "C",
    "RecentQuanityOfStockUnits": "1",
    "LongName": "BONI zwarte tapenade 150g",
    "FicCode": "I",
    "EcoscoreValue": "58"
  },
  {
    "productId": "484157",
    "technicalArticleNumber": "4009865",
    "commercialArticleNumber": "4799",
    "name": "guacamole pikant",
    "brand": "WONKY",
    "seoBrand": "Wonky",
    "thumbNail": "https://static.colruytgroup.com/images/200x200/std.lang.all/03/49/asset-2460349.jpg",
    "fullImage": "https://static.colruytgroup.com/images/500x500/std.lang.all/03/49/asset-2460349.jpg",
    "squareImage": "https://static.colruytgroup.com/images/500x500sq/std.lang.all/03/49/asset-2460349.jpg",
    "content": "150g",
    "walkRouteSequenceNumber": 7762,
    "price": {
      "basicPrice": 2.99,
      "recommendedQuantity": "1.0",
      "quantityPrice": 2.75,
      "quantityPriceQuantity": "3.0",
      "measurementUnitPrice": 19.94,
      "measurementUnitQuantityPrice": 18.34,
      "measurementUnit": "K",
      "isRedPrice": false,
      "pricePerUOM": 19.94,
      "activationDate": "14-11-2023",
      "isPromoActive": "N",
      "priceChangeCode": "E",
      "quantityPricePerUOM": 18.34,
      "quantityActivationDate": "14-11-2023",
      "quantityPriceChangeCode": "E"
    },
    "isAvailable": true,
    "isPriceAvailable": true,
    "inPromo": false,
    "gtin": [
      "05425001800063",
      "05425001800070"
    ],
    "topCategoryName": "Chips/Borrelhapjes",
    "topCategoryId": "306",
    "businessDomain": "RETAIL_BE",
    "IsPrivateLabel": false,
    "IsBiffe": false,
    "WeightconversionFactor": "0",
    "IsWeightArticle": false,
    "nutriscoreLabel": "A",
    "IsBio": false,
    "CountryOfOrigin": "BELGIË",
    "IsExclusivelySoldInLuxembourg": false,
    "OrderUnit": "P",
    "ShortName": "WONK GUACAMOLE PIK.150G",
    "IsNew": false,
    "EcoscoreLabel": "B",
    "RecentQuanityOfStockUnits": "1",
    "LongName": "WONKY guacamole pikant 150g",
    "FicCode": "E",
    "EcoscoreValue": "65"
  },
  {
    "productId": "848900",
    "technicalArticleNumber": "4696244",
    "commercialArticleNumber": "30732",
    "name": "Nacho To-go met cheese dip",
    "description": "*Nacho chips\n*To go\n*Cheese dipsaus",
    "brand": "JIMMY'S",
    "seoBrand": "Jimmy's",
    "thumbNail": "https://static.colruytgroup.com/images/200x200/std.lang.all/04/49/asset-3140449.jpg",
    "fullImage": "https://static.colruytgroup.com/images/500x500/std.lang.all/04/49/asset-3140449.jpg",
    "squareImage": "https://static.colruytgroup.com/images/500x500sq/std.lang.all/04/49/asset-3140449.jpg",
    "content": "200g",
    "walkRouteSequenceNumber": 4775,
    "price": {
      "basicPrice": 2.79,
      "recommendedQuantity": "1.0",
      "measurementUnitPrice": 13.95,
      "measurementUnit": "K",
      "isRedPrice": false,
      "pricePerUOM": 13.95,
      "activationDate": "05-03-2024",
      "isPromoActive": "N",
      "priceChangeCode": "E"
    },
    "isAvailable": true,
    "isPriceAvailable": true,
    "inPromo": false,
    "gtin": [
      "08713276331151",
      "08713276031150"
    ],
    "topCategoryName": "Chips/Borrelhapjes",
    "topCategoryId": "306",
    "businessDomain": "RETAIL_BE",
    "IsPrivateLabel": false,
    "IsBiffe": false,
    "WeightconversionFactor": "0",
    "IsWeightArticle": false,
    "nutriscoreLabel": "D",
    "IsBio": false,
    "CountryOfOrigin": "NEDERLAND",
    "IsExclusivelySoldInLuxembourg": false,
    "OrderUnit": "P",
    "ShortName": "JIMM NACH.TOGO CHE 200G",
    "IsNew": false,
    "EcoscoreLabel": "B",
    "RecentQuanityOfStockUnits": "1,7",
    "LongName": "JIMMY'S Nacho To-go met cheese dip 200g",
    "FicCode": "E",
    "EcoscoreValue": "67"
  },
  {
    "productId": "745253",
    "technicalArticleNumber": "4512947",
    "commercialArticleNumber": "6537",
    "name": "lookteentjes basilicum",
    "description": "*Knoflookteentjes\nmet basilicum",
    "brand": "BONI",
    "seoBrand": "Boni Selection",
    "thumbNail": "https://static.colruytgroup.com/images/200x200/std.lang.all/16/21/asset-2741621.jpg",
    "fullImage": "https://static.colruytgroup.com/images/500x500/std.lang.all/16/21/asset-2741621.jpg",
    "squareImage": "https://static.colruytgroup.com/images/500x500sq/std.lang.all/16/21/asset-2741621.jpg",
    "content": "150g",
    "walkRouteSequenceNumber": 7677,
    "price": {
      "basicPrice": 3.49,
      "recommendedQuantity": "1.0",
      "measurementUnitPrice": 23.27,
      "measurementUnit": "K",
      "isRedPrice": false,
      "pricePerUOM": 23.27,
      "activationDate": "26-01-2024",
      "recordSource": "Offline",
      "isPromoActive": "N",
      "priceChangeCode": "L"
    },
    "isAvailable": true,
    "isPriceAvailable": true,
    "inPromo": false,
    "gtin": [
      "05400141886276",
      "05400141460261"
    ],
    "topCategoryName": "Chips/Borrelhapjes",
    "topCategoryId": "306",
    "businessDomain": "RETAIL_BE",
    "IsPrivateLabel": true,
    "IsBiffe": false,
    "WeightconversionFactor": "0",
    "IsWeightArticle": false,
    "nutriscoreLabel": "D",
    "IsBio": false,
    "CountryOfOrigin": "CHINA (VOLKSREBUPLIEK)",
    "IsExclusivelySoldInLuxembourg": false,
    "OrderUnit": "P",
    "ShortName": "BONI LOOKT. BASIL 150G",
    "IsNew": false,
    "RecentQuanityOfStockUnits": "1",
    "LongName": "BONI lookteentjes basilicum 150g",
    "FicCode": "I"
  },
  {
    "productId": "801896",
    "technicalArticleNumber": "4617188",
    "commercialArticleNumber": "10810",
    "name": "aperitiefkoekje paprika",
    "brand": "CRUMBEL",
    "seoBrand": "Crumbel",
    "thumbNail": "https://static.colruytgroup.com/images/200x200/std.lang.all/57/26/asset-2895726.jpg",
    "fullImage": "https://static.colruytgroup.com/images/500x500/std.lang.all/57/26/asset-2895726.jpg",
    "squareImage": "https://static.colruytgroup.com/images/500x500sq/std.lang.all/57/26/asset-2895726.jpg",
    "content": "150g",
    "walkRouteSequenceNumber": 4470,
    "price": {
      "basicPrice": 2.99,
      "recommendedQuantity": "1.0",
      "measurementUnitPrice": 19.94,
      "measurementUnit": "K",
      "isRedPrice": false,
      "pricePerUOM": 19.94,
      "activationDate": "12-07-2023",
      "isPromoActive": "N",
      "priceChangeCode": "E"
    },
    "isAvailable": true,
    "isPriceAvailable": true,
    "inPromo": false,
    "gtin": [
      "05425026054434",
      "05425026054441"
    ],
    "topCategoryName": "Chips/Borrelhapjes",
    "topCategoryId": "306",
    "businessDomain": "RETAIL_BE",
    "IsPrivateLabel": false,
    "IsBiffe": false,
    "WeightconversionFactor": "0",
    "IsWeightArticle": false,
    "nutriscoreLabel": "E",
    "IsBio": false,
    "CountryOfOrigin": "BELGIË",
    "IsExclusivelySoldInLuxembourg": false,
    "OrderUnit": "P",
    "ShortName": "CRUM APERITI.PAPRIKA150",
    "IsNew": false,
    "EcoscoreLabel": "B",
    "RecentQuanityOfStockUnits": "1",
    "LongName": "CRUMBEL aperitiefkoekje paprika 150g",
    "FicCode": "E",
    "EcoscoreValue": "79"
  },
  {
    "productId": "855568",
    "technicalArticleNumber": "4704715",
    "commercialArticleNumber": "31339",
    "name": "Chips sea salt",
    "brand": "KETTLE",
    "seoBrand": "Kettle",
    "thumbNail": "https://static.colruytgroup.com/images/200x200/std.lang.all/10/90/asset-3211090.jpg",
    "fullImage": "https://static.colruytgroup.com/images/500x500/std.lang.all/10/90/asset-3211090.jpg",
    "squareImage": "https://static.colruytgroup.com/images/500x500sq/std.lang.all/10/90/asset-3211090.jpg",
    "content": "130g",
    "walkRouteSequenceNumber": 4455,
    "price": {
      "basicPrice": 2.42,
      "recommendedQuantity": "1.0",
      "quantityPrice": 1.21,
      "quantityPriceQuantity": "2.0",
      "measurementUnitPrice": 18.62,
      "measurementUnitQuantityPrice": 9.31,
      "measurementUnit": "K",
      "isRedPrice": false,
      "pricePerUOM": 18.62,
      "activationDate": "14-03-2024",
      "recordSource": "Offline",
      "isPromoActive": "N",
      "priceChangeCode": "E",
      "quantityPricePerUOM": 9.31,
      "quantityActivationDate": "14-03-2024",
      "quantityPriceChangeCode": "H"
    },
    "isAvailable": true,
    "isPriceAvailable": true,
    "inPromo": false,
    "gtin": [
      "08718781203252",
      "08718781203269"
    ],
    "topCategoryName": "Chips/Borrelhapjes",
    "topCategoryId": "306",
    "businessDomain": "RETAIL_BE",
    "IsPrivateLabel": false,
    "IsBiffe": false,
    "WeightconversionFactor": "0",
    "IsWeightArticle": false,
    "nutriscoreLabel": "C",
    "IsBio": false,
    "CountryOfOrigin": "NEDERLAND",
    "IsExclusivelySoldInLuxembourg": false,
    "OrderUnit": "P",
    "ShortName": "KETT CHIPS SEA SALT130G",
    "IsNew": false,
    "EcoscoreLabel": "B",
    "RecentQuanityOfStockUnits": "1,10",
    "LongName": "KETTLE Chips sea salt 130g",
    "AlcoholVolume": "0",
    "FicCode": "E",
    "EcoscoreValue": "67"
  },
  {
    "productId": "15817",
    "technicalArticleNumber": "1639582",
    "commercialArticleNumber": "31604",
    "name": "olijven groen&zwart paprika",
    "description": "*Mix groen en zwart\n*Ontpit\n*Griekenland",
    "brand": "BONI",
    "seoBrand": "Boni Selection",
    "thumbNail": "https://static.colruytgroup.com/images/200x200/std.lang.all/16/13/asset-2741613.jpg",
    "fullImage": "https://static.colruytgroup.com/images/500x500/std.lang.all/16/13/asset-2741613.jpg",
    "squareImage": "https://static.colruytgroup.com/images/500x500sq/std.lang.all/16/13/asset-2741613.jpg",
    "content": "150g",
    "walkRouteSequenceNumber": 7678,
    "price": {
      "basicPrice": 2.89,
      "recommendedQuantity": "1.0",
      "measurementUnitPrice": 19.27,
      "measurementUnit": "K",
      "isRedPrice": false,
      "pricePerUOM": 19.27,
      "activationDate": "14-11-2023",
      "recordSource": "Offline",
      "isPromoActive": "N",
      "priceChangeCode": "E"
    },
    "isAvailable": true,
    "isPriceAvailable": true,
    "inPromo": false,
    "gtin": [
      "05400141886221",
      "05400141088113",
      "15400141088110",
      "05400141406290",
      "05400141085716",
      "15400141987390",
      "05400141697995",
      "05400141488074"
    ],
    "topCategoryName": "Chips/Borrelhapjes",
    "topCategoryId": "306",
    "businessDomain": "RETAIL_BE",
    "IsPrivateLabel": true,
    "IsBiffe": false,
    "WeightconversionFactor": "0",
    "IsWeightArticle": false,
    "nutriscoreLabel": "C",
    "IsBio": false,
    "CountryOfOrigin": "GRIEKENLAND",
    "IsExclusivelySoldInLuxembourg": false,
    "OrderUnit": "P",
    "ShortName": "BONI GR.ZW.OLI.PAP.150G",
    "IsNew": false,
    "EcoscoreLabel": "A",
    "RecentQuanityOfStockUnits": "1",
    "LongName": "BONI olijven groen&zwart paprika 150g",
    "AlcoholVolume": "0",
    "FicCode": "I",
    "EcoscoreValue": "96"
  },
  {
    "productId": "1020874",
    "technicalArticleNumber": "4789656",
    "commercialArticleNumber": "20236",
    "name": "Zoutsticks",
    "brand": "SOLEO",
    "seoBrand": "Soleo",
    "thumbNail": "https://ecgproductmw.colruytgroup.com/ecgproductmw/noPicForArticle_2.jpg",
    "fullImage": "https://ecgproductmw.colruytgroup.com/ecgproductmw/noPicForArticle_5.jpg",
    "squareImage": "https://ecgproductmw.colruytgroup.com/ecgproductmw/noPicForArticle_5.jpg",
    "content": "250g",
    "walkRouteSequenceNumber": 4420,
    "price": {
      "basicPrice": 0.6,
      "recommendedQuantity": "1.0",
      "measurementUnitPrice": 2.4,
      "measurementUnit": "K",
      "isRedPrice": false,
      "pricePerUOM": 2.4,
      "activationDate": "13-03-2024",
      "recordSource": "Offline",
      "isPromoActive": "N",
      "priceChangeCode": "L"
    },
    "isAvailable": true,
    "isPriceAvailable": true,
    "inPromo": false,
    "gtin": [
      "05907029010933",
      "05907029010926"
    ],
    "topCategoryName": "Chips/Borrelhapjes",
    "topCategoryId": "306",
    "businessDomain": "RETAIL_BE",
    "IsPrivateLabel": false,
    "IsBiffe": false,
    "WeightconversionFactor": "0",
    "IsWeightArticle": false,
    "IsBio": false,
    "CountryOfOrigin": "BELGIË",
    "IsExclusivelySoldInLuxembourg": false,
    "OrderUnit": "P",
    "ShortName": "SOLE GEZOUTEN STICKS250",
    "IsNew": true,
    "RecentQuanityOfStockUnits": "28,1",
    "LongName": "SOLEO Zoutsticks 250g",
    "AlcoholVolume": "0",
    "FicCode": "E"
  },
  {
    "productId": "183769",
    "technicalArticleNumber": "3435713",
    "commercialArticleNumber": "50113",
    "name": "appelkappertjes azijn",
    "description": "*Appelkappertjes op\nazijn",
    "brand": "BONI",
    "seoBrand": "Boni Selection",
    "thumbNail": "https://static.colruytgroup.com/images/200x200/std.lang.all/60/48/asset-2986048.jpg",
    "fullImage": "https://static.colruytgroup.com/images/500x500/std.lang.all/60/48/asset-2986048.jpg",
    "squareImage": "https://static.colruytgroup.com/images/500x500sq/std.lang.all/60/48/asset-2986048.jpg",
    "content": "340g",
    "walkRouteSequenceNumber": 16381,
    "price": {
      "basicPrice": 1.4,
      "recommendedQuantity": "1.0",
      "measurementUnitPrice": 7.78,
      "measurementUnit": "K",
      "isRedPrice": false,
      "pricePerUOM": 7.78,
      "activationDate": "16-03-2024",
      "recordSource": "Offline",
      "isPromoActive": "N",
      "priceChangeCode": "H"
    },
    "isAvailable": true,
    "isPriceAvailable": true,
    "inPromo": false,
    "gtin": [
      "05400141664867",
      "15400141664864",
      "05400141057591",
      "05400141355734",
      "05400141392197",
      "15400141057598",
      "15400141392194"
    ],
    "topCategoryName": "Chips/Borrelhapjes",
    "topCategoryId": "306",
    "businessDomain": "RETAIL_BE",
    "IsPrivateLabel": true,
    "IsBiffe": false,
    "WeightconversionFactor": "0",
    "IsWeightArticle": false,
    "nutriscoreLabel": "C",
    "IsBio": false,
    "CountryOfOrigin": "SPANJE",
    "IsExclusivelySoldInLuxembourg": false,
    "OrderUnit": "P",
    "ShortName": "BONI AP.KAP.AZ.340G",
    "InSeason": true,
    "IsNew": false,
    "RecentQuanityOfStockUnits": "1,1",
    "LongName": "BONI appelkappertjes azijn 340g",
    "AlcoholVolume": "0",
    "StartSeasonDate": "15/03/2017",
    "FicCode": "I"
  },
  {
    "productId": "11742",
    "technicalArticleNumber": "1358365",
    "commercialArticleNumber": "28924",
    "name": "olijven gr&zw paprika look",
    "description": "* Mix groen en zwart\n* Ontpit\n* Griekenland\n* Met paprika, look en kruiden gevuld",
    "brand": "BONI",
    "seoBrand": "Boni Selection",
    "thumbNail": "https://static.colruytgroup.com/images/200x200/std.lang.all/16/05/asset-2741605.jpg",
    "fullImage": "https://static.colruytgroup.com/images/500x500/std.lang.all/16/05/asset-2741605.jpg",
    "squareImage": "https://static.colruytgroup.com/images/500x500sq/std.lang.all/16/05/asset-2741605.jpg",
    "content": "1,25kg",
    "walkRouteSequenceNumber": 7695,
    "price": {
      "basicPrice": 10.95,
      "recommendedQuantity": "1.0",
      "quantityPrice": 10.51,
      "quantityPriceQuantity": "3.0",
      "measurementUnitPrice": 8.76,
      "measurementUnitQuantityPrice": 8.41,
      "measurementUnit": "K",
      "isRedPrice": false,
      "pricePerUOM": 8.76,
      "activationDate": "17-11-2023",
      "isPromoActive": "N",
      "priceChangeCode": "E",
      "quantityPricePerUOM": 8.41,
      "quantityActivationDate": "17-11-2023",
      "quantityPriceChangeCode": "E"
    },
    "isAvailable": true,
    "isPriceAvailable": true,
    "inPromo": false,
    "gtin": [
      "05400141406542",
      "05400141088137",
      "05400141886252",
      "05400141090673",
      "05400141705942",
      "15400141987406"
    ],
    "topCategoryName": "Chips/Borrelhapjes",
    "topCategoryId": "306",
    "businessDomain": "RETAIL_BE",
    "IsPrivateLabel": true,
    "IsBiffe": false,
    "WeightconversionFactor": "0",
    "IsWeightArticle": false,
    "nutriscoreLabel": "D",
    "IsBio": false,
    "CountryOfOrigin": "BELGIË",
    "IsExclusivelySoldInLuxembourg": false,
    "OrderUnit": "P",
    "ShortName": "HC BONI OL.G&Z PAP1.25K",
    "InSeason": true,
    "IsNew": false,
    "EcoscoreLabel": "A",
    "RecentQuanityOfStockUnits": "1,1",
    "LongName": "BONI olijven gr&zw paprika look 1,25kg",
    "StartSeasonDate": "14/03/2005",
    "FicCode": "I",
    "EcoscoreValue": "96"
  },
  {
    "productId": "657192",
    "technicalArticleNumber": "4358596",
    "commercialArticleNumber": "23966",
    "name": "cr.peas smoked paprika",
    "description": "*Knapperige erwtensnack\nmet gerookte paprika\n*Bevat 60% minder vet\n*Bron van eiwitten",
    "brand": "BITESWELOVE",
    "seoBrand": "BitesWeLove",
    "thumbNail": "https://static.colruytgroup.com/images/200x200/std.lang.all/93/28/asset-3159328.jpg",
    "fullImage": "https://static.colruytgroup.com/images/500x500/std.lang.all/93/28/asset-3159328.jpg",
    "squareImage": "https://static.colruytgroup.com/images/500x500sq/std.lang.all/93/28/asset-3159328.jpg",
    "content": "100g",
    "walkRouteSequenceNumber": 2264,
    "price": {
      "basicPrice": 2.29,
      "recommendedQuantity": "1.0",
      "measurementUnitPrice": 22.9,
      "measurementUnit": "K",
      "isRedPrice": false,
      "pricePerUOM": 22.9,
      "activationDate": "06-09-2023",
      "isPromoActive": "N",
      "priceChangeCode": "E"
    },
    "isAvailable": true,
    "isPriceAvailable": true,
    "inPromo": false,
    "gtin": [
      "08710105018474",
      "08711299015850",
      "08710105014513"
    ],
    "topCategoryName": "Groenten en fruit",
    "topCategoryId": "1675",
    "businessDomain": "RETAIL_BE",
    "IsPrivateLabel": false,
    "IsBiffe": false,
    "WeightconversionFactor": "0",
    "IsWeightArticle": false,
    "nutriscoreLabel": "C",
    "IsBio": false,
    "CountryOfOrigin": "NEDERLAND",
    "IsExclusivelySoldInLuxembourg": false,
    "OrderUnit": "P",
    "ShortName": "BIWL CR.PEA.SMO.PAPR100",
    "IsNew": false,
    "EcoscoreLabel": "B",
    "RecentQuanityOfStockUnits": "1",
    "LongName": "BITESWELOVE cr.peas smoked paprika 100g",
    "FicCode": "E",
    "EcoscoreValue": "77"
  },
  {
    "productId": "534330",
    "technicalArticleNumber": "4128912",
    "commercialArticleNumber": "9422",
    "name": "Auberginecrème",
    "brand": "BONI",
    "seoBrand": "Boni Selection",
    "thumbNail": "https://static.colruytgroup.com/images/200x200/std.lang.all/85/20/asset-2508520.jpg",
    "fullImage": "https://static.colruytgroup.com/images/500x500/std.lang.all/85/20/asset-2508520.jpg",
    "squareImage": "https://static.colruytgroup.com/images/500x500sq/std.lang.all/85/20/asset-2508520.jpg",
    "content": "150g",
    "walkRouteSequenceNumber": 7766,
    "price": {
      "basicPrice": 2.29,
      "recommendedQuantity": "1.0",
      "quantityPrice": 2.11,
      "quantityPriceQuantity": "3.0",
      "measurementUnitPrice": 15.27,
      "measurementUnitQuantityPrice": 14.07,
      "measurementUnit": "K",
      "isRedPrice": false,
      "pricePerUOM": 15.27,
      "activationDate": "18-10-2023",
      "isPromoActive": "N",
      "priceChangeCode": "E",
      "quantityPricePerUOM": 14.07,
      "quantityActivationDate": "18-10-2023",
      "quantityPriceChangeCode": "E"
    },
    "isAvailable": true,
    "isPriceAvailable": true,
    "inPromo": false,
    "gtin": [
      "15400141301745",
      "05400141301748",
      "05400141438598"
    ],
    "topCategoryName": "Chips/Borrelhapjes",
    "topCategoryId": "306",
    "businessDomain": "RETAIL_BE",
    "IsPrivateLabel": true,
    "IsBiffe": false,
    "WeightconversionFactor": "0",
    "IsWeightArticle": false,
    "nutriscoreLabel": "C",
    "IsBio": false,
    "CountryOfOrigin": "BELGIË",
    "IsExclusivelySoldInLuxembourg": false,
    "OrderUnit": "P",
    "ShortName": "BONI CREME AUBERGI.150G",
    "InSeason": true,
    "IsNew": false,
    "EcoscoreLabel": "B",
    "RecentQuanityOfStockUnits": "1",
    "LongName": "BONI Auberginecrème 150g",
    "StartSeasonDate": "31/01/2022",
    "FicCode": "I",
    "EcoscoreValue": "79"
  },
  {
    "productId": "873039",
    "technicalArticleNumber": "4727513",
    "commercialArticleNumber": "24281",
    "name": "guacamole",
    "brand": "BONI",
    "seoBrand": "Boni Selection",
    "thumbNail": "https://static.colruytgroup.com/images/200x200/std.lang.all/89/13/asset-3228913.jpg",
    "fullImage": "https://static.colruytgroup.com/images/500x500/std.lang.all/89/13/asset-3228913.jpg",
    "squareImage": "https://static.colruytgroup.com/images/500x500sq/std.lang.all/89/13/asset-3228913.jpg",
    "content": "450g",
    "walkRouteSequenceNumber": 7657,
    "price": {
      "basicPrice": 5.49,
      "recommendedQuantity": "1.0",
      "quantityPrice": 5.27,
      "quantityPriceQuantity": "3.0",
      "measurementUnitPrice": 12.2,
      "measurementUnitQuantityPrice": 11.72,
      "measurementUnit": "K",
      "isRedPrice": false,
      "pricePerUOM": 12.2,
      "activationDate": "23-05-2023",
      "isPromoActive": "N",
      "priceChangeCode": "E",
      "quantityPricePerUOM": 11.72,
      "quantityActivationDate": "23-05-2023",
      "quantityPriceChangeCode": "E"
    },
    "isAvailable": true,
    "isPriceAvailable": true,
    "inPromo": false,
    "gtin": [
      "05400141712681",
      "15400141712688"
    ],
    "topCategoryName": "Chips/Borrelhapjes",
    "topCategoryId": "306",
    "businessDomain": "RETAIL_BE",
    "IsPrivateLabel": true,
    "IsBiffe": false,
    "WeightconversionFactor": "0",
    "IsWeightArticle": false,
    "nutriscoreLabel": "C",
    "IsBio": false,
    "CountryOfOrigin": "MEXICO",
    "IsExclusivelySoldInLuxembourg": false,
    "OrderUnit": "P",
    "ShortName": "BONI GUACAMOLE 450G",
    "IsNew": false,
    "EcoscoreLabel": "C",
    "RecentQuanityOfStockUnits": "1",
    "LongName": "BONI guacamole 450g",
    "FicCode": "I",
    "EcoscoreValue": "53"
  },
  {
    "productId": "709265",
    "technicalArticleNumber": "4448921",
    "commercialArticleNumber": "26344",
    "name": "Tarama",
    "description": "*Dip op basis\nvan viseitjes",
    "brand": "BONI",
    "seoBrand": "Boni Selection",
    "thumbNail": "https://static.colruytgroup.com/images/200x200/std.lang.all/03/47/asset-3340347.jpg",
    "fullImage": "https://static.colruytgroup.com/images/500x500/std.lang.all/03/47/asset-3340347.jpg",
    "squareImage": "https://static.colruytgroup.com/images/500x500sq/std.lang.all/03/47/asset-3340347.jpg",
    "content": "175g",
    "walkRouteSequenceNumber": 6715,
    "price": {
      "basicPrice": 1.99,
      "recommendedQuantity": "1.0",
      "measurementUnitPrice": 11.38,
      "measurementUnit": "K",
      "isRedPrice": false,
      "pricePerUOM": 11.38,
      "activationDate": "07-03-2024",
      "recordSource": "Offline",
      "isPromoActive": "N",
      "priceChangeCode": "E"
    },
    "isAvailable": true,
    "isPriceAvailable": true,
    "inPromo": false,
    "gtin": [
      "05400141461343",
      "15400141461340"
    ],
    "topCategoryName": "Chips/Borrelhapjes",
    "topCategoryId": "306",
    "businessDomain": "RETAIL_BE",
    "IsPrivateLabel": true,
    "IsBiffe": false,
    "WeightconversionFactor": "0",
    "IsWeightArticle": false,
    "nutriscoreLabel": "D",
    "IsBio": false,
    "CountryOfOrigin": "BELGIË",
    "IsExclusivelySoldInLuxembourg": false,
    "OrderUnit": "P",
    "ShortName": "BONI TARAMA 175G",
    "IsNew": false,
    "EcoscoreLabel": "B",
    "RecentQuanityOfStockUnits": "1",
    "LongName": "BONI Tarama 175g",
    "FicCode": "I",
    "EcoscoreValue": "67"
  },
  {
    "productId": "534952",
    "technicalArticleNumber": "4128897",
    "commercialArticleNumber": "9416",
    "name": "HUMMUS PESTO",
    "brand": "BONI",
    "seoBrand": "Boni Selection",
    "thumbNail": "https://static.colruytgroup.com/images/200x200/std.lang.all/85/17/asset-2508517.jpg",
    "fullImage": "https://static.colruytgroup.com/images/500x500/std.lang.all/85/17/asset-2508517.jpg",
    "squareImage": "https://static.colruytgroup.com/images/500x500sq/std.lang.all/85/17/asset-2508517.jpg",
    "content": "150g",
    "walkRouteSequenceNumber": 6783,
    "price": {
      "basicPrice": 2.56,
      "recommendedQuantity": "1.0",
      "quantityPrice": 2.36,
      "quantityPriceQuantity": "3.0",
      "measurementUnitPrice": 17.07,
      "measurementUnitQuantityPrice": 15.74,
      "measurementUnit": "K",
      "isRedPrice": false,
      "pricePerUOM": 17.07,
      "activationDate": "03-01-2024",
      "recordSource": "Offline",
      "isPromoActive": "N",
      "priceChangeCode": "E",
      "quantityPricePerUOM": 15.74,
      "quantityActivationDate": "03-01-2024",
      "quantityPriceChangeCode": "E"
    },
    "isAvailable": true,
    "isPriceAvailable": true,
    "inPromo": false,
    "gtin": [
      "05400141438536",
      "15400141301707",
      "05400141301700"
    ],
    "topCategoryName": "Chips/Borrelhapjes",
    "topCategoryId": "306",
    "businessDomain": "RETAIL_BE",
    "IsPrivateLabel": true,
    "IsBiffe": false,
    "WeightconversionFactor": "0",
    "IsWeightArticle": false,
    "nutriscoreLabel": "C",
    "IsBio": false,
    "CountryOfOrigin": "BELGIË",
    "IsExclusivelySoldInLuxembourg": false,
    "OrderUnit": "P",
    "ShortName": "BONI HUMMUS PESTO 150G",
    "IsNew": false,
    "EcoscoreLabel": "A",
    "RecentQuanityOfStockUnits": "1",
    "LongName": "BONI HUMMUS PESTO 150g",
    "FicCode": "I",
    "EcoscoreValue": "83"
  },
  {
    "productId": "572224",
    "technicalArticleNumber": "4218516",
    "commercialArticleNumber": "17255",
    "name": "Hummus Griekse topping",
    "thumbNail": "https://static.colruytgroup.com/images/200x200/std.lang.all/01/04/asset-2180104.jpg",
    "fullImage": "https://static.colruytgroup.com/images/500x500/std.lang.all/01/04/asset-2180104.jpg",
    "squareImage": "https://static.colruytgroup.com/images/500x500sq/std.lang.all/01/04/asset-2180104.jpg",
    "content": "200g",
    "walkRouteSequenceNumber": 7774,
    "price": {
      "basicPrice": 2.79,
      "recommendedQuantity": "1.0",
      "quantityPrice": 2.57,
      "quantityPriceQuantity": "3.0",
      "measurementUnitPrice": 13.95,
      "measurementUnitQuantityPrice": 12.85,
      "measurementUnit": "K",
      "isRedPrice": false,
      "pricePerUOM": 13.95,
      "activationDate": "07-03-2023",
      "isPromoActive": "N",
      "priceChangeCode": "H",
      "quantityPricePerUOM": 12.85,
      "quantityActivationDate": "07-03-2023",
      "quantityPriceChangeCode": "H"
    },
    "isAvailable": true,
    "isPriceAvailable": true,
    "inPromo": false,
    "gtin": [
      "15425020166574",
      "05425020166577"
    ],
    "topCategoryName": "Chips/Borrelhapjes",
    "topCategoryId": "306",
    "businessDomain": "RETAIL_BE",
    "IsPrivateLabel": false,
    "IsBiffe": false,
    "WeightconversionFactor": "0",
    "IsWeightArticle": false,
    "nutriscoreLabel": "C",
    "IsBio": false,
    "CountryOfOrigin": "BELGIË",
    "IsExclusivelySoldInLuxembourg": false,
    "OrderUnit": "P",
    "ShortName": "HUM.GRIEKSE TOPPING200G",
    "IsNew": false,
    "EcoscoreLabel": "B",
    "RecentQuanityOfStockUnits": "1",
    "LongName": "Hummus Griekse topping 200g",
    "FicCode": "E",
    "EcoscoreValue": "72"
  },
  {
    "productId": "866922",
    "technicalArticleNumber": "4719596",
    "commercialArticleNumber": "10343",
    "name": "Hummus Rode Biet Bio",
    "brand": "BONI BIO",
    "seoBrand": "Boni Selection Bio",
    "thumbNail": "https://static.colruytgroup.com/images/200x200/std.lang.all/21/92/asset-3212192.jpg",
    "fullImage": "https://static.colruytgroup.com/images/500x500/std.lang.all/21/92/asset-3212192.jpg",
    "squareImage": "https://static.colruytgroup.com/images/500x500sq/std.lang.all/21/92/asset-3212192.jpg",
    "content": "200g",
    "walkRouteSequenceNumber": 7660,
    "price": {
      "basicPrice": 2.69,
      "recommendedQuantity": "1.0",
      "quantityPrice": 2.47,
      "quantityPriceQuantity": "3.0",
      "measurementUnitPrice": 13.45,
      "measurementUnitQuantityPrice": 12.35,
      "measurementUnit": "K",
      "isRedPrice": false,
      "pricePerUOM": 13.45,
      "activationDate": "13-12-2023",
      "isPromoActive": "N",
      "priceChangeCode": "E",
      "quantityPricePerUOM": 12.35,
      "quantityActivationDate": "13-12-2023",
      "quantityPriceChangeCode": "E"
    },
    "isAvailable": true,
    "isPriceAvailable": true,
    "inPromo": false,
    "gtin": [
      "05400141502312",
      "15400141502319"
    ],
    "topCategoryName": "Chips/Borrelhapjes",
    "topCategoryId": "306",
    "businessDomain": "RETAIL_BE",
    "IsPrivateLabel": true,
    "IsBiffe": false,
    "WeightconversionFactor": "0",
    "IsWeightArticle": false,
    "nutriscoreLabel": "C",
    "IsBio": true,
    "CountryOfOrigin": "BELGIË",
    "IsExclusivelySoldInLuxembourg": false,
    "OrderUnit": "P",
    "ShortName": "BONI HUM.R.BIET BIO200G",
    "IsNew": false,
    "EcoscoreLabel": "B",
    "RecentQuanityOfStockUnits": "1",
    "LongName": "BONI BIO Hummus Rode Biet Bio 200g",
    "FicCode": "I",
    "EcoscoreValue": "72"
  },
  {
    "productId": "863503",
    "technicalArticleNumber": "4714915",
    "commercialArticleNumber": "31923",
    "name": "mango hummus",
    "brand": "BONI",
    "seoBrand": "Boni Selection",
    "thumbNail": "https://static.colruytgroup.com/images/200x200/std.lang.all/75/85/asset-3207585.jpg",
    "fullImage": "https://static.colruytgroup.com/images/500x500/std.lang.all/75/85/asset-3207585.jpg",
    "squareImage": "https://static.colruytgroup.com/images/500x500sq/std.lang.all/75/85/asset-3207585.jpg",
    "content": "175g",
    "walkRouteSequenceNumber": 7658,
    "price": {
      "basicPrice": 2.5,
      "recommendedQuantity": "1.0",
      "quantityPrice": 2.3,
      "quantityPriceQuantity": "3.0",
      "measurementUnitPrice": 14.29,
      "measurementUnitQuantityPrice": 13.15,
      "measurementUnit": "K",
      "isRedPrice": false,
      "pricePerUOM": 14.29,
      "activationDate": "13-02-2024",
      "isPromoActive": "Y",
      "priceChangeCode": "E",
      "quantityPricePerUOM": 13.15,
      "quantityActivationDate": "13-02-2024",
      "quantityPriceChangeCode": "E"
    },
    "isAvailable": true,
    "isPriceAvailable": true,
    "inPromo": false,
    "gtin": [
      "05400141443691",
      "45400141453322"
    ],
    "topCategoryName": "Chips/Borrelhapjes",
    "topCategoryId": "306",
    "businessDomain": "RETAIL_BE",
    "IsPrivateLabel": true,
    "IsBiffe": false,
    "WeightconversionFactor": "0",
    "IsWeightArticle": false,
    "nutriscoreLabel": "C",
    "IsBio": false,
    "CountryOfOrigin": "BELGIË",
    "IsExclusivelySoldInLuxembourg": false,
    "OrderUnit": "P",
    "ShortName": "BONI MANGO HUMMUS 175G",
    "IsNew": false,
    "EcoscoreLabel": "B",
    "RecentQuanityOfStockUnits": "1",
    "LongName": "BONI mango hummus 175g",
    "FicCode": "I",
    "EcoscoreValue": "72"
  },
  {
    "productId": "618056",
    "technicalArticleNumber": "4294996",
    "commercialArticleNumber": "13648",
    "name": "crac nut hot sweet chili",
    "brand": "DUYVIS",
    "seoBrand": "Duyvis Crac-A-Nut",
    "thumbNail": "https://static.colruytgroup.com/images/200x200/std.lang.all/37/52/asset-2133752.jpg",
    "fullImage": "https://static.colruytgroup.com/images/500x500/std.lang.all/37/52/asset-2133752.jpg",
    "squareImage": "https://static.colruytgroup.com/images/500x500sq/std.lang.all/37/52/asset-2133752.jpg",
    "content": "200g",
    "walkRouteSequenceNumber": 4431,
    "price": {
      "basicPrice": 2.49,
      "recommendedQuantity": "1.0",
      "measurementUnitPrice": 12.45,
      "measurementUnit": "K",
      "isRedPrice": false,
      "pricePerUOM": 12.45,
      "activationDate": "06-03-2024",
      "recordSource": "Offline",
      "isPromoActive": "N",
      "priceChangeCode": "H"
    },
    "isAvailable": true,
    "isPriceAvailable": true,
    "inPromo": false,
    "gtin": [
      "08710398011602",
      "08710398011732"
    ],
    "topCategoryName": "Groenten en fruit",
    "topCategoryId": "1675",
    "businessDomain": "RETAIL_BE",
    "IsPrivateLabel": false,
    "IsBiffe": false,
    "WeightconversionFactor": "0",
    "IsWeightArticle": false,
    "nutriscoreLabel": "C",
    "IsBio": false,
    "CountryOfOrigin": "NEDERLAND",
    "IsExclusivelySoldInLuxembourg": false,
    "OrderUnit": "P",
    "ShortName": "DUYV CR.N.HOT SW.CHI200",
    "IsNew": false,
    "RecentQuanityOfStockUnits": "1",
    "LongName": "DUYVIS crac nut hot sweet chili 200g",
    "AlcoholVolume": "0",
    "FicCode": "E"
  },
  {
    "productId": "851043",
    "technicalArticleNumber": "4698957",
    "commercialArticleNumber": "30894",
    "name": "Popped Crisps Sw.Chili",
    "description": "*Popped chips\n*Vegan\n*Gluten vrij",
    "brand": "GOOD & HONEST",
    "seoBrand": "Good & Honest Popped Crisps",
    "thumbNail": "https://static.colruytgroup.com/images/200x200/std.lang.all/28/00/asset-3172800.jpg",
    "fullImage": "https://static.colruytgroup.com/images/500x500/std.lang.all/28/00/asset-3172800.jpg",
    "squareImage": "https://static.colruytgroup.com/images/500x500sq/std.lang.all/28/00/asset-3172800.jpg",
    "content": "85g",
    "walkRouteSequenceNumber": 4456,
    "price": {
      "basicPrice": 1.99,
      "recommendedQuantity": "1.0",
      "measurementUnitPrice": 23.42,
      "measurementUnit": "K",
      "isRedPrice": false,
      "pricePerUOM": 23.42,
      "activationDate": "20-09-2023",
      "isPromoActive": "N",
      "priceChangeCode": "E"
    },
    "isAvailable": true,
    "isPriceAvailable": true,
    "inPromo": false,
    "gtin": [
      "05060326875107",
      "05060326870836"
    ],
    "topCategoryName": "Chips/Borrelhapjes",
    "topCategoryId": "306",
    "businessDomain": "RETAIL_BE",
    "IsPrivateLabel": false,
    "IsBiffe": false,
    "WeightconversionFactor": "0",
    "IsWeightArticle": false,
    "IsBio": false,
    "CountryOfOrigin": "VERENIGD KONINKRIJK",
    "IsExclusivelySoldInLuxembourg": false,
    "OrderUnit": "P",
    "ShortName": "GOHO POP.SW.CHILI 85G",
    "IsNew": false,
    "RecentQuanityOfStockUnits": "1,8",
    "LongName": "GOOD & HONEST Popped Crisps Sw.Chili 85g",
    "FicCode": "E"
  },
  {
    "productId": "865590",
    "technicalArticleNumber": "4717780",
    "commercialArticleNumber": "3995",
    "name": "Cheritos in pesto",
    "brand": "BONI",
    "seoBrand": "Boni Selection",
    "thumbNail": "https://static.colruytgroup.com/images/200x200/std.lang.all/89/11/asset-3228911.jpg",
    "fullImage": "https://static.colruytgroup.com/images/500x500/std.lang.all/89/11/asset-3228911.jpg",
    "squareImage": "https://static.colruytgroup.com/images/500x500sq/std.lang.all/89/11/asset-3228911.jpg",
    "content": "150g",
    "walkRouteSequenceNumber": 7666,
    "price": {
      "basicPrice": 2.99,
      "recommendedQuantity": "1.0",
      "quantityPrice": 2.75,
      "quantityPriceQuantity": "3.0",
      "measurementUnitPrice": 19.94,
      "measurementUnitQuantityPrice": 18.34,
      "measurementUnit": "K",
      "isRedPrice": false,
      "pricePerUOM": 19.94,
      "activationDate": "27-04-2023",
      "isPromoActive": "N",
      "priceChangeCode": "E",
      "quantityPricePerUOM": 18.34,
      "quantityActivationDate": "27-04-2023",
      "quantityPriceChangeCode": "E"
    },
    "isAvailable": true,
    "isPriceAvailable": true,
    "inPromo": false,
    "gtin": [
      "15400141453321",
      "05400141443684"
    ],
    "topCategoryName": "Chips/Borrelhapjes",
    "topCategoryId": "306",
    "businessDomain": "RETAIL_BE",
    "IsPrivateLabel": true,
    "IsBiffe": false,
    "WeightconversionFactor": "0",
    "IsWeightArticle": false,
    "nutriscoreLabel": "C",
    "IsBio": false,
    "CountryOfOrigin": "BELGIË",
    "IsExclusivelySoldInLuxembourg": false,
    "OrderUnit": "P",
    "ShortName": "BONI CHERITOS PESTO150G",
    "IsNew": false,
    "EcoscoreLabel": "E",
    "RecentQuanityOfStockUnits": "1",
    "LongName": "BONI Cheritos in pesto 150g",
    "FicCode": "I",
    "EcoscoreValue": "0"
  },
  {
    "productId": "863494",
    "technicalArticleNumber": "4714906",
    "commercialArticleNumber": "31921",
    "name": "Hummus met Muhammara",
    "brand": "BONI",
    "seoBrand": "Boni Selection",
    "thumbNail": "https://static.colruytgroup.com/images/200x200/std.lang.all/24/95/asset-3202495.jpg",
    "fullImage": "https://static.colruytgroup.com/images/500x500/std.lang.all/24/95/asset-3202495.jpg",
    "squareImage": "https://static.colruytgroup.com/images/500x500sq/std.lang.all/24/95/asset-3202495.jpg",
    "content": "175g",
    "walkRouteSequenceNumber": 7769,
    "price": {
      "basicPrice": 2.5,
      "recommendedQuantity": "1.0",
      "quantityPrice": 2.3,
      "quantityPriceQuantity": "3.0",
      "measurementUnitPrice": 14.29,
      "measurementUnitQuantityPrice": 13.15,
      "measurementUnit": "K",
      "isRedPrice": false,
      "pricePerUOM": 14.29,
      "activationDate": "13-03-2024",
      "isPromoActive": "N",
      "priceChangeCode": "E",
      "quantityPricePerUOM": 13.15,
      "quantityActivationDate": "13-03-2024",
      "quantityPriceChangeCode": "E"
    },
    "isAvailable": true,
    "isPriceAvailable": true,
    "inPromo": false,
    "gtin": [
      "05400141443677",
      "25400141453328"
    ],
    "topCategoryName": "Chips/Borrelhapjes",
    "topCategoryId": "306",
    "businessDomain": "RETAIL_BE",
    "IsPrivateLabel": true,
    "IsBiffe": false,
    "WeightconversionFactor": "0",
    "IsWeightArticle": false,
    "nutriscoreLabel": "C",
    "IsBio": false,
    "CountryOfOrigin": "BELGIË",
    "IsExclusivelySoldInLuxembourg": false,
    "OrderUnit": "P",
    "ShortName": "BONI HUMMUS MUHAMM.175G",
    "IsNew": false,
    "EcoscoreLabel": "B",
    "RecentQuanityOfStockUnits": "1,6",
    "LongName": "BONI Hummus met Muhammara 175g",
    "FicCode": "I",
    "EcoscoreValue": "72"
  },
  {
    "productId": "863492",
    "technicalArticleNumber": "4714896",
    "commercialArticleNumber": "31918",
    "name": "Tomaat mozzarella dip",
    "brand": "BONI",
    "seoBrand": "Boni Selection",
    "thumbNail": "https://static.colruytgroup.com/images/200x200/std.lang.all/42/59/asset-3424259.jpg",
    "fullImage": "https://static.colruytgroup.com/images/500x500/std.lang.all/42/59/asset-3424259.jpg",
    "squareImage": "https://static.colruytgroup.com/images/500x500sq/std.lang.all/42/59/asset-3424259.jpg",
    "content": "175g",
    "walkRouteSequenceNumber": 6789,
    "price": {
      "basicPrice": 2.5,
      "recommendedQuantity": "1.0",
      "quantityPrice": 2.4,
      "quantityPriceQuantity": "3.0",
      "measurementUnitPrice": 14.29,
      "measurementUnitQuantityPrice": 13.72,
      "measurementUnit": "K",
      "isRedPrice": false,
      "pricePerUOM": 14.29,
      "activationDate": "24-03-2023",
      "isPromoActive": "N",
      "priceChangeCode": "E",
      "quantityPricePerUOM": 13.72,
      "quantityActivationDate": "24-03-2023",
      "quantityPriceChangeCode": "E"
    },
    "isAvailable": true,
    "isPriceAvailable": true,
    "inPromo": false,
    "gtin": [
      "35400141453325",
      "05400141443660"
    ],
    "topCategoryName": "Chips/Borrelhapjes",
    "topCategoryId": "306",
    "businessDomain": "RETAIL_BE",
    "IsPrivateLabel": true,
    "IsBiffe": false,
    "WeightconversionFactor": "0",
    "IsWeightArticle": false,
    "nutriscoreLabel": "E",
    "IsBio": false,
    "CountryOfOrigin": "BELGIË",
    "IsExclusivelySoldInLuxembourg": false,
    "OrderUnit": "P",
    "ShortName": "BONI TOMA.MOZZ.DIP 175G",
    "IsNew": false,
    "EcoscoreLabel": "C",
    "RecentQuanityOfStockUnits": "1",
    "LongName": "BONI Tomaat mozzarella dip 175g",
    "FicCode": "I",
    "EcoscoreValue": "43"
  },
  {
    "productId": "385939",
    "technicalArticleNumber": "3836778",
    "commercialArticleNumber": "21904",
    "name": "Original zout",
    "brand": "PRINGLES",
    "seoBrand": "Pringles",
    "thumbNail": "https://static.colruytgroup.com/images/200x200/std.lang.all/86/30/asset-2828630.jpg",
    "fullImage": "https://static.colruytgroup.com/images/500x500/std.lang.all/86/30/asset-2828630.jpg",
    "squareImage": "https://static.colruytgroup.com/images/500x500sq/std.lang.all/86/30/asset-2828630.jpg",
    "content": "40g",
    "walkRouteSequenceNumber": 4626,
    "price": {
      "basicPrice": 1.39,
      "recommendedQuantity": "1.0",
      "measurementUnitPrice": 34.75,
      "measurementUnit": "K",
      "isRedPrice": false,
      "pricePerUOM": 34.75,
      "activationDate": "19-03-2024",
      "recordSource": "Offline",
      "isPromoActive": "N",
      "priceChangeCode": "H"
    },
    "isAvailable": true,
    "isPriceAvailable": true,
    "inPromo": false,
    "gtin": [
      "05053990107339",
      "05053990107476"
    ],
    "topCategoryName": "Chips/Borrelhapjes",
    "topCategoryId": "306",
    "businessDomain": "RETAIL_BE",
    "IsPrivateLabel": false,
    "IsBiffe": false,
    "WeightconversionFactor": "0",
    "IsWeightArticle": false,
    "nutriscoreLabel": "C",
    "IsBio": false,
    "CountryOfOrigin": "EUROPA",
    "IsExclusivelySoldInLuxembourg": false,
    "OrderUnit": "P",
    "ShortName": "HC DS PRIN ORIG.ZOUT40",
    "InSeason": true,
    "IsNew": false,
    "RecentQuanityOfStockUnits": "1,12",
    "LongName": "PRINGLES Original zout 40g",
    "AlcoholVolume": "0",
    "StartSeasonDate": "06/11/2020",
    "FicCode": "E"
  },
  {
    "productId": "384115",
    "technicalArticleNumber": "3836730",
    "commercialArticleNumber": "21903",
    "name": "paprika",
    "brand": "PRINGLES",
    "seoBrand": "Pringles",
    "thumbNail": "https://static.colruytgroup.com/images/200x200/std.lang.all/92/42/asset-2809242.jpg",
    "fullImage": "https://static.colruytgroup.com/images/500x500/std.lang.all/92/42/asset-2809242.jpg",
    "squareImage": "https://static.colruytgroup.com/images/500x500sq/std.lang.all/92/42/asset-2809242.jpg",
    "content": "40g",
    "walkRouteSequenceNumber": 4627,
    "price": {
      "basicPrice": 1.19,
      "recommendedQuantity": "1.0",
      "measurementUnitPrice": 29.75,
      "measurementUnit": "K",
      "isRedPrice": false,
      "pricePerUOM": 29.75,
      "activationDate": "21-03-2024",
      "recordSource": "Offline",
      "isPromoActive": "N",
      "priceChangeCode": "L"
    },
    "isAvailable": true,
    "isPriceAvailable": true,
    "inPromo": false,
    "gtin": [
      "05053990161614",
      "05053990161607",
      "05053990107445",
      "05053990107308"
    ],
    "topCategoryName": "Chips/Borrelhapjes",
    "topCategoryId": "306",
    "businessDomain": "RETAIL_BE",
    "IsPrivateLabel": false,
    "IsBiffe": false,
    "WeightconversionFactor": "0",
    "IsWeightArticle": false,
    "nutriscoreLabel": "C",
    "IsBio": false,
    "CountryOfOrigin": "EUROPA",
    "IsExclusivelySoldInLuxembourg": false,
    "OrderUnit": "P",
    "ShortName": "HC PRIN PAPRIKA 40G",
    "InSeason": true,
    "IsNew": false,
    "RecentQuanityOfStockUnits": "1,12",
    "LongName": "PRINGLES paprika 40g",
    "AlcoholVolume": "0",
    "StartSeasonDate": "06/11/2020",
    "FicCode": "E"
  },
  {
    "productId": "686674",
    "technicalArticleNumber": "4410172",
    "commercialArticleNumber": "24986",
    "name": "ontpitte groene olijven",
    "brand": "BRINDOLIVE",
    "seoBrand": "Brindolive",
    "thumbNail": "https://static.colruytgroup.com/images/200x200/std.lang.all/31/61/asset-2353161.jpg",
    "fullImage": "https://static.colruytgroup.com/images/500x500/std.lang.all/31/61/asset-2353161.jpg",
    "squareImage": "https://static.colruytgroup.com/images/500x500sq/std.lang.all/31/61/asset-2353161.jpg",
    "content": "940g",
    "walkRouteSequenceNumber": 4595,
    "price": {
      "basicPrice": 3.39,
      "recommendedQuantity": "1.0",
      "measurementUnitPrice": 3.61,
      "measurementUnit": "K",
      "isRedPrice": false,
      "pricePerUOM": 3.61,
      "activationDate": "22-02-2024",
      "isPromoActive": "N",
      "priceChangeCode": "H"
    },
    "isAvailable": true,
    "isPriceAvailable": true,
    "inPromo": false,
    "gtin": [
      "05412535002599",
      "05412535002438"
    ],
    "topCategoryName": "Chips/Borrelhapjes",
    "topCategoryId": "306",
    "businessDomain": "RETAIL_BE",
    "IsPrivateLabel": false,
    "IsBiffe": false,
    "WeightconversionFactor": "0",
    "IsWeightArticle": false,
    "IsBio": false,
    "CountryOfOrigin": "MAROKKO",
    "IsExclusivelySoldInLuxembourg": false,
    "OrderUnit": "P",
    "ShortName": "BRIN ONTP.GR.OLIJVEN940",
    "IsNew": false,
    "RecentQuanityOfStockUnits": "6,1",
    "LongName": "BRINDOLIVE ontpitte groene olijven 940g",
    "FicCode": "E"
  },
  {
    "productId": "873527",
    "technicalArticleNumber": "4728419",
    "commercialArticleNumber": "31676",
    "name": "Trio wintergroenten",
    "brand": "BONI",
    "seoBrand": "Boni Selection",
    "thumbNail": "https://static.colruytgroup.com/images/200x200/std.lang.all/91/70/asset-3329170.jpg",
    "fullImage": "https://static.colruytgroup.com/images/500x500/std.lang.all/91/70/asset-3329170.jpg",
    "squareImage": "https://static.colruytgroup.com/images/500x500sq/std.lang.all/91/70/asset-3329170.jpg",
    "content": "180g",
    "walkRouteSequenceNumber": 6775,
    "price": {
      "basicPrice": 2.99,
      "recommendedQuantity": "1.0",
      "quantityPrice": 2.75,
      "quantityPriceQuantity": "3.0",
      "measurementUnitPrice": 16.62,
      "measurementUnitQuantityPrice": 15.28,
      "measurementUnit": "K",
      "isRedPrice": false,
      "pricePerUOM": 16.62,
      "activationDate": "31-01-2024",
      "isPromoActive": "N",
      "priceChangeCode": "E",
      "quantityPricePerUOM": 15.28,
      "quantityActivationDate": "31-01-2024",
      "quantityPriceChangeCode": "E"
    },
    "isAvailable": true,
    "isPriceAvailable": true,
    "inPromo": false,
    "gtin": [
      "05400141911176"
    ],
    "topCategoryName": "Chips/Borrelhapjes",
    "topCategoryId": "306",
    "businessDomain": "RETAIL_BE",
    "IsPrivateLabel": true,
    "IsBiffe": false,
    "WeightconversionFactor": "0",
    "IsWeightArticle": false,
    "nutriscoreLabel": "C",
    "IsBio": false,
    "CountryOfOrigin": "BELGIË",
    "IsExclusivelySoldInLuxembourg": false,
    "OrderUnit": "P",
    "ShortName": "BONI TRIO WINTERGR.180G",
    "IsNew": false,
    "EcoscoreLabel": "B",
    "RecentQuanityOfStockUnits": "1",
    "LongName": "BONI Trio wintergroenten 180g",
    "FicCode": "I",
    "EcoscoreValue": "72"
  },
  {
    "productId": "686270",
    "technicalArticleNumber": "4409745",
    "commercialArticleNumber": "24910",
    "name": "gesuikerde pinda's jumbo",
    "brand": "GARMELLO",
    "seoBrand": "Garmello",
    "thumbNail": "https://static.colruytgroup.com/images/200x200/std.lang.all/04/97/asset-2480497.jpg",
    "fullImage": "https://static.colruytgroup.com/images/500x500/std.lang.all/04/97/asset-2480497.jpg",
    "squareImage": "https://static.colruytgroup.com/images/500x500sq/std.lang.all/04/97/asset-2480497.jpg",
    "content": "300g",
    "walkRouteSequenceNumber": 17655,
    "price": {
      "basicPrice": 2.09,
      "recommendedQuantity": "1.0",
      "quantityPrice": 2.01,
      "quantityPriceQuantity": "3.0",
      "measurementUnitPrice": 6.97,
      "measurementUnitQuantityPrice": 6.7,
      "measurementUnit": "K",
      "isRedPrice": false,
      "pricePerUOM": 6.97,
      "activationDate": "03-11-2022",
      "isPromoActive": "N",
      "priceChangeCode": "E",
      "quantityPricePerUOM": 6.7,
      "quantityActivationDate": "03-11-2022",
      "quantityPriceChangeCode": "H"
    },
    "isAvailable": true,
    "isPriceAvailable": true,
    "inPromo": false,
    "gtin": [
      "05412535017326",
      "05412535017333"
    ],
    "topCategoryName": "Groenten en fruit",
    "topCategoryId": "1675",
    "businessDomain": "RETAIL_BE",
    "IsPrivateLabel": false,
    "IsBiffe": false,
    "WeightconversionFactor": "0",
    "IsWeightArticle": false,
    "IsBio": false,
    "CountryOfOrigin": "NEDERLAND",
    "IsExclusivelySoldInLuxembourg": false,
    "OrderUnit": "P",
    "ShortName": "GARM GES.PINDA JUMBO300",
    "IsNew": false,
    "RecentQuanityOfStockUnits": "1",
    "LongName": "GARMELLO gesuikerde pinda's jumbo 300g",
    "FicCode": "E"
  },
  {
    "productId": "285957",
    "technicalArticleNumber": "3677008",
    "commercialArticleNumber": "9258",
    "name": "Franse zwarte olijven Nyons",
    "brand": "BONI",
    "seoBrand": "Boni Selection",
    "thumbNail": "https://static.colruytgroup.com/images/200x200/std.lang.all/99/01/asset-1549901.jpg",
    "fullImage": "https://static.colruytgroup.com/images/500x500/std.lang.all/99/01/asset-1549901.jpg",
    "squareImage": "https://static.colruytgroup.com/images/500x500sq/std.lang.all/99/01/asset-1549901.jpg",
    "content": "150g",
    "walkRouteSequenceNumber": 7691,
    "price": {
      "basicPrice": 3.49,
      "recommendedQuantity": "1.0",
      "quantityPrice": 3.21,
      "quantityPriceQuantity": "3.0",
      "measurementUnitPrice": 23.27,
      "measurementUnitQuantityPrice": 21.4,
      "measurementUnit": "K",
      "isRedPrice": false,
      "pricePerUOM": 23.27,
      "activationDate": "14-12-2023",
      "isPromoActive": "N",
      "priceChangeCode": "E",
      "quantityPricePerUOM": 21.4,
      "quantityActivationDate": "14-12-2023",
      "quantityPriceChangeCode": "E"
    },
    "isAvailable": true,
    "isPriceAvailable": true,
    "inPromo": false,
    "gtin": [
      "15400141155690",
      "05400141155693",
      "05400141387254",
      "15400141387251",
      "05400141981698",
      "15400141981695"
    ],
    "topCategoryName": "Chips/Borrelhapjes",
    "topCategoryId": "306",
    "businessDomain": "RETAIL_BE",
    "IsPrivateLabel": true,
    "IsBiffe": false,
    "WeightconversionFactor": "0",
    "IsWeightArticle": false,
    "nutriscoreLabel": "D",
    "IsBio": false,
    "CountryOfOrigin": "FRANKRIJK",
    "IsExclusivelySoldInLuxembourg": false,
    "OrderUnit": "P",
    "ShortName": "BS FR.ZW.OL.NY.NAT.150G",
    "InSeason": true,
    "IsNew": false,
    "EcoscoreLabel": "B",
    "RecentQuanityOfStockUnits": "1,9",
    "LongName": "BONI Franse zwarte olijven Nyons 150g",
    "AlcoholVolume": "0",
    "StartSeasonDate": "28/10/2020",
    "FicCode": "I",
    "EcoscoreValue": "79"
  },
  {
    "productId": "847567",
    "technicalArticleNumber": "4693983",
    "commercialArticleNumber": "21371",
    "name": "Nacho To-go met Salsa dip",
    "description": "*Nacho chips\n*To go\n*Salsa dipsaus",
    "brand": "JIMMY'S",
    "seoBrand": "Jimmy's",
    "thumbNail": "https://static.colruytgroup.com/images/200x200/std.lang.all/04/48/asset-3140448.jpg",
    "fullImage": "https://static.colruytgroup.com/images/500x500/std.lang.all/04/48/asset-3140448.jpg",
    "squareImage": "https://static.colruytgroup.com/images/500x500sq/std.lang.all/04/48/asset-3140448.jpg",
    "content": "200g",
    "walkRouteSequenceNumber": 4774,
    "price": {
      "basicPrice": 2.79,
      "recommendedQuantity": "1.0",
      "measurementUnitPrice": 13.95,
      "measurementUnit": "K",
      "isRedPrice": false,
      "pricePerUOM": 13.95,
      "activationDate": "27-02-2024",
      "isPromoActive": "N",
      "priceChangeCode": "E"
    },
    "isAvailable": true,
    "isPriceAvailable": true,
    "inPromo": false,
    "gtin": [
      "08713276331144",
      "08713276031143"
    ],
    "topCategoryName": "Chips/Borrelhapjes",
    "topCategoryId": "306",
    "businessDomain": "RETAIL_BE",
    "IsPrivateLabel": false,
    "IsBiffe": false,
    "WeightconversionFactor": "0",
    "IsWeightArticle": false,
    "nutriscoreLabel": "D",
    "IsBio": false,
    "CountryOfOrigin": "NEDERLAND",
    "IsExclusivelySoldInLuxembourg": false,
    "OrderUnit": "P",
    "ShortName": "JIMM NACH.TOGO SAL 200G",
    "IsNew": false,
    "EcoscoreLabel": "B",
    "RecentQuanityOfStockUnits": "1",
    "LongName": "JIMMY'S Nacho To-go met Salsa dip 200g",
    "FicCode": "E",
    "EcoscoreValue": "67"
  },
  {
    "productId": "60235",
    "technicalArticleNumber": "2323460",
    "commercialArticleNumber": "16684",
    "name": "Tortilla Rolls tomaat",
    "description": "*Zonnebloemolie",
    "brand": "BONI BIO",
    "seoBrand": "Boni Selection Bio",
    "thumbNail": "https://static.colruytgroup.com/images/200x200/std.lang.all/96/45/asset-3179645.jpg",
    "fullImage": "https://static.colruytgroup.com/images/500x500/std.lang.all/96/45/asset-3179645.jpg",
    "squareImage": "https://static.colruytgroup.com/images/500x500sq/std.lang.all/96/45/asset-3179645.jpg",
    "content": "125g",
    "walkRouteSequenceNumber": 13579,
    "price": {
      "basicPrice": 1.69,
      "recommendedQuantity": "1.0",
      "measurementUnitPrice": 13.52,
      "measurementUnit": "K",
      "isRedPrice": false,
      "pricePerUOM": 13.52,
      "activationDate": "25-11-2023",
      "isPromoActive": "N",
      "priceChangeCode": "E"
    },
    "isAvailable": true,
    "isPriceAvailable": true,
    "inPromo": false,
    "gtin": [
      "05400141442373",
      "01540014116681",
      "15400141115632",
      "05400141385724",
      "05400141115635",
      "15400141385721"
    ],
    "topCategoryName": "Chips/Borrelhapjes",
    "topCategoryId": "306",
    "businessDomain": "RETAIL_BE",
    "IsPrivateLabel": true,
    "IsBiffe": false,
    "WeightconversionFactor": "0",
    "IsWeightArticle": false,
    "nutriscoreLabel": "D",
    "IsBio": true,
    "CountryOfOrigin": "BELGIË",
    "IsExclusivelySoldInLuxembourg": false,
    "OrderUnit": "P",
    "ShortName": "UB BIO BONI TOR.TOM125G",
    "InSeason": true,
    "IsNew": false,
    "EcoscoreLabel": "B",
    "RecentQuanityOfStockUnits": "1",
    "LongName": "BONI BIO Tortilla Rolls tomaat 125g",
    "AlcoholVolume": "0",
    "StartSeasonDate": "28/11/2019",
    "FicCode": "I",
    "EcoscoreValue": "79"
  },
  {
    "productId": "1021492",
    "technicalArticleNumber": "4790396",
    "commercialArticleNumber": "30755",
    "name": "Patatas Fritas Ketchup",
    "description": "*Patatas Fritas Ketchup",
    "brand": "CROKY",
    "seoBrand": "Croky",
    "thumbNail": "https://static.colruytgroup.com/images/200x200/std.lang.all/99/11/asset-3449911.jpg",
    "fullImage": "https://static.colruytgroup.com/images/500x500/std.lang.all/99/11/asset-3449911.jpg",
    "squareImage": "https://static.colruytgroup.com/images/500x500sq/std.lang.all/99/11/asset-3449911.jpg",
    "content": "100g",
    "walkRouteSequenceNumber": 4781,
    "price": {
      "basicPrice": 1.79,
      "recommendedQuantity": "1.0",
      "measurementUnitPrice": 17.9,
      "measurementUnit": "K",
      "isRedPrice": false,
      "pricePerUOM": 17.9,
      "activationDate": "10-02-2024",
      "isPromoActive": "N",
      "priceChangeCode": "E"
    },
    "isAvailable": true,
    "isPriceAvailable": true,
    "inPromo": false,
    "gtin": [
      "05414359981531",
      "05414359781537"
    ],
    "topCategoryName": "Chips/Borrelhapjes",
    "topCategoryId": "306",
    "businessDomain": "RETAIL_BE",
    "IsPrivateLabel": false,
    "IsBiffe": false,
    "WeightconversionFactor": "0",
    "IsWeightArticle": false,
    "nutriscoreLabel": "E",
    "IsBio": false,
    "CountryOfOrigin": "BELGIË",
    "IsExclusivelySoldInLuxembourg": false,
    "OrderUnit": "P",
    "ShortName": "CROK PATAT FRIT.KET.100",
    "IsNew": true,
    "EcoscoreLabel": "B",
    "RecentQuanityOfStockUnits": "1,9",
    "LongName": "CROKY Patatas Fritas Ketchup 100g",
    "AlcoholVolume": "0",
    "FicCode": "E",
    "EcoscoreValue": "67"
  },
  {
    "productId": "850424",
    "technicalArticleNumber": "4697900",
    "commercialArticleNumber": "30859",
    "name": "peulvruchtensticks zout",
    "description": "*Snack op basis van\npeulvruchten\n*Licht gezouten\n*Glutenvrij",
    "brand": "FABO SNACKS",
    "seoBrand": "Fabo Snacks",
    "thumbNail": "https://static.colruytgroup.com/images/200x200/std.lang.all/16/84/asset-3201684.jpg",
    "fullImage": "https://static.colruytgroup.com/images/500x500/std.lang.all/16/84/asset-3201684.jpg",
    "squareImage": "https://static.colruytgroup.com/images/500x500sq/std.lang.all/16/84/asset-3201684.jpg",
    "content": "40g",
    "walkRouteSequenceNumber": 2260,
    "price": {
      "basicPrice": 1.19,
      "recommendedQuantity": "1.0",
      "measurementUnitPrice": 29.75,
      "measurementUnit": "K",
      "isRedPrice": false,
      "pricePerUOM": 29.75,
      "activationDate": "14-02-2024",
      "isPromoActive": "N",
      "priceChangeCode": "E"
    },
    "isAvailable": true,
    "isPriceAvailable": true,
    "inPromo": false,
    "gtin": [
      "05430003393024",
      "05430003393031"
    ],
    "topCategoryName": "Groenten en fruit",
    "topCategoryId": "1675",
    "businessDomain": "RETAIL_BE",
    "IsPrivateLabel": false,
    "IsBiffe": false,
    "WeightconversionFactor": "0",
    "IsWeightArticle": false,
    "IsBio": false,
    "CountryOfOrigin": "ITALIË",
    "IsExclusivelySoldInLuxembourg": false,
    "OrderUnit": "P",
    "ShortName": "FASN PEULV.STICK.ZOUT40",
    "IsNew": false,
    "EcoscoreLabel": "B",
    "RecentQuanityOfStockUnits": "1",
    "LongName": "FABO SNACKS peulvruchtensticks zout 40g",
    "FicCode": "E",
    "EcoscoreValue": "74"
  },
  {
    "productId": "890845",
    "technicalArticleNumber": "4751711",
    "commercialArticleNumber": "14288",
    "name": "Geroost.ongez.",
    "brand": "WONDERFUL PISTACHIOS",
    "seoBrand": "Wonderful pistachios",
    "thumbNail": "https://static.colruytgroup.com/images/200x200/std.lang.all/46/38/asset-3284638.jpg",
    "fullImage": "https://static.colruytgroup.com/images/500x500/std.lang.all/46/38/asset-3284638.jpg",
    "squareImage": "https://static.colruytgroup.com/images/500x500sq/std.lang.all/46/38/asset-3284638.jpg",
    "content": "250g",
    "walkRouteSequenceNumber": 17653,
    "price": {
      "basicPrice": 5.99,
      "recommendedQuantity": "1.0",
      "quantityPrice": 5.51,
      "quantityPriceQuantity": "3.0",
      "measurementUnitPrice": 23.96,
      "measurementUnitQuantityPrice": 22.04,
      "measurementUnit": "K",
      "isRedPrice": false,
      "pricePerUOM": 23.96,
      "activationDate": "22-03-2024",
      "recordSource": "Offline",
      "isPromoActive": "N",
      "priceChangeCode": "L",
      "quantityPricePerUOM": 22.04,
      "quantityActivationDate": "22-03-2024",
      "quantityPriceChangeCode": "L"
    },
    "isAvailable": true,
    "isPriceAvailable": true,
    "inPromo": false,
    "gtin": [
      "10014113290842"
    ],
    "topCategoryName": "Groenten en fruit",
    "topCategoryId": "1675",
    "businessDomain": "RETAIL_BE",
    "IsPrivateLabel": false,
    "IsBiffe": false,
    "WeightconversionFactor": "0",
    "IsWeightArticle": false,
    "nutriscoreLabel": "B",
    "IsBio": false,
    "CountryOfOrigin": "DUITSLAND",
    "IsExclusivelySoldInLuxembourg": false,
    "OrderUnit": "P",
    "ShortName": "WOPI GEROOST.ONGEZ.250G",
    "IsNew": false,
    "EcoscoreLabel": "D",
    "RecentQuanityOfStockUnits": "1",
    "LongName": "WONDERFUL PISTACHIOS Geroost.ongez. 250g",
    "FicCode": "E",
    "EcoscoreValue": "22"
  },
  {
    "productId": "774510",
    "technicalArticleNumber": "4563904",
    "commercialArticleNumber": "1523",
    "name": "tomaat bruschetta",
    "brand": "WONKY",
    "seoBrand": "Wonky",
    "thumbNail": "https://static.colruytgroup.com/images/200x200/std.lang.all/92/79/asset-2759279.jpg",
    "fullImage": "https://static.colruytgroup.com/images/500x500/std.lang.all/92/79/asset-2759279.jpg",
    "squareImage": "https://static.colruytgroup.com/images/500x500sq/std.lang.all/92/79/asset-2759279.jpg",
    "content": "150g",
    "walkRouteSequenceNumber": 7761,
    "price": {
      "basicPrice": 2.99,
      "recommendedQuantity": "1.0",
      "quantityPrice": 2.75,
      "quantityPriceQuantity": "3.0",
      "measurementUnitPrice": 19.94,
      "measurementUnitQuantityPrice": 18.34,
      "measurementUnit": "K",
      "isRedPrice": false,
      "pricePerUOM": 19.94,
      "activationDate": "03-11-2022",
      "isPromoActive": "N",
      "priceChangeCode": "E",
      "quantityPricePerUOM": 18.34,
      "quantityActivationDate": "03-11-2022",
      "quantityPriceChangeCode": "H"
    },
    "isAvailable": true,
    "isPriceAvailable": true,
    "inPromo": false,
    "gtin": [
      "05425001808625",
      "25425001808629"
    ],
    "topCategoryName": "Chips/Borrelhapjes",
    "topCategoryId": "306",
    "businessDomain": "RETAIL_BE",
    "IsPrivateLabel": false,
    "IsBiffe": false,
    "WeightconversionFactor": "0",
    "IsWeightArticle": false,
    "nutriscoreLabel": "C",
    "IsBio": false,
    "CountryOfOrigin": "BELGIË",
    "IsExclusivelySoldInLuxembourg": false,
    "OrderUnit": "P",
    "ShortName": "WONK TOM.BRUSCHET.150G",
    "IsNew": false,
    "EcoscoreLabel": "B",
    "RecentQuanityOfStockUnits": "1",
    "LongName": "WONKY tomaat bruschetta 150g",
    "FicCode": "E",
    "EcoscoreValue": "69"
  },
  {
    "productId": "850418",
    "technicalArticleNumber": "4697892",
    "commercialArticleNumber": "30858",
    "name": "peulvruchtensticks papr.",
    "description": "*Snack op basis van\npeulvruchten\n*Met paprika en tomaten-\nen oreganokruiden\n*Glutenvrij",
    "brand": "FABO SNACKS",
    "seoBrand": "Fabo Snacks",
    "thumbNail": "https://static.colruytgroup.com/images/200x200/std.lang.all/16/83/asset-3201683.jpg",
    "fullImage": "https://static.colruytgroup.com/images/500x500/std.lang.all/16/83/asset-3201683.jpg",
    "squareImage": "https://static.colruytgroup.com/images/500x500sq/std.lang.all/16/83/asset-3201683.jpg",
    "content": "40g",
    "walkRouteSequenceNumber": 2261,
    "price": {
      "basicPrice": 1.19,
      "recommendedQuantity": "1.0",
      "measurementUnitPrice": 29.75,
      "measurementUnit": "K",
      "isRedPrice": false,
      "pricePerUOM": 29.75,
      "activationDate": "14-02-2024",
      "isPromoActive": "N",
      "priceChangeCode": "E"
    },
    "isAvailable": true,
    "isPriceAvailable": true,
    "inPromo": false,
    "gtin": [
      "05430003393017",
      "05430003393048"
    ],
    "topCategoryName": "Groenten en fruit",
    "topCategoryId": "1675",
    "businessDomain": "RETAIL_BE",
    "IsPrivateLabel": false,
    "IsBiffe": false,
    "WeightconversionFactor": "0",
    "IsWeightArticle": false,
    "IsBio": false,
    "CountryOfOrigin": "ITALIË",
    "IsExclusivelySoldInLuxembourg": false,
    "OrderUnit": "P",
    "ShortName": "FASN PEULV.STICK PAPR40",
    "IsNew": false,
    "EcoscoreLabel": "B",
    "RecentQuanityOfStockUnits": "1",
    "LongName": "FABO SNACKS peulvruchtensticks papr. 40g",
    "FicCode": "E",
    "EcoscoreValue": "67"
  },
  {
    "productId": "227447",
    "technicalArticleNumber": "3568012",
    "commercialArticleNumber": "15542",
    "name": "pinda's gezouten",
    "description": "econom pinda zout 2kg",
    "brand": "ECONOM",
    "seoBrand": "Econom",
    "thumbNail": "https://static.colruytgroup.com/images/200x200/std.lang.all/95/00/asset-2949500.jpg",
    "fullImage": "https://static.colruytgroup.com/images/500x500/std.lang.all/95/00/asset-2949500.jpg",
    "squareImage": "https://static.colruytgroup.com/images/500x500sq/std.lang.all/95/00/asset-2949500.jpg",
    "content": "2kg",
    "walkRouteSequenceNumber": 4430,
    "price": {
      "basicPrice": 8.19,
      "recommendedQuantity": "1.0",
      "measurementUnitPrice": 4.1,
      "measurementUnit": "K",
      "isRedPrice": false,
      "pricePerUOM": 4.1,
      "activationDate": "18-04-2023",
      "isPromoActive": "N",
      "priceChangeCode": "H"
    },
    "isAvailable": true,
    "isPriceAvailable": true,
    "inPromo": false,
    "gtin": [
      "15404009101911",
      "05404009101914"
    ],
    "topCategoryName": "Groenten en fruit",
    "topCategoryId": "1675",
    "businessDomain": "RETAIL_BE",
    "IsPrivateLabel": true,
    "IsBiffe": false,
    "WeightconversionFactor": "0",
    "IsWeightArticle": false,
    "nutriscoreLabel": "C",
    "IsBio": false,
    "CountryOfOrigin": "BELGIË",
    "IsExclusivelySoldInLuxembourg": false,
    "OrderUnit": "P",
    "ShortName": "HC ECON PINDA ZOUT 2KG",
    "IsNew": false,
    "EcoscoreLabel": "D",
    "RecentQuanityOfStockUnits": "1,4",
    "LongName": "ECONOM pinda's gezouten 2kg",
    "AlcoholVolume": "0",
    "FicCode": "I",
    "EcoscoreValue": "33"
  },
  {
    "productId": "671691",
    "technicalArticleNumber": "4385081",
    "commercialArticleNumber": "24458",
    "name": "nacho natuur",
    "brand": "POCO LOCO",
    "seoBrand": "Poco Loco",
    "thumbNail": "https://static.colruytgroup.com/images/200x200/std.lang.all/22/77/asset-2402277.jpg",
    "fullImage": "https://static.colruytgroup.com/images/500x500/std.lang.all/22/77/asset-2402277.jpg",
    "squareImage": "https://static.colruytgroup.com/images/500x500sq/std.lang.all/22/77/asset-2402277.jpg",
    "content": "200g",
    "walkRouteSequenceNumber": 8581,
    "price": {
      "basicPrice": 2.59,
      "recommendedQuantity": "1.0",
      "measurementUnitPrice": 12.95,
      "measurementUnit": "K",
      "isRedPrice": false,
      "pricePerUOM": 12.95,
      "activationDate": "04-11-2022",
      "isPromoActive": "N",
      "priceChangeCode": "E"
    },
    "isAvailable": true,
    "isPriceAvailable": true,
    "inPromo": false,
    "gtin": [
      "05412514936952",
      "15412514936959"
    ],
    "topCategoryName": "Chips/Borrelhapjes",
    "topCategoryId": "306",
    "businessDomain": "RETAIL_BE",
    "IsPrivateLabel": false,
    "IsBiffe": false,
    "WeightconversionFactor": "0",
    "IsWeightArticle": false,
    "nutriscoreLabel": "C",
    "IsBio": false,
    "CountryOfOrigin": "BELGIË",
    "IsExclusivelySoldInLuxembourg": false,
    "OrderUnit": "P",
    "ShortName": "POCO NACHO NATUUR200",
    "IsNew": false,
    "EcoscoreLabel": "B",
    "RecentQuanityOfStockUnits": "1",
    "LongName": "POCO LOCO nacho natuur 200g",
    "FicCode": "E",
    "EcoscoreValue": "67"
  },
  {
    "productId": "777056",
    "technicalArticleNumber": "4569226",
    "commercialArticleNumber": "15156",
    "name": "tortilla pops sweet chili",
    "description": "*Gepofte crackers\n*van maïs, peulvruchten met chilismaak\n*50% minder vet\n*Glutenvrij\n*Veganistisch",
    "brand": "N.A!",
    "seoBrand": "N.A!",
    "thumbNail": "https://static.colruytgroup.com/images/200x200/std.lang.all/56/00/asset-2775600.jpg",
    "fullImage": "https://static.colruytgroup.com/images/500x500/std.lang.all/56/00/asset-2775600.jpg",
    "squareImage": "https://static.colruytgroup.com/images/500x500sq/std.lang.all/56/00/asset-2775600.jpg",
    "content": "80g",
    "walkRouteSequenceNumber": 2268,
    "price": {
      "basicPrice": 2.74,
      "recommendedQuantity": "1.0",
      "measurementUnitPrice": 34.25,
      "measurementUnit": "K",
      "isRedPrice": false,
      "pricePerUOM": 34.25,
      "activationDate": "16-03-2024",
      "recordSource": "Offline",
      "isPromoActive": "N",
      "priceChangeCode": "H"
    },
    "isAvailable": true,
    "isPriceAvailable": true,
    "inPromo": false,
    "gtin": [
      "03609209003934",
      "03609200010733"
    ],
    "topCategoryName": "Chips/Borrelhapjes",
    "topCategoryId": "306",
    "businessDomain": "RETAIL_BE",
    "IsPrivateLabel": false,
    "IsBiffe": false,
    "WeightconversionFactor": "0",
    "IsWeightArticle": false,
    "nutriscoreLabel": "D",
    "IsBio": false,
    "CountryOfOrigin": "ITALIË",
    "IsExclusivelySoldInLuxembourg": false,
    "OrderUnit": "P",
    "ShortName": "N.A TORT.POPS SWE.CHI80",
    "IsNew": false,
    "EcoscoreLabel": "B",
    "RecentQuanityOfStockUnits": "1",
    "LongName": "N.A! tortilla pops sweet chili 80g",
    "FicCode": "E",
    "EcoscoreValue": "67"
  },
  {
    "productId": "730654",
    "technicalArticleNumber": "4487719",
    "commercialArticleNumber": "2417",
    "name": "Zalmstukj Belle Vue",
    "description": "*Hapjes gestoomde\nzalm kruiden",
    "brand": "BONI",
    "seoBrand": "Boni Selection",
    "thumbNail": "https://static.colruytgroup.com/images/200x200/std.lang.all/69/02/asset-2706902.jpg",
    "fullImage": "https://static.colruytgroup.com/images/500x500/std.lang.all/69/02/asset-2706902.jpg",
    "squareImage": "https://static.colruytgroup.com/images/500x500sq/std.lang.all/69/02/asset-2706902.jpg",
    "content": "90g",
    "walkRouteSequenceNumber": 6712,
    "price": {
      "basicPrice": 3.79,
      "recommendedQuantity": "1.0",
      "measurementUnitPrice": 42.12,
      "measurementUnit": "K",
      "isRedPrice": false,
      "pricePerUOM": 42.12,
      "activationDate": "02-01-2024",
      "isPromoActive": "N",
      "priceChangeCode": "E"
    },
    "isAvailable": true,
    "isPriceAvailable": true,
    "inPromo": false,
    "gtin": [
      "05400141506617",
      "15400141506614",
      "05400141454857"
    ],
    "topCategoryName": "Chips/Borrelhapjes",
    "topCategoryId": "306",
    "businessDomain": "RETAIL_BE",
    "IsPrivateLabel": true,
    "IsBiffe": false,
    "WeightconversionFactor": "0",
    "IsWeightArticle": false,
    "nutriscoreLabel": "B",
    "IsBio": false,
    "CountryOfOrigin": "NOORWEGEN",
    "IsExclusivelySoldInLuxembourg": false,
    "OrderUnit": "P",
    "ShortName": "BONI ZALMST BEL.VUE 90G",
    "IsNew": false,
    "EcoscoreLabel": "C",
    "RecentQuanityOfStockUnits": "1",
    "LongName": "BONI Zalmstukj Belle Vue 90g",
    "FicCode": "I",
    "EcoscoreValue": "52"
  },
  {
    "productId": "865608",
    "technicalArticleNumber": "4717806",
    "commercialArticleNumber": "4056",
    "name": "Pesto",
    "brand": "BONI",
    "seoBrand": "Boni Selection",
    "thumbNail": "https://static.colruytgroup.com/images/200x200/std.lang.all/13/51/asset-3271351.jpg",
    "fullImage": "https://static.colruytgroup.com/images/500x500/std.lang.all/13/51/asset-3271351.jpg",
    "squareImage": "https://static.colruytgroup.com/images/500x500sq/std.lang.all/13/51/asset-3271351.jpg",
    "content": "300g",
    "walkRouteSequenceNumber": 7649,
    "price": {
      "basicPrice": 7.49,
      "recommendedQuantity": "1.0",
      "quantityPrice": 7.19,
      "quantityPriceQuantity": "3.0",
      "measurementUnitPrice": 24.97,
      "measurementUnitQuantityPrice": 23.97,
      "measurementUnit": "K",
      "isRedPrice": false,
      "pricePerUOM": 24.97,
      "activationDate": "27-04-2023",
      "isPromoActive": "N",
      "priceChangeCode": "E",
      "quantityPricePerUOM": 23.97,
      "quantityActivationDate": "27-04-2023",
      "quantityPriceChangeCode": "E"
    },
    "isAvailable": true,
    "isPriceAvailable": true,
    "inPromo": false,
    "gtin": [
      "85400141453320",
      "05400141710441"
    ],
    "topCategoryName": "Chips/Borrelhapjes",
    "topCategoryId": "306",
    "businessDomain": "RETAIL_BE",
    "IsPrivateLabel": true,
    "IsBiffe": false,
    "WeightconversionFactor": "0",
    "IsWeightArticle": false,
    "nutriscoreLabel": "E",
    "IsBio": false,
    "CountryOfOrigin": "BELGIË",
    "IsExclusivelySoldInLuxembourg": false,
    "OrderUnit": "P",
    "ShortName": "BONI PESTO 300G",
    "InSeason": true,
    "IsNew": false,
    "EcoscoreLabel": "D",
    "RecentQuanityOfStockUnits": "1",
    "LongName": "BONI Pesto 300g",
    "StartSeasonDate": "17/01/2024",
    "FicCode": "I",
    "EcoscoreValue": "38"
  },
  {
    "productId": "849830",
    "technicalArticleNumber": "4697180",
    "commercialArticleNumber": "30821",
    "name": "tapenade zwart olijf",
    "brand": "FATTORIE UMBRE",
    "seoBrand": "Fattorie Umbre",
    "thumbNail": "https://static.colruytgroup.com/images/200x200/std.lang.all/10/78/asset-3211078.jpg",
    "fullImage": "https://static.colruytgroup.com/images/500x500/std.lang.all/10/78/asset-3211078.jpg",
    "squareImage": "https://static.colruytgroup.com/images/500x500sq/std.lang.all/10/78/asset-3211078.jpg",
    "content": "140g",
    "walkRouteSequenceNumber": 4482,
    "price": {
      "basicPrice": 1.99,
      "recommendedQuantity": "1.0",
      "measurementUnitPrice": 14.22,
      "measurementUnit": "K",
      "isRedPrice": false,
      "pricePerUOM": 14.22,
      "activationDate": "10-01-2023",
      "isPromoActive": "N",
      "priceChangeCode": "E"
    },
    "isAvailable": true,
    "isPriceAvailable": true,
    "inPromo": false,
    "gtin": [
      "08013945932802",
      "18013945932809"
    ],
    "topCategoryName": "Chips/Borrelhapjes",
    "topCategoryId": "306",
    "businessDomain": "RETAIL_BE",
    "IsPrivateLabel": false,
    "IsBiffe": false,
    "WeightconversionFactor": "0",
    "IsWeightArticle": false,
    "IsBio": false,
    "CountryOfOrigin": "ITALIË",
    "IsExclusivelySoldInLuxembourg": false,
    "OrderUnit": "P",
    "ShortName": "FAUM TAP.ZWA.OLIJF 140G",
    "IsNew": false,
    "RecentQuanityOfStockUnits": "1",
    "LongName": "FATTORIE UMBRE tapenade zwart olijf 140g",
    "FicCode": "E"
  },
  {
    "productId": "878676",
    "technicalArticleNumber": "4734923",
    "commercialArticleNumber": "18766",
    "name": "groene olijven",
    "brand": "BONI",
    "seoBrand": "Boni Selection",
    "thumbNail": "https://static.colruytgroup.com/images/200x200/std.lang.all/19/06/asset-3261906.jpg",
    "fullImage": "https://static.colruytgroup.com/images/500x500/std.lang.all/19/06/asset-3261906.jpg",
    "squareImage": "https://static.colruytgroup.com/images/500x500sq/std.lang.all/19/06/asset-3261906.jpg",
    "content": "300g",
    "walkRouteSequenceNumber": 7652,
    "price": {
      "basicPrice": 4.49,
      "recommendedQuantity": "1.0",
      "quantityPrice": 4.13,
      "quantityPriceQuantity": "3.0",
      "measurementUnitPrice": 14.97,
      "measurementUnitQuantityPrice": 13.77,
      "measurementUnit": "K",
      "isRedPrice": false,
      "pricePerUOM": 14.97,
      "activationDate": "21-11-2023",
      "isPromoActive": "N",
      "priceChangeCode": "L",
      "quantityPricePerUOM": 13.77,
      "quantityActivationDate": "21-11-2023",
      "quantityPriceChangeCode": "L"
    },
    "isAvailable": true,
    "isPriceAvailable": true,
    "inPromo": false,
    "gtin": [
      "15400141850014",
      "05400141850017"
    ],
    "topCategoryName": "Chips/Borrelhapjes",
    "topCategoryId": "306",
    "businessDomain": "RETAIL_BE",
    "IsPrivateLabel": true,
    "IsBiffe": false,
    "WeightconversionFactor": "0",
    "IsWeightArticle": false,
    "nutriscoreLabel": "D",
    "IsBio": false,
    "CountryOfOrigin": "NEDERLAND",
    "IsExclusivelySoldInLuxembourg": false,
    "OrderUnit": "P",
    "ShortName": "BONI TAPENADE GROEN300G",
    "IsNew": false,
    "EcoscoreLabel": "C",
    "RecentQuanityOfStockUnits": "1",
    "LongName": "BONI groene olijven 300g",
    "FicCode": "I",
    "EcoscoreValue": "53"
  },
  {
    "productId": "878681",
    "technicalArticleNumber": "4734935",
    "commercialArticleNumber": "18860",
    "name": "zwarte olijven",
    "brand": "BONI",
    "seoBrand": "Boni Selection",
    "thumbNail": "https://static.colruytgroup.com/images/200x200/std.lang.all/25/54/asset-3452554.jpg",
    "fullImage": "https://static.colruytgroup.com/images/500x500/std.lang.all/25/54/asset-3452554.jpg",
    "squareImage": "https://static.colruytgroup.com/images/500x500sq/std.lang.all/25/54/asset-3452554.jpg",
    "content": "300g",
    "walkRouteSequenceNumber": 7651,
    "price": {
      "basicPrice": 4.49,
      "recommendedQuantity": "1.0",
      "quantityPrice": 4.13,
      "quantityPriceQuantity": "3.0",
      "measurementUnitPrice": 14.97,
      "measurementUnitQuantityPrice": 13.77,
      "measurementUnit": "K",
      "isRedPrice": false,
      "pricePerUOM": 14.97,
      "activationDate": "21-11-2023",
      "isPromoActive": "N",
      "priceChangeCode": "L",
      "quantityPricePerUOM": 13.77,
      "quantityActivationDate": "21-11-2023",
      "quantityPriceChangeCode": "L"
    },
    "isAvailable": true,
    "isPriceAvailable": true,
    "inPromo": false,
    "gtin": [
      "05400141850031"
    ],
    "topCategoryName": "Chips/Borrelhapjes",
    "topCategoryId": "306",
    "businessDomain": "RETAIL_BE",
    "IsPrivateLabel": true,
    "IsBiffe": false,
    "WeightconversionFactor": "0",
    "IsWeightArticle": false,
    "nutriscoreLabel": "D",
    "IsBio": false,
    "CountryOfOrigin": "NEDERLAND",
    "IsExclusivelySoldInLuxembourg": false,
    "OrderUnit": "P",
    "ShortName": "BONI TAPENADE ZWART300G",
    "IsNew": false,
    "EcoscoreLabel": "B",
    "RecentQuanityOfStockUnits": "1",
    "LongName": "BONI zwarte olijven 300g",
    "FicCode": "I",
    "EcoscoreValue": "75"
  },
  {
    "productId": "1028856",
    "technicalArticleNumber": "4793601",
    "commercialArticleNumber": "35819",
    "name": "Snackpack",
    "brand": "BIFI",
    "seoBrand": "Bifi",
    "thumbNail": "https://ecgproductmw.colruytgroup.com/ecgproductmw/noPicForArticle_2.jpg",
    "fullImage": "https://ecgproductmw.colruytgroup.com/ecgproductmw/noPicForArticle_5.jpg",
    "squareImage": "https://ecgproductmw.colruytgroup.com/ecgproductmw/noPicForArticle_5.jpg",
    "content": "60g",
    "walkRouteSequenceNumber": 4598,
    "price": {
      "basicPrice": 2.99,
      "recommendedQuantity": "1.0",
      "measurementUnitPrice": 49.84,
      "measurementUnit": "K",
      "isRedPrice": false,
      "pricePerUOM": 49.84,
      "activationDate": "01-03-2024",
      "recordSource": "Offline",
      "isPromoActive": "N",
      "priceChangeCode": "L"
    },
    "isAvailable": true,
    "isPriceAvailable": true,
    "inPromo": false,
    "gtin": [
      "04251097404233",
      "04251097402581"
    ],
    "topCategoryName": "Chips/Borrelhapjes",
    "topCategoryId": "306",
    "businessDomain": "RETAIL_BE",
    "IsPrivateLabel": false,
    "IsBiffe": false,
    "WeightconversionFactor": "0",
    "IsWeightArticle": false,
    "nutriscoreLabel": "E",
    "IsBio": false,
    "CountryOfOrigin": "DUITSLAND",
    "IsExclusivelySoldInLuxembourg": false,
    "OrderUnit": "P",
    "ShortName": "BIFI SNACKPACK 60G",
    "IsNew": true,
    "EcoscoreLabel": "E",
    "RecentQuanityOfStockUnits": "1,4",
    "LongName": "BIFI Snackpack 60g",
    "AlcoholVolume": "0",
    "FicCode": "E",
    "EcoscoreValue": "16"
  },
  {
    "productId": "663450",
    "technicalArticleNumber": "4370724",
    "commercialArticleNumber": "10552",
    "name": "original XXL",
    "brand": "BIFI",
    "seoBrand": "Bifi",
    "thumbNail": "https://static.colruytgroup.com/images/200x200/std.lang.all/21/74/asset-2992174.jpg",
    "fullImage": "https://static.colruytgroup.com/images/500x500/std.lang.all/21/74/asset-2992174.jpg",
    "squareImage": "https://static.colruytgroup.com/images/500x500sq/std.lang.all/21/74/asset-2992174.jpg",
    "content": "30x40g",
    "walkRouteSequenceNumber": 4612,
    "price": {
      "basicPrice": 34.99,
      "recommendedQuantity": "1.0",
      "measurementUnitPrice": 29.16,
      "measurementUnit": "K",
      "isRedPrice": false,
      "pricePerUOM": 29.16,
      "activationDate": "28-02-2024",
      "isPromoActive": "N",
      "priceChangeCode": "H"
    },
    "isAvailable": true,
    "isPriceAvailable": true,
    "inPromo": false,
    "gtin": [
      "04251097401454",
      "04251097401447"
    ],
    "topCategoryName": "Chips/Borrelhapjes",
    "topCategoryId": "306",
    "businessDomain": "RETAIL_BE",
    "IsPrivateLabel": false,
    "IsBiffe": false,
    "WeightconversionFactor": "0",
    "IsWeightArticle": false,
    "nutriscoreLabel": "E",
    "IsBio": false,
    "CountryOfOrigin": "DUITSLAND",
    "IsExclusivelySoldInLuxembourg": false,
    "OrderUnit": "P",
    "ShortName": "HC BIFI ORIGINAL XXL30",
    "IsNew": false,
    "EcoscoreLabel": "D",
    "RecentQuanityOfStockUnits": "1",
    "LongName": "BIFI original XXL 30x40g",
    "FicCode": "E",
    "EcoscoreValue": "25"
  },
  {
    "productId": "132503",
    "technicalArticleNumber": "3141998",
    "commercialArticleNumber": "26590",
    "name": "marasquinkers met steel",
    "description": "Marasquinokersen op siroop, met\nsteeltje. Ideaal bij cocktails en\naperitieven of in desserts.",
    "brand": "AVILA",
    "seoBrand": "Avila",
    "thumbNail": "https://static.colruytgroup.com/images/200x200/std.lang.all/59/98/asset-385998.jpg",
    "fullImage": "https://static.colruytgroup.com/images/500x500/std.lang.all/59/98/asset-385998.jpg",
    "squareImage": "https://static.colruytgroup.com/images/500x500sq/std.lang.all/59/98/asset-385998.jpg",
    "content": "950g",
    "walkRouteSequenceNumber": 869,
    "price": {
      "basicPrice": 7.8,
      "recommendedQuantity": "1.0",
      "measurementUnitPrice": 16.43,
      "measurementUnit": "K",
      "isRedPrice": false,
      "pricePerUOM": 16.43,
      "activationDate": "03-01-2024",
      "isPromoActive": "N",
      "priceChangeCode": "H"
    },
    "isAvailable": true,
    "isPriceAvailable": true,
    "inPromo": false,
    "gtin": [
      "05411506170251",
      "15411506170258"
    ],
    "topCategoryName": "Chips/Borrelhapjes",
    "topCategoryId": "306",
    "businessDomain": "RETAIL_BE",
    "IsPrivateLabel": false,
    "IsBiffe": false,
    "WeightconversionFactor": "0",
    "IsWeightArticle": false,
    "nutriscoreLabel": "D",
    "IsBio": false,
    "CountryOfOrigin": "ITALIË",
    "IsExclusivelySoldInLuxembourg": false,
    "OrderUnit": "P",
    "ShortName": "HC AVILA MET STEEL 950G",
    "IsNew": false,
    "EcoscoreLabel": "C",
    "RecentQuanityOfStockUnits": "1",
    "LongName": "AVILA marasquinkers met steel 950g",
    "AlcoholVolume": "0",
    "FicCode": "E",
    "EcoscoreValue": "54"
  },
  {
    "productId": "864865",
    "technicalArticleNumber": "4716903",
    "commercialArticleNumber": "1542",
    "name": "Snack Mix Oosters.Kruiden",
    "thumbNail": "https://static.colruytgroup.com/images/200x200/std.lang.all/57/86/asset-3245786.jpg",
    "fullImage": "https://static.colruytgroup.com/images/500x500/std.lang.all/57/86/asset-3245786.jpg",
    "squareImage": "https://static.colruytgroup.com/images/500x500sq/std.lang.all/57/86/asset-3245786.jpg",
    "content": "250g",
    "walkRouteSequenceNumber": 17646,
    "price": {
      "basicPrice": 4.99,
      "recommendedQuantity": "1.0",
      "quantityPrice": 4.79,
      "quantityPriceQuantity": "3.0",
      "measurementUnitPrice": 19.96,
      "measurementUnitQuantityPrice": 19.16,
      "measurementUnit": "K",
      "isRedPrice": false,
      "pricePerUOM": 19.96,
      "activationDate": "05-05-2023",
      "isPromoActive": "N",
      "priceChangeCode": "E",
      "quantityPricePerUOM": 19.16,
      "quantityActivationDate": "05-05-2023",
      "quantityPriceChangeCode": "E"
    },
    "isAvailable": true,
    "isPriceAvailable": true,
    "inPromo": false,
    "gtin": [
      "05400197600208",
      "05400197700205"
    ],
    "topCategoryName": "Groenten en fruit",
    "topCategoryId": "1675",
    "businessDomain": "RETAIL_BE",
    "IsPrivateLabel": false,
    "IsBiffe": false,
    "WeightconversionFactor": "0",
    "IsWeightArticle": false,
    "IsBio": false,
    "CountryOfOrigin": "BELGIË",
    "IsExclusivelySoldInLuxembourg": false,
    "OrderUnit": "P",
    "ShortName": "NOTENMIX OOST.KRUID250G",
    "InSeason": true,
    "IsNew": false,
    "RecentQuanityOfStockUnits": "1",
    "LongName": "Snack Mix Oosters.Kruiden 250g",
    "StartSeasonDate": "02/02/2024",
    "FicCode": "E"
  },
  {
    "productId": "334405",
    "technicalArticleNumber": "3797124",
    "commercialArticleNumber": "33057",
    "name": "tapas de queso",
    "description": "*Spanje\n*Iberico, Cabra,\nManchego",
    "brand": "GARCIA BAQUERO",
    "seoBrand": "Garcia Baquero",
    "thumbNail": "https://static.colruytgroup.com/images/200x200/std.lang.all/78/55/asset-2067855.jpg",
    "fullImage": "https://static.colruytgroup.com/images/500x500/std.lang.all/78/55/asset-2067855.jpg",
    "squareImage": "https://static.colruytgroup.com/images/500x500sq/std.lang.all/78/55/asset-2067855.jpg",
    "content": "150g",
    "walkRouteSequenceNumber": 5448,
    "price": {
      "basicPrice": 3.99,
      "recommendedQuantity": "1.0",
      "measurementUnitPrice": 26.6,
      "measurementUnit": "K",
      "isRedPrice": false,
      "pricePerUOM": 26.6,
      "activationDate": "01-03-2024",
      "isPromoActive": "N",
      "priceChangeCode": "H"
    },
    "isAvailable": true,
    "isPriceAvailable": true,
    "inPromo": false,
    "gtin": [
      "08412289003740",
      "18412289203741"
    ],
    "topCategoryName": "Chips/Borrelhapjes",
    "topCategoryId": "306",
    "businessDomain": "RETAIL_BE",
    "IsPrivateLabel": false,
    "IsBiffe": false,
    "WeightconversionFactor": "0",
    "IsWeightArticle": false,
    "nutriscoreLabel": "D",
    "IsBio": false,
    "CountryOfOrigin": "SPANJE",
    "IsExclusivelySoldInLuxembourg": false,
    "OrderUnit": "P",
    "ShortName": "G.B.TAPAS QUESO 150G",
    "IsNew": false,
    "EcoscoreLabel": "D",
    "RecentQuanityOfStockUnits": "1",
    "LongName": "GARCIA BAQUERO tapas de queso 150g",
    "AlcoholVolume": "0",
    "FicCode": "E",
    "EcoscoreValue": "27"
  }
]