[
  {
    "productId": "8149",
    "technicalArticleNumber": "1158996",
    "commercialArticleNumber": "10091",
    "name": "BH bereid gehakt rund+varken",
    "description": "*Rund- varkensvlees\ngekruid\n*Om te bakken",
    "thumbNail": "https://static.colruytgroup.com/images/200x200/std.lang.all/17/36/asset-391736.jpg",
    "fullImage": "https://static.colruytgroup.com/images/500x500/std.lang.all/17/36/asset-391736.jpg",
    "squareImage": "https://static.colruytgroup.com/images/500x500sq/std.lang.all/17/36/asset-391736.jpg",
    "walkRouteSequenceNumber": 19179,
    "price": {
      "basicPrice": 9.78,
      "recommendedQuantity": "0.6",
      "unit": "K",
      "quantityPrice": 6.24,
      "quantityPriceQuantity": "0.8",
      "measurementUnitPrice": 9.78,
      "measurementUnitQuantityPrice": 6.24,
      "measurementUnit": "K",
      "isRedPrice": false,
      "pricePerUOM": 9.78,
      "activationDate": "20-03-2024",
      "recordSource": "Offline",
      "isPromoActive": "N",
      "priceChangeCode": "E",
      "quantityPricePerUOM": 6.24,
      "quantityActivationDate": "20-03-2024",
      "quantityPriceChangeCode": "E"
    },
    "isAvailable": true,
    "isPriceAvailable": true,
    "inPromo": false,
    "topCategoryName": "Colruyt-beenhouwerij",
    "topCategoryId": "33",
    "businessDomain": "RETAIL_BE",
    "IsPrivateLabel": false,
    "IsBiffe": false,
    "WeightconversionFactor": "500",
    "IsWeightArticle": true,
    "nutriscoreLabel": "D",
    "IsBio": false,
    "CountryOfOrigin": "BELGIË",
    "IsExclusivelySoldInLuxembourg": false,
    "OrderUnit": "Kg",
    "ShortName": "BH GEHAKT RUND+VARKEN W",
    "IsNew": false,
    "EcoscoreLabel": "E",
    "RecentQuanityOfStockUnits": "1,1",
    "LongName": "BH bereid gehakt rund+varken",
    "AlcoholVolume": "0",
    "FicCode": "I",
    "EcoscoreValue": "0"
  },
  {
    "productId": "8233",
    "technicalArticleNumber": "1159134",
    "commercialArticleNumber": "10095",
    "name": "bereid gehakt varken+kalf",
    "description": "*Varkens- kalfsvlees\nlicht gekruid\n*Om te bakken",
    "thumbNail": "https://static.colruytgroup.com/images/200x200/std.lang.all/16/18/asset-361618.jpg",
    "fullImage": "https://static.colruytgroup.com/images/500x500/std.lang.all/16/18/asset-361618.jpg",
    "squareImage": "https://static.colruytgroup.com/images/500x500sq/std.lang.all/16/18/asset-361618.jpg",
    "walkRouteSequenceNumber": 19181,
    "price": {
      "basicPrice": 8.74,
      "recommendedQuantity": "0.5",
      "unit": "K",
      "measurementUnitPrice": 8.74,
      "measurementUnit": "K",
      "isRedPrice": false,
      "pricePerUOM": 8.74,
      "activationDate": "19-03-2024",
      "recordSource": "Offline",
      "isPromoActive": "N",
      "priceChangeCode": "H"
    },
    "isAvailable": true,
    "isPriceAvailable": true,
    "inPromo": false,
    "gtin": [
      "05400141100952"
    ],
    "topCategoryName": "Colruyt-beenhouwerij",
    "topCategoryId": "33",
    "businessDomain": "RETAIL_BE",
    "IsPrivateLabel": false,
    "IsBiffe": false,
    "WeightconversionFactor": "500",
    "IsWeightArticle": true,
    "nutriscoreLabel": "D",
    "IsBio": false,
    "CountryOfOrigin": "BELGIË",
    "IsExclusivelySoldInLuxembourg": false,
    "OrderUnit": "Kg",
    "ShortName": "BEREID GEHAKT VARK/KALW",
    "IsNew": false,
    "EcoscoreLabel": "E",
    "RecentQuanityOfStockUnits": "1,1",
    "LongName": "bereid gehakt varken+kalf",
    "AlcoholVolume": "0",
    "FicCode": "I",
    "EcoscoreValue": "0"
  },
  {
    "productId": "909907",
    "technicalArticleNumber": "4759286",
    "commercialArticleNumber": "5154",
    "name": "kipfilet",
    "thumbNail": "https://static.colruytgroup.com/images/200x200/std.lang.all/41/21/asset-3374121.jpg",
    "fullImage": "https://static.colruytgroup.com/images/500x500/std.lang.all/41/21/asset-3374121.jpg",
    "squareImage": "https://static.colruytgroup.com/images/500x500sq/std.lang.all/41/21/asset-3374121.jpg",
    "content": "±1kg",
    "walkRouteSequenceNumber": 18779,
    "price": {
      "basicPrice": 5.69,
      "recommendedQuantity": "1.0",
      "unit": "K",
      "measurementUnitPrice": 5.69,
      "measurementUnit": "K",
      "isRedPrice": false,
      "pricePerUOM": 5.69,
      "activationDate": "18-03-2024",
      "recordSource": "Folder",
      "isPromoActive": "N",
      "priceChangeCode": "L"
    },
    "isAvailable": true,
    "isPriceAvailable": true,
    "inPromo": false,
    "gtin": [
      "95400141718990",
      "05400141718997",
      "05400141700893",
      "05400141718973",
      "95400141700896",
      "95400141718976"
    ],
    "topCategoryName": "Colruyt-beenhouwerij",
    "topCategoryId": "33",
    "businessDomain": "RETAIL_BE",
    "IsPrivateLabel": false,
    "IsBiffe": false,
    "WeightconversionFactor": "1000",
    "IsWeightArticle": true,
    "IsBio": false,
    "CountryOfOrigin": "BELGIË",
    "IsExclusivelySoldInLuxembourg": false,
    "OrderUnit": "P",
    "ShortName": "BH KIPFILET +-1KG",
    "IsNew": false,
    "RecentQuanityOfStockUnits": "1,1,1,1,1",
    "LongName": "kipfilet ±1kg",
    "FicCode": "I"
  },
  {
    "productId": "8148",
    "technicalArticleNumber": "1158995",
    "commercialArticleNumber": "10090",
    "name": "bereide filet americain",
    "description": "*Bereid mager\nrundsvlees + saus\n*Om rauw te eten.",
    "thumbNail": "https://static.colruytgroup.com/images/200x200/std.lang.all/31/61/asset-2443161.jpg",
    "fullImage": "https://static.colruytgroup.com/images/500x500/std.lang.all/31/61/asset-2443161.jpg",
    "squareImage": "https://static.colruytgroup.com/images/500x500sq/std.lang.all/31/61/asset-2443161.jpg",
    "walkRouteSequenceNumber": 7911,
    "price": {
      "basicPrice": 13,
      "recommendedQuantity": "0.2",
      "unit": "K",
      "measurementUnitPrice": 13,
      "measurementUnit": "K",
      "isRedPrice": false,
      "pricePerUOM": 13,
      "activationDate": "19-03-2024",
      "recordSource": "Offline",
      "isPromoActive": "N",
      "priceChangeCode": "H"
    },
    "isAvailable": true,
    "isPriceAvailable": true,
    "inPromo": false,
    "topCategoryName": "Colruyt-beenhouwerij",
    "topCategoryId": "33",
    "businessDomain": "RETAIL_BE",
    "IsPrivateLabel": false,
    "IsBiffe": false,
    "WeightconversionFactor": "200",
    "IsWeightArticle": true,
    "nutriscoreLabel": "D",
    "IsBio": false,
    "CountryOfOrigin": "BELGIË",
    "IsExclusivelySoldInLuxembourg": false,
    "OrderUnit": "Kg",
    "ShortName": "BEREIDE FIL AMERICAIN W",
    "IsNew": false,
    "EcoscoreLabel": "E",
    "RecentQuanityOfStockUnits": "1,1",
    "LongName": "bereide filet americain",
    "AlcoholVolume": "0",
    "FicCode": "I",
    "EcoscoreValue": "0"
  },
  {
    "productId": "6871",
    "technicalArticleNumber": "1166985",
    "commercialArticleNumber": "10357",
    "name": "bereide americain van de chef",
    "description": "*Bereid, mager\nrundsvlees + saus\n*Licht pikant\n*Om rauw te eten.",
    "thumbNail": "https://static.colruytgroup.com/images/200x200/std.lang.all/31/62/asset-2443162.jpg",
    "fullImage": "https://static.colruytgroup.com/images/500x500/std.lang.all/31/62/asset-2443162.jpg",
    "squareImage": "https://static.colruytgroup.com/images/500x500sq/std.lang.all/31/62/asset-2443162.jpg",
    "walkRouteSequenceNumber": 7913,
    "price": {
      "basicPrice": 13.9,
      "recommendedQuantity": "0.2",
      "unit": "K",
      "measurementUnitPrice": 13.9,
      "measurementUnit": "K",
      "isRedPrice": false,
      "pricePerUOM": 13.9,
      "activationDate": "21-03-2024",
      "recordSource": "Offline",
      "isPromoActive": "N",
      "priceChangeCode": "H"
    },
    "isAvailable": true,
    "isPriceAvailable": true,
    "inPromo": false,
    "topCategoryName": "Colruyt-beenhouwerij",
    "topCategoryId": "33",
    "businessDomain": "RETAIL_BE",
    "IsPrivateLabel": true,
    "IsBiffe": false,
    "WeightconversionFactor": "200",
    "IsWeightArticle": true,
    "nutriscoreLabel": "D",
    "IsBio": false,
    "CountryOfOrigin": "BELGIË",
    "IsExclusivelySoldInLuxembourg": false,
    "OrderUnit": "Kg",
    "ShortName": "AMERICAIN CHEF        W",
    "IsNew": false,
    "RecentQuanityOfStockUnits": "1,1",
    "LongName": "bereide americain van de chef",
    "AlcoholVolume": "0",
    "FicCode": "I"
  },
  {
    "productId": "8241",
    "technicalArticleNumber": "1159152",
    "commercialArticleNumber": "10104",
    "name": "BH Chipolata Varken",
    "description": "*Varkensvlees\ngekruid\n*±70gr\n*Te bakken ±6min",
    "thumbNail": "https://static.colruytgroup.com/images/200x200/std.lang.all/76/25/asset-1547625.jpg",
    "fullImage": "https://static.colruytgroup.com/images/500x500/std.lang.all/76/25/asset-1547625.jpg",
    "squareImage": "https://static.colruytgroup.com/images/500x500sq/std.lang.all/76/25/asset-1547625.jpg",
    "walkRouteSequenceNumber": 19186,
    "price": {
      "basicPrice": 8.99,
      "recommendedQuantity": "0.6",
      "unit": "K",
      "measurementUnitPrice": 8.99,
      "measurementUnit": "K",
      "isRedPrice": false,
      "pricePerUOM": 8.99,
      "activationDate": "13-03-2024",
      "recordSource": "Offline",
      "isPromoActive": "N",
      "priceChangeCode": "E"
    },
    "isAvailable": true,
    "isPriceAvailable": true,
    "inPromo": false,
    "topCategoryName": "Colruyt-beenhouwerij",
    "topCategoryId": "33",
    "businessDomain": "RETAIL_BE",
    "IsPrivateLabel": false,
    "IsBiffe": false,
    "WeightconversionFactor": "70",
    "IsWeightArticle": true,
    "nutriscoreLabel": "D",
    "IsBio": false,
    "CountryOfOrigin": "BELGIË",
    "IsExclusivelySoldInLuxembourg": false,
    "OrderUnit": "P",
    "ShortName": "BH CHIPOLATA W",
    "IsNew": false,
    "EcoscoreLabel": "D",
    "RecentQuanityOfStockUnits": "1,1",
    "LongName": "BH Chipolata Varken",
    "AlcoholVolume": "0",
    "FicCode": "I",
    "EcoscoreValue": "21"
  },
  {
    "productId": "8147",
    "technicalArticleNumber": "1158994",
    "commercialArticleNumber": "10089",
    "name": "filet americain",
    "description": "*Mager rundsvlees",
    "thumbNail": "https://static.colruytgroup.com/images/200x200/std.lang.all/62/20/asset-366220.jpg",
    "fullImage": "https://static.colruytgroup.com/images/500x500/std.lang.all/62/20/asset-366220.jpg",
    "squareImage": "https://static.colruytgroup.com/images/500x500sq/std.lang.all/62/20/asset-366220.jpg",
    "walkRouteSequenceNumber": 19178,
    "price": {
      "basicPrice": 11.87,
      "recommendedQuantity": "0.6",
      "unit": "K",
      "measurementUnitPrice": 11.87,
      "measurementUnit": "K",
      "isRedPrice": false,
      "pricePerUOM": 11.87,
      "activationDate": "19-03-2024",
      "recordSource": "Offline",
      "isPromoActive": "N",
      "priceChangeCode": "H"
    },
    "isAvailable": true,
    "isPriceAvailable": true,
    "inPromo": false,
    "topCategoryName": "Colruyt-beenhouwerij",
    "topCategoryId": "33",
    "businessDomain": "RETAIL_BE",
    "IsPrivateLabel": false,
    "IsBiffe": false,
    "WeightconversionFactor": "500",
    "IsWeightArticle": true,
    "nutriscoreLabel": "A",
    "IsBio": false,
    "CountryOfOrigin": "BELGIË",
    "IsExclusivelySoldInLuxembourg": false,
    "OrderUnit": "Kg",
    "ShortName": "FILET AMERICAIN W",
    "IsNew": false,
    "EcoscoreLabel": "E",
    "RecentQuanityOfStockUnits": "1,1",
    "LongName": "filet americain",
    "AlcoholVolume": "0",
    "FicCode": "I",
    "EcoscoreValue": "0"
  },
  {
    "productId": "8042",
    "technicalArticleNumber": "1158975",
    "commercialArticleNumber": "10073",
    "name": "BH Welzijnskipfilet",
    "description": "*1/2 borstfilet van\nbraadkip\n*België\n*±200 g",
    "thumbNail": "https://static.colruytgroup.com/images/200x200/std.lang.all/44/85/asset-354485.jpg",
    "fullImage": "https://static.colruytgroup.com/images/500x500/std.lang.all/44/85/asset-354485.jpg",
    "squareImage": "https://static.colruytgroup.com/images/500x500sq/std.lang.all/44/85/asset-354485.jpg",
    "walkRouteSequenceNumber": 19169,
    "price": {
      "basicPrice": 11.97,
      "recommendedQuantity": "0.3",
      "unit": "K",
      "measurementUnitPrice": 11.97,
      "measurementUnit": "K",
      "isRedPrice": true,
      "redPriceReason": "Promo",
      "pricePerUOM": 11.97,
      "activationDate": "14-03-2024",
      "isPromoActive": "Y",
      "priceChangeCode": "L"
    },
    "isAvailable": true,
    "isPriceAvailable": true,
    "inPromo": false,
    "topCategoryName": "Colruyt-beenhouwerij",
    "topCategoryId": "33",
    "businessDomain": "RETAIL_BE",
    "IsPrivateLabel": false,
    "IsBiffe": false,
    "WeightconversionFactor": "150",
    "IsWeightArticle": true,
    "nutriscoreLabel": "A",
    "IsBio": false,
    "CountryOfOrigin": "BELGIË",
    "IsExclusivelySoldInLuxembourg": false,
    "OrderUnit": "P,Kg",
    "ShortName": "BH WELZIJNSKIPFILET",
    "IsNew": false,
    "EcoscoreLabel": "D",
    "RecentQuanityOfStockUnits": "1,1",
    "LongName": "BH Welzijnskipfilet",
    "AlcoholVolume": "0",
    "FicCode": "I",
    "EcoscoreValue": "21"
  },
  {
    "productId": "8142",
    "technicalArticleNumber": "1158988",
    "commercialArticleNumber": "10083",
    "name": "kalkoenenschnitzel",
    "description": "*Kalkoenschnitzel\n*Frankrijk",
    "thumbNail": "https://static.colruytgroup.com/images/200x200/std.lang.all/04/62/asset-2670462.jpg",
    "fullImage": "https://static.colruytgroup.com/images/500x500/std.lang.all/04/62/asset-2670462.jpg",
    "squareImage": "https://static.colruytgroup.com/images/500x500sq/std.lang.all/04/62/asset-2670462.jpg",
    "walkRouteSequenceNumber": 6807,
    "price": {
      "basicPrice": 13.3,
      "recommendedQuantity": "0.5",
      "unit": "K",
      "measurementUnitPrice": 13.3,
      "measurementUnit": "K",
      "isRedPrice": false,
      "pricePerUOM": 13.3,
      "activationDate": "14-02-2024",
      "recordSource": "Offline",
      "isPromoActive": "N",
      "priceChangeCode": "E"
    },
    "isAvailable": true,
    "isPriceAvailable": true,
    "inPromo": false,
    "topCategoryName": "Colruyt-beenhouwerij",
    "topCategoryId": "33",
    "businessDomain": "RETAIL_BE",
    "IsPrivateLabel": false,
    "IsBiffe": false,
    "WeightconversionFactor": "120",
    "IsWeightArticle": true,
    "nutriscoreLabel": "C",
    "IsBio": false,
    "CountryOfOrigin": "BELGIË",
    "IsExclusivelySoldInLuxembourg": false,
    "OrderUnit": "P",
    "ShortName": "KALKOENENSCHNITZEL W",
    "IsNew": false,
    "EcoscoreLabel": "E",
    "RecentQuanityOfStockUnits": "1,1",
    "LongName": "kalkoenenschnitzel",
    "AlcoholVolume": "0",
    "FicCode": "I",
    "EcoscoreValue": "6"
  },
  {
    "productId": "11135",
    "technicalArticleNumber": "1404515",
    "commercialArticleNumber": "10596",
    "name": "bereid gehakt tartaar varken",
    "description": "*Varkensgehakt\nsaus, gekruid\n*Om rauw te eten.",
    "thumbNail": "https://static.colruytgroup.com/images/200x200/std.lang.all/47/93/asset-3184793.jpg",
    "fullImage": "https://static.colruytgroup.com/images/500x500/std.lang.all/47/93/asset-3184793.jpg",
    "squareImage": "https://static.colruytgroup.com/images/500x500sq/std.lang.all/47/93/asset-3184793.jpg",
    "walkRouteSequenceNumber": 7912,
    "price": {
      "basicPrice": 9.34,
      "recommendedQuantity": "0.2",
      "unit": "K",
      "measurementUnitPrice": 9.34,
      "measurementUnit": "K",
      "isRedPrice": false,
      "pricePerUOM": 9.34,
      "activationDate": "14-11-2023",
      "isPromoActive": "N",
      "priceChangeCode": "E"
    },
    "isAvailable": true,
    "isPriceAvailable": true,
    "inPromo": false,
    "topCategoryName": "Colruyt-beenhouwerij",
    "topCategoryId": "33",
    "businessDomain": "RETAIL_BE",
    "IsPrivateLabel": true,
    "IsBiffe": false,
    "WeightconversionFactor": "200",
    "IsWeightArticle": true,
    "nutriscoreLabel": "D",
    "IsBio": false,
    "CountryOfOrigin": "BELGIË",
    "IsExclusivelySoldInLuxembourg": false,
    "OrderUnit": "Kg",
    "ShortName": "BEREID GEHAKT TARTAAR W",
    "IsNew": false,
    "RecentQuanityOfStockUnits": "1,1",
    "LongName": "bereid gehakt tartaar varken",
    "AlcoholVolume": "0",
    "FicCode": "I"
  },
  {
    "productId": "7761",
    "technicalArticleNumber": "1158635",
    "commercialArticleNumber": "10037",
    "name": "biefsteak chateaubriand",
    "description": "*Zeer mals\n*2cm +-170g\n*Bakken naar wens",
    "thumbNail": "https://static.colruytgroup.com/images/200x200/std.lang.all/83/67/asset-2798367.jpg",
    "fullImage": "https://static.colruytgroup.com/images/500x500/std.lang.all/83/67/asset-2798367.jpg",
    "squareImage": "https://static.colruytgroup.com/images/500x500sq/std.lang.all/83/67/asset-2798367.jpg",
    "walkRouteSequenceNumber": 19138,
    "price": {
      "basicPrice": 15,
      "recommendedQuantity": "0.5",
      "unit": "K",
      "measurementUnitPrice": 15,
      "measurementUnit": "K",
      "isRedPrice": false,
      "pricePerUOM": 15,
      "activationDate": "19-03-2024",
      "recordSource": "Folder",
      "isPromoActive": "N",
      "priceChangeCode": "E"
    },
    "isAvailable": true,
    "isPriceAvailable": true,
    "inPromo": false,
    "topCategoryName": "Colruyt-beenhouwerij",
    "topCategoryId": "33",
    "businessDomain": "RETAIL_BE",
    "IsPrivateLabel": false,
    "IsBiffe": false,
    "WeightconversionFactor": "180",
    "IsWeightArticle": true,
    "nutriscoreLabel": "A",
    "IsBio": false,
    "CountryOfOrigin": "BELGIË",
    "IsExclusivelySoldInLuxembourg": false,
    "OrderUnit": "P",
    "ShortName": "BIEFSTUK CHATEAUBRIANDW",
    "IsNew": false,
    "EcoscoreLabel": "E",
    "RecentQuanityOfStockUnits": "1,1,1",
    "LongName": "biefsteak chateaubriand",
    "AlcoholVolume": "0",
    "FicCode": "I",
    "EcoscoreValue": "0"
  },
  {
    "productId": "156633",
    "technicalArticleNumber": "3283910",
    "commercialArticleNumber": "11260",
    "name": "lasagne bolognese",
    "description": "*Met varkensvlees\n*Oven voorverwarmen\nop 200°\n*Verwarm 20 min.",
    "thumbNail": "https://static.colruytgroup.com/images/200x200/std.lang.all/56/60/asset-2665660.jpg",
    "fullImage": "https://static.colruytgroup.com/images/500x500/std.lang.all/56/60/asset-2665660.jpg",
    "squareImage": "https://static.colruytgroup.com/images/500x500sq/std.lang.all/56/60/asset-2665660.jpg",
    "content": "1 verp.=±400g",
    "walkRouteSequenceNumber": 19390,
    "price": {
      "basicPrice": 11,
      "recommendedQuantity": "1.0",
      "unit": "K",
      "measurementUnitPrice": 11,
      "measurementUnit": "K",
      "isRedPrice": false,
      "pricePerUOM": 11,
      "activationDate": "22-03-2024",
      "recordSource": "Offline",
      "isPromoActive": "N",
      "priceChangeCode": "E"
    },
    "isAvailable": true,
    "isPriceAvailable": true,
    "inPromo": false,
    "topCategoryName": "Colruyt-beenhouwerij",
    "topCategoryId": "33",
    "businessDomain": "RETAIL_BE",
    "IsPrivateLabel": true,
    "IsBiffe": false,
    "WeightconversionFactor": "400",
    "IsWeightArticle": true,
    "nutriscoreLabel": "C",
    "IsBio": false,
    "IsExclusivelySoldInLuxembourg": false,
    "OrderUnit": "P",
    "ShortName": "LASAGNE BOLOGNESE",
    "IsNew": false,
    "RecentQuanityOfStockUnits": "1,1",
    "LongName": "lasagne bolognese 1 verp.=±400g",
    "AlcoholVolume": "0",
    "FicCode": "I"
  },
  {
    "productId": "20103",
    "technicalArticleNumber": "1906696",
    "commercialArticleNumber": "12749",
    "name": "bereid kippengehakt",
    "description": "*Kippengehakt\n*België\n*±500 g",
    "thumbNail": "https://static.colruytgroup.com/images/200x200/std.lang.all/95/32/asset-1549532.jpg",
    "fullImage": "https://static.colruytgroup.com/images/500x500/std.lang.all/95/32/asset-1549532.jpg",
    "squareImage": "https://static.colruytgroup.com/images/500x500sq/std.lang.all/95/32/asset-1549532.jpg",
    "content": "500g",
    "walkRouteSequenceNumber": 19502,
    "price": {
      "basicPrice": 6.6,
      "recommendedQuantity": "0.5",
      "unit": "K",
      "measurementUnitPrice": 6.6,
      "measurementUnit": "K",
      "isRedPrice": false,
      "pricePerUOM": 6.6,
      "activationDate": "21-03-2024",
      "recordSource": "Folder",
      "isPromoActive": "N",
      "priceChangeCode": "E"
    },
    "isAvailable": true,
    "isPriceAvailable": true,
    "inPromo": false,
    "topCategoryName": "Colruyt-beenhouwerij",
    "topCategoryId": "33",
    "businessDomain": "RETAIL_BE",
    "IsPrivateLabel": false,
    "IsBiffe": false,
    "WeightconversionFactor": "500",
    "IsWeightArticle": true,
    "nutriscoreLabel": "B",
    "IsBio": false,
    "CountryOfOrigin": "BELGIË",
    "IsExclusivelySoldInLuxembourg": false,
    "OrderUnit": "P",
    "ShortName": "KIPPENGEHAKT 500G W",
    "IsNew": false,
    "EcoscoreLabel": "E",
    "RecentQuanityOfStockUnits": "1,1",
    "LongName": "bereid kippengehakt 500g",
    "AlcoholVolume": "0",
    "FicCode": "I",
    "EcoscoreValue": "6"
  },
  {
    "productId": "87825",
    "technicalArticleNumber": "2948431",
    "commercialArticleNumber": "10827",
    "name": "kippenhaasje",
    "description": "*Kippenhaasje\n*België",
    "thumbNail": "https://static.colruytgroup.com/images/200x200/std.lang.all/82/35/asset-378235.jpg",
    "fullImage": "https://static.colruytgroup.com/images/500x500/std.lang.all/82/35/asset-378235.jpg",
    "squareImage": "https://static.colruytgroup.com/images/500x500sq/std.lang.all/82/35/asset-378235.jpg",
    "content": "±500g",
    "walkRouteSequenceNumber": 19353,
    "price": {
      "basicPrice": 7.49,
      "recommendedQuantity": "0.7",
      "unit": "K",
      "measurementUnitPrice": 7.49,
      "measurementUnit": "K",
      "isRedPrice": false,
      "pricePerUOM": 7.49,
      "activationDate": "19-03-2024",
      "recordSource": "Folder",
      "isPromoActive": "N",
      "priceChangeCode": "L"
    },
    "isAvailable": true,
    "isPriceAvailable": true,
    "inPromo": false,
    "topCategoryName": "Colruyt-beenhouwerij",
    "topCategoryId": "33",
    "businessDomain": "RETAIL_BE",
    "IsPrivateLabel": false,
    "IsBiffe": false,
    "WeightconversionFactor": "500",
    "IsWeightArticle": true,
    "nutriscoreLabel": "A",
    "IsBio": false,
    "CountryOfOrigin": "BELGIË",
    "IsExclusivelySoldInLuxembourg": false,
    "OrderUnit": "P",
    "ShortName": "KIPPENHAASJE 500G",
    "IsNew": false,
    "EcoscoreLabel": "D",
    "RecentQuanityOfStockUnits": "1,1",
    "LongName": "kippenhaasje ±500g",
    "AlcoholVolume": "0",
    "FicCode": "I",
    "EcoscoreValue": "21"
  },
  {
    "productId": "8152",
    "technicalArticleNumber": "1158999",
    "commercialArticleNumber": "10093",
    "name": "BH Bereid Gehakt Varken",
    "description": "*Varkensvlees\ngekruid\n*Om te bakken",
    "thumbNail": "https://static.colruytgroup.com/images/200x200/std.lang.all/30/09/asset-393009.jpg",
    "fullImage": "https://static.colruytgroup.com/images/500x500/std.lang.all/30/09/asset-393009.jpg",
    "squareImage": "https://static.colruytgroup.com/images/500x500sq/std.lang.all/30/09/asset-393009.jpg",
    "walkRouteSequenceNumber": 19180,
    "price": {
      "basicPrice": 7.96,
      "recommendedQuantity": "0.5",
      "unit": "K",
      "measurementUnitPrice": 7.96,
      "measurementUnit": "K",
      "isRedPrice": false,
      "pricePerUOM": 7.96,
      "activationDate": "18-03-2024",
      "recordSource": "Offline",
      "isPromoActive": "N",
      "priceChangeCode": "E"
    },
    "isAvailable": true,
    "isPriceAvailable": true,
    "inPromo": false,
    "topCategoryName": "Colruyt-beenhouwerij",
    "topCategoryId": "33",
    "businessDomain": "RETAIL_BE",
    "IsPrivateLabel": false,
    "IsBiffe": false,
    "WeightconversionFactor": "500",
    "IsWeightArticle": true,
    "nutriscoreLabel": "D",
    "IsBio": false,
    "CountryOfOrigin": "BELGIË",
    "IsExclusivelySoldInLuxembourg": false,
    "OrderUnit": "Kg",
    "ShortName": "BH VARKENSGEHAKT W",
    "IsNew": false,
    "EcoscoreLabel": "E",
    "RecentQuanityOfStockUnits": "1,1",
    "LongName": "BH Bereid Gehakt Varken",
    "AlcoholVolume": "0",
    "FicCode": "I",
    "EcoscoreValue": "0"
  },
  {
    "productId": "7767",
    "technicalArticleNumber": "1158646",
    "commercialArticleNumber": "10044",
    "name": "restaurantsteak",
    "description": "*Met kruidenboter\n*Vermalst stuk\nZwelt bij het bakken\nidéale bakwijze\nPan of Gegrild",
    "thumbNail": "https://static.colruytgroup.com/images/200x200/std.lang.all/62/17/asset-366217.jpg",
    "fullImage": "https://static.colruytgroup.com/images/500x500/std.lang.all/62/17/asset-366217.jpg",
    "squareImage": "https://static.colruytgroup.com/images/500x500sq/std.lang.all/62/17/asset-366217.jpg",
    "content": "+/- 2cm",
    "walkRouteSequenceNumber": 19144,
    "price": {
      "basicPrice": 16.99,
      "recommendedQuantity": "0.9",
      "unit": "K",
      "measurementUnitPrice": 16.99,
      "measurementUnit": "K",
      "isRedPrice": false,
      "pricePerUOM": 16.99,
      "activationDate": "28-02-2024",
      "recordSource": "Offline",
      "isPromoActive": "N",
      "priceChangeCode": "E"
    },
    "isAvailable": true,
    "isPriceAvailable": true,
    "inPromo": false,
    "topCategoryName": "Colruyt-beenhouwerij",
    "topCategoryId": "33",
    "businessDomain": "RETAIL_BE",
    "IsPrivateLabel": true,
    "IsBiffe": false,
    "WeightconversionFactor": "180",
    "IsWeightArticle": true,
    "nutriscoreLabel": "C",
    "IsBio": false,
    "CountryOfOrigin": "BELGIË",
    "IsExclusivelySoldInLuxembourg": false,
    "OrderUnit": "P",
    "ShortName": "RESTAURANTSTEAK       W",
    "IsNew": false,
    "RecentQuanityOfStockUnits": "1,1,1",
    "LongName": "restaurantsteak +/- 2cm",
    "AlcoholVolume": "0",
    "FicCode": "I"
  },
  {
    "productId": "150445",
    "technicalArticleNumber": "3316366",
    "commercialArticleNumber": "11591",
    "name": "kippenblokjes natuur",
    "description": "*Ideaal om te\nwokken.\n*België.",
    "thumbNail": "https://static.colruytgroup.com/images/200x200/std.lang.all/33/43/asset-353343.jpg",
    "fullImage": "https://static.colruytgroup.com/images/500x500/std.lang.all/33/43/asset-353343.jpg",
    "squareImage": "https://static.colruytgroup.com/images/500x500sq/std.lang.all/33/43/asset-353343.jpg",
    "content": "1verp.=±500g",
    "walkRouteSequenceNumber": 19441,
    "price": {
      "basicPrice": 8.2,
      "recommendedQuantity": "0.5",
      "unit": "K",
      "measurementUnitPrice": 8.2,
      "measurementUnit": "K",
      "isRedPrice": false,
      "pricePerUOM": 8.2,
      "activationDate": "19-03-2024",
      "recordSource": "Folder",
      "isPromoActive": "N",
      "priceChangeCode": "L"
    },
    "isAvailable": true,
    "isPriceAvailable": true,
    "inPromo": false,
    "topCategoryName": "Colruyt-beenhouwerij",
    "topCategoryId": "33",
    "businessDomain": "RETAIL_BE",
    "IsPrivateLabel": false,
    "IsBiffe": false,
    "WeightconversionFactor": "500",
    "IsWeightArticle": true,
    "nutriscoreLabel": "A",
    "IsBio": false,
    "IsExclusivelySoldInLuxembourg": false,
    "OrderUnit": "P",
    "ShortName": "KIPPENBLOKJES+-500G W",
    "IsNew": false,
    "RecentQuanityOfStockUnits": "1,1",
    "LongName": "kippenblokjes natuur 1verp.=±500g",
    "AlcoholVolume": "0",
    "FicCode": "I"
  },
  {
    "productId": "7159",
    "technicalArticleNumber": "1160214",
    "commercialArticleNumber": "10251",
    "name": "BH boerenchipolata varken",
    "description": "*Varkensvlees, ui\npeterselie, gekruid\n*±70gr\n*Te bakken",
    "thumbNail": "https://static.colruytgroup.com/images/200x200/std.lang.all/55/79/asset-2355579.jpg",
    "fullImage": "https://static.colruytgroup.com/images/500x500/std.lang.all/55/79/asset-2355579.jpg",
    "squareImage": "https://static.colruytgroup.com/images/500x500sq/std.lang.all/55/79/asset-2355579.jpg",
    "walkRouteSequenceNumber": 19244,
    "price": {
      "basicPrice": 10.5,
      "recommendedQuantity": "0.4",
      "unit": "K",
      "quantityPrice": 8.32,
      "quantityPriceQuantity": "0.6",
      "measurementUnitPrice": 10.5,
      "measurementUnitQuantityPrice": 8.32,
      "measurementUnit": "K",
      "isRedPrice": false,
      "pricePerUOM": 10.5,
      "activationDate": "21-03-2024",
      "recordSource": "Offline",
      "isPromoActive": "N",
      "priceChangeCode": "E",
      "quantityPricePerUOM": 8.32,
      "quantityActivationDate": "21-03-2024",
      "quantityPriceChangeCode": "H"
    },
    "isAvailable": true,
    "isPriceAvailable": true,
    "inPromo": false,
    "topCategoryName": "Colruyt-beenhouwerij",
    "topCategoryId": "33",
    "businessDomain": "RETAIL_BE",
    "IsPrivateLabel": true,
    "IsBiffe": false,
    "WeightconversionFactor": "70",
    "IsWeightArticle": true,
    "nutriscoreLabel": "D",
    "IsBio": false,
    "CountryOfOrigin": "BELGIË",
    "IsExclusivelySoldInLuxembourg": false,
    "OrderUnit": "P",
    "ShortName": "BH BOERENCHIPOLATA W",
    "IsNew": false,
    "RecentQuanityOfStockUnits": "1,1",
    "LongName": "BH boerenchipolata varken",
    "AlcoholVolume": "0",
    "FicCode": "I"
  },
  {
    "productId": "228447",
    "technicalArticleNumber": "3579168",
    "commercialArticleNumber": "12939",
    "name": "beenhouwersham",
    "description": "*Gekookt in eigen\nnat,Natuurlijk\n*Geen toevoeging\nvan fosfaten en\nkleurstoffen",
    "brand": "COLRUYT",
    "seoBrand": "Colruyt",
    "thumbNail": "https://static.colruytgroup.com/images/200x200/std.lang.all/49/43/asset-2484943.jpg",
    "fullImage": "https://static.colruytgroup.com/images/500x500/std.lang.all/49/43/asset-2484943.jpg",
    "squareImage": "https://static.colruytgroup.com/images/500x500sq/std.lang.all/49/43/asset-2484943.jpg",
    "content": "160g",
    "walkRouteSequenceNumber": 7989,
    "price": {
      "basicPrice": 3,
      "recommendedQuantity": "1.0",
      "measurementUnitPrice": 18.75,
      "measurementUnit": "K",
      "isRedPrice": false,
      "pricePerUOM": 18.75,
      "activationDate": "17-11-2023",
      "isPromoActive": "N",
      "priceChangeCode": "E"
    },
    "isAvailable": true,
    "isPriceAvailable": true,
    "inPromo": false,
    "gtin": [
      "05400141391893",
      "05400141501650",
      "05400141452938"
    ],
    "topCategoryName": "Colruyt-beenhouwerij",
    "topCategoryId": "33",
    "businessDomain": "RETAIL_BE",
    "IsPrivateLabel": true,
    "IsBiffe": false,
    "WeightconversionFactor": "0",
    "IsWeightArticle": false,
    "nutriscoreLabel": "D",
    "IsBio": false,
    "CountryOfOrigin": "BELGIË",
    "IsExclusivelySoldInLuxembourg": false,
    "OrderUnit": "P",
    "ShortName": "ZBH BEENHOUWERSHAM 160G",
    "IsNew": false,
    "EcoscoreLabel": "C",
    "RecentQuanityOfStockUnits": "1",
    "LongName": "COLRUYT beenhouwersham 160g",
    "AlcoholVolume": "0",
    "FicCode": "I",
    "EcoscoreValue": "43"
  },
  {
    "productId": "8239",
    "technicalArticleNumber": "1159147",
    "commercialArticleNumber": "10102",
    "name": "BH Boerenworsten Varken",
    "description": "*Varkensvlees, ui\npeterselie,gekruid\n*±150gr\n*Te bakken ±10'",
    "thumbNail": "https://static.colruytgroup.com/images/200x200/std.lang.all/49/63/asset-864963.jpg",
    "fullImage": "https://static.colruytgroup.com/images/500x500/std.lang.all/49/63/asset-864963.jpg",
    "squareImage": "https://static.colruytgroup.com/images/500x500sq/std.lang.all/49/63/asset-864963.jpg",
    "walkRouteSequenceNumber": 19185,
    "price": {
      "basicPrice": 10.14,
      "recommendedQuantity": "0.5",
      "unit": "K",
      "measurementUnitPrice": 10.14,
      "measurementUnit": "K",
      "isRedPrice": false,
      "pricePerUOM": 10.14,
      "activationDate": "23-03-2024",
      "recordSource": "Offline",
      "isPromoActive": "N",
      "priceChangeCode": "H"
    },
    "isAvailable": true,
    "isPriceAvailable": true,
    "inPromo": false,
    "topCategoryName": "Colruyt-beenhouwerij",
    "topCategoryId": "33",
    "businessDomain": "RETAIL_BE",
    "IsPrivateLabel": false,
    "IsBiffe": false,
    "WeightconversionFactor": "150",
    "IsWeightArticle": true,
    "nutriscoreLabel": "D",
    "IsBio": false,
    "CountryOfOrigin": "BELGIË",
    "IsExclusivelySoldInLuxembourg": false,
    "OrderUnit": "P",
    "ShortName": "BH BOERENWORSTEN W",
    "IsNew": false,
    "EcoscoreLabel": "D",
    "RecentQuanityOfStockUnits": "1,1",
    "LongName": "BH Boerenworsten Varken",
    "AlcoholVolume": "0",
    "FicCode": "I",
    "EcoscoreValue": "27"
  },
  {
    "productId": "9973",
    "technicalArticleNumber": "1349319",
    "commercialArticleNumber": "10406",
    "name": "wokschotel gevogelte 2pers.",
    "description": "*1.Bak vlees 3 min\n2.Laat groenten 2,5\nmin meebakken\n3.Laat pasta en saus\n1min meebakken",
    "thumbNail": "https://static.colruytgroup.com/images/200x200/std.lang.all/04/54/asset-2670454.jpg",
    "fullImage": "https://static.colruytgroup.com/images/500x500/std.lang.all/04/54/asset-2670454.jpg",
    "squareImage": "https://static.colruytgroup.com/images/500x500sq/std.lang.all/04/54/asset-2670454.jpg",
    "walkRouteSequenceNumber": 19281,
    "price": {
      "basicPrice": 11.39,
      "recommendedQuantity": "1.0",
      "measurementUnitPrice": 10,
      "measurementUnit": "K",
      "isRedPrice": false,
      "pricePerUOM": 10,
      "activationDate": "14-02-2024",
      "isPromoActive": "N",
      "priceChangeCode": "H"
    },
    "isAvailable": true,
    "isPriceAvailable": true,
    "inPromo": false,
    "topCategoryName": "Colruyt-beenhouwerij",
    "topCategoryId": "33",
    "businessDomain": "RETAIL_BE",
    "IsPrivateLabel": false,
    "IsBiffe": false,
    "WeightconversionFactor": "0",
    "IsWeightArticle": false,
    "nutriscoreLabel": "B",
    "IsBio": false,
    "CountryOfOrigin": "BELGIË",
    "IsExclusivelySoldInLuxembourg": false,
    "OrderUnit": "P",
    "ShortName": "WOKSCHOTEL GEVOGELTE",
    "IsNew": false,
    "RecentQuanityOfStockUnits": "1,1",
    "LongName": "wokschotel gevogelte 2pers.",
    "AlcoholVolume": "0",
    "FicCode": "I"
  },
  {
    "productId": "8144",
    "technicalArticleNumber": "1158990",
    "commercialArticleNumber": "10085",
    "name": "BH Hamburger Rund-Varken",
    "description": "*Runds- varkens\ngehakt, gekruid\n*±150gr\n*Te bakken ±10'",
    "thumbNail": "https://static.colruytgroup.com/images/200x200/std.lang.all/88/05/asset-2948805.jpg",
    "fullImage": "https://static.colruytgroup.com/images/500x500/std.lang.all/88/05/asset-2948805.jpg",
    "squareImage": "https://static.colruytgroup.com/images/500x500sq/std.lang.all/88/05/asset-2948805.jpg",
    "walkRouteSequenceNumber": 19175,
    "price": {
      "basicPrice": 9.98,
      "recommendedQuantity": "0.4",
      "unit": "K",
      "measurementUnitPrice": 9.98,
      "measurementUnit": "K",
      "isRedPrice": false,
      "pricePerUOM": 9.98,
      "activationDate": "20-03-2024",
      "recordSource": "Offline",
      "isPromoActive": "N",
      "priceChangeCode": "E"
    },
    "isAvailable": true,
    "isPriceAvailable": true,
    "inPromo": false,
    "topCategoryName": "Colruyt-beenhouwerij",
    "topCategoryId": "33",
    "businessDomain": "RETAIL_BE",
    "IsPrivateLabel": false,
    "IsBiffe": false,
    "WeightconversionFactor": "150",
    "IsWeightArticle": true,
    "nutriscoreLabel": "D",
    "IsBio": false,
    "CountryOfOrigin": "BELGIË",
    "IsExclusivelySoldInLuxembourg": false,
    "OrderUnit": "P",
    "ShortName": "BH HAMBURGERS W",
    "IsNew": false,
    "EcoscoreLabel": "E",
    "RecentQuanityOfStockUnits": "1,1",
    "LongName": "BH Hamburger Rund-Varken",
    "AlcoholVolume": "0",
    "FicCode": "I",
    "EcoscoreValue": "0"
  },
  {
    "productId": "8046",
    "technicalArticleNumber": "1158981",
    "commercialArticleNumber": "10078",
    "name": "kalkoensneden",
    "description": "*Kalkoensneden\n*±180g/stuk",
    "thumbNail": "https://static.colruytgroup.com/images/200x200/std.lang.all/16/17/asset-391617.jpg",
    "fullImage": "https://static.colruytgroup.com/images/500x500/std.lang.all/16/17/asset-391617.jpg",
    "squareImage": "https://static.colruytgroup.com/images/500x500sq/std.lang.all/16/17/asset-391617.jpg",
    "walkRouteSequenceNumber": 19172,
    "price": {
      "basicPrice": 10.99,
      "recommendedQuantity": "0.7",
      "unit": "K",
      "measurementUnitPrice": 10.99,
      "measurementUnit": "K",
      "isRedPrice": false,
      "pricePerUOM": 10.99,
      "activationDate": "21-03-2024",
      "recordSource": "Offline",
      "isPromoActive": "N",
      "priceChangeCode": "E"
    },
    "isAvailable": true,
    "isPriceAvailable": true,
    "inPromo": false,
    "topCategoryName": "Colruyt-beenhouwerij",
    "topCategoryId": "33",
    "businessDomain": "RETAIL_BE",
    "IsPrivateLabel": false,
    "IsBiffe": false,
    "WeightconversionFactor": "180",
    "IsWeightArticle": true,
    "nutriscoreLabel": "A",
    "IsBio": false,
    "CountryOfOrigin": "BELGIË",
    "IsExclusivelySoldInLuxembourg": false,
    "OrderUnit": "P",
    "ShortName": "KALKOENSNEDEN W",
    "IsNew": false,
    "EcoscoreLabel": "D",
    "RecentQuanityOfStockUnits": "1,1",
    "LongName": "kalkoensneden",
    "AlcoholVolume": "0",
    "FicCode": "I",
    "EcoscoreValue": "21"
  },
  {
    "productId": "6951",
    "technicalArticleNumber": "1159660",
    "commercialArticleNumber": "10194",
    "name": "cordon bleu",
    "description": "*Mager varkensvlees,\nham, emmenthal\npaneermeel\n*±170gr\n*Te bakken ±15'",
    "thumbNail": "https://static.colruytgroup.com/images/200x200/std.lang.all/18/67/asset-361867.jpg",
    "fullImage": "https://static.colruytgroup.com/images/500x500/std.lang.all/18/67/asset-361867.jpg",
    "squareImage": "https://static.colruytgroup.com/images/500x500sq/std.lang.all/18/67/asset-361867.jpg",
    "walkRouteSequenceNumber": 19226,
    "price": {
      "basicPrice": 13.5,
      "recommendedQuantity": "0.5",
      "unit": "K",
      "measurementUnitPrice": 13.5,
      "measurementUnit": "K",
      "isRedPrice": false,
      "pricePerUOM": 13.5,
      "activationDate": "18-03-2024",
      "recordSource": "Offline",
      "isPromoActive": "N",
      "priceChangeCode": "E"
    },
    "isAvailable": true,
    "isPriceAvailable": true,
    "inPromo": false,
    "gtin": [
      "05400141304688"
    ],
    "topCategoryName": "Colruyt-beenhouwerij",
    "topCategoryId": "33",
    "businessDomain": "RETAIL_BE",
    "IsPrivateLabel": true,
    "IsBiffe": false,
    "WeightconversionFactor": "200",
    "IsWeightArticle": true,
    "nutriscoreLabel": "C",
    "IsBio": false,
    "CountryOfOrigin": "BELGIË",
    "IsExclusivelySoldInLuxembourg": false,
    "OrderUnit": "P",
    "ShortName": "CORDON BLEU           W",
    "IsNew": false,
    "RecentQuanityOfStockUnits": "1,1",
    "LongName": "cordon bleu",
    "AlcoholVolume": "0",
    "FicCode": "I"
  },
  {
    "productId": "60323",
    "technicalArticleNumber": "2314782",
    "commercialArticleNumber": "17987",
    "name": "kippenescalope",
    "description": "*Fijn gesneden\n*België",
    "thumbNail": "https://static.colruytgroup.com/images/200x200/std.lang.all/36/68/asset-393668.jpg",
    "fullImage": "https://static.colruytgroup.com/images/500x500/std.lang.all/36/68/asset-393668.jpg",
    "squareImage": "https://static.colruytgroup.com/images/500x500sq/std.lang.all/36/68/asset-393668.jpg",
    "content": "±400g",
    "walkRouteSequenceNumber": 19608,
    "price": {
      "basicPrice": 12.9,
      "recommendedQuantity": "0.5",
      "unit": "K",
      "measurementUnitPrice": 12.9,
      "measurementUnit": "K",
      "isRedPrice": false,
      "pricePerUOM": 12.9,
      "activationDate": "23-03-2024",
      "recordSource": "Offline",
      "isPromoActive": "N",
      "priceChangeCode": "L"
    },
    "isAvailable": true,
    "isPriceAvailable": true,
    "inPromo": false,
    "topCategoryName": "Colruyt-beenhouwerij",
    "topCategoryId": "33",
    "businessDomain": "RETAIL_BE",
    "IsPrivateLabel": true,
    "IsBiffe": false,
    "WeightconversionFactor": "400",
    "IsWeightArticle": true,
    "nutriscoreLabel": "A",
    "IsBio": false,
    "IsExclusivelySoldInLuxembourg": false,
    "OrderUnit": "P",
    "ShortName": "KIPPENESCALOPES 400GW",
    "IsNew": false,
    "RecentQuanityOfStockUnits": "1,1",
    "LongName": "kippenescalope ±400g",
    "AlcoholVolume": "0",
    "FicCode": "I"
  },
  {
    "productId": "12446",
    "technicalArticleNumber": "1246260",
    "commercialArticleNumber": "10378",
    "name": "Welzijns kippenchipolata",
    "description": "*België\n*1st +- 150g\n*Bakken in de pan",
    "thumbNail": "https://static.colruytgroup.com/images/200x200/std.lang.all/45/97/asset-614597.jpg",
    "fullImage": "https://static.colruytgroup.com/images/500x500/std.lang.all/45/97/asset-614597.jpg",
    "squareImage": "https://static.colruytgroup.com/images/500x500sq/std.lang.all/45/97/asset-614597.jpg",
    "walkRouteSequenceNumber": 19270,
    "price": {
      "basicPrice": 14.98,
      "recommendedQuantity": "0.6",
      "unit": "K",
      "measurementUnitPrice": 14.98,
      "measurementUnit": "K",
      "isRedPrice": false,
      "pricePerUOM": 14.98,
      "activationDate": "20-03-2024",
      "isPromoActive": "N",
      "priceChangeCode": "H"
    },
    "isAvailable": true,
    "isPriceAvailable": true,
    "inPromo": false,
    "topCategoryName": "Colruyt-beenhouwerij",
    "topCategoryId": "33",
    "businessDomain": "RETAIL_BE",
    "IsPrivateLabel": true,
    "IsBiffe": false,
    "WeightconversionFactor": "150",
    "IsWeightArticle": true,
    "nutriscoreLabel": "A",
    "IsBio": false,
    "CountryOfOrigin": "BELGIË",
    "IsExclusivelySoldInLuxembourg": false,
    "OrderUnit": "P",
    "ShortName": "WELZIJN KIP.CHIPOLATAW",
    "IsNew": false,
    "RecentQuanityOfStockUnits": "1,1",
    "LongName": "Welzijns kippenchipolata",
    "AlcoholVolume": "0",
    "FicCode": "I"
  },
  {
    "productId": "48170",
    "technicalArticleNumber": "2423672",
    "commercialArticleNumber": "6875",
    "name": "vlees voor pita",
    "description": "*Magere varkens-\nreepjes, gekruid\n*Te bakken in\nde pan",
    "thumbNail": "https://static.colruytgroup.com/images/200x200/std.lang.all/06/88/asset-370688.jpg",
    "fullImage": "https://static.colruytgroup.com/images/500x500/std.lang.all/06/88/asset-370688.jpg",
    "squareImage": "https://static.colruytgroup.com/images/500x500sq/std.lang.all/06/88/asset-370688.jpg",
    "walkRouteSequenceNumber": 7980,
    "price": {
      "basicPrice": 9.1,
      "recommendedQuantity": "0.8",
      "unit": "K",
      "quantityPrice": 5.99,
      "quantityPriceQuantity": "1.0",
      "measurementUnitPrice": 9.1,
      "measurementUnitQuantityPrice": 5.99,
      "measurementUnit": "K",
      "isRedPrice": false,
      "pricePerUOM": 9.1,
      "activationDate": "20-03-2024",
      "recordSource": "Folder",
      "isPromoActive": "N",
      "priceChangeCode": "L",
      "quantityPricePerUOM": 5.99,
      "quantityActivationDate": "20-03-2024",
      "quantityPriceChangeCode": "E"
    },
    "isAvailable": true,
    "isPriceAvailable": true,
    "inPromo": false,
    "topCategoryName": "Colruyt-beenhouwerij",
    "topCategoryId": "33",
    "businessDomain": "RETAIL_BE",
    "IsPrivateLabel": true,
    "IsBiffe": false,
    "WeightconversionFactor": "100",
    "IsWeightArticle": true,
    "nutriscoreLabel": "C",
    "IsBio": false,
    "CountryOfOrigin": "BELGIË",
    "IsExclusivelySoldInLuxembourg": false,
    "OrderUnit": "Kg",
    "ShortName": "VLEES VOOR PITTA W",
    "IsNew": false,
    "RecentQuanityOfStockUnits": "1,1",
    "LongName": "vlees voor pita",
    "AlcoholVolume": "0",
    "FicCode": "I"
  },
  {
    "productId": "17190",
    "technicalArticleNumber": "1438922",
    "commercialArticleNumber": "10001",
    "name": "bereid boerengehakt varken",
    "description": "*Varkensgehakt, ui\npeterselie, kruiden\n*Om te bakken",
    "thumbNail": "https://static.colruytgroup.com/images/200x200/std.lang.all/89/14/asset-1508914.jpg",
    "fullImage": "https://static.colruytgroup.com/images/500x500/std.lang.all/89/14/asset-1508914.jpg",
    "squareImage": "https://static.colruytgroup.com/images/500x500sq/std.lang.all/89/14/asset-1508914.jpg",
    "walkRouteSequenceNumber": 19126,
    "price": {
      "basicPrice": 6,
      "recommendedQuantity": "0.5",
      "unit": "K",
      "measurementUnitPrice": 6,
      "measurementUnit": "K",
      "isRedPrice": false,
      "pricePerUOM": 6,
      "activationDate": "19-03-2024",
      "recordSource": "Folder",
      "isPromoActive": "N",
      "priceChangeCode": "L"
    },
    "isAvailable": true,
    "isPriceAvailable": true,
    "inPromo": false,
    "topCategoryName": "Colruyt-beenhouwerij",
    "topCategoryId": "33",
    "businessDomain": "RETAIL_BE",
    "IsPrivateLabel": false,
    "IsBiffe": false,
    "WeightconversionFactor": "500",
    "IsWeightArticle": true,
    "nutriscoreLabel": "D",
    "IsBio": false,
    "CountryOfOrigin": "BELGIË",
    "IsExclusivelySoldInLuxembourg": false,
    "OrderUnit": "Kg",
    "ShortName": "BEREID BOERENGEHAKT W",
    "IsNew": false,
    "EcoscoreLabel": "E",
    "RecentQuanityOfStockUnits": "1,1",
    "LongName": "bereid boerengehakt varken",
    "AlcoholVolume": "0",
    "FicCode": "I",
    "EcoscoreValue": "0"
  },
  {
    "productId": "8238",
    "technicalArticleNumber": "1159144",
    "commercialArticleNumber": "10101",
    "name": "verse worsten varken+kalf",
    "description": "*Varkens- kalfsvlees\ngekruid\n*±150gr\n*Te bakken ±10'",
    "thumbNail": "https://static.colruytgroup.com/images/200x200/std.lang.all/77/68/asset-1507768.jpg",
    "fullImage": "https://static.colruytgroup.com/images/500x500/std.lang.all/77/68/asset-1507768.jpg",
    "squareImage": "https://static.colruytgroup.com/images/500x500sq/std.lang.all/77/68/asset-1507768.jpg",
    "walkRouteSequenceNumber": 19184,
    "price": {
      "basicPrice": 9.98,
      "recommendedQuantity": "0.5",
      "unit": "K",
      "measurementUnitPrice": 9.98,
      "measurementUnit": "K",
      "isRedPrice": false,
      "pricePerUOM": 9.98,
      "activationDate": "05-03-2024",
      "recordSource": "Offline",
      "isPromoActive": "N",
      "priceChangeCode": "E"
    },
    "isAvailable": true,
    "isPriceAvailable": true,
    "inPromo": false,
    "gtin": [
      "05400141101010"
    ],
    "topCategoryName": "Colruyt-beenhouwerij",
    "topCategoryId": "33",
    "businessDomain": "RETAIL_BE",
    "IsPrivateLabel": false,
    "IsBiffe": false,
    "WeightconversionFactor": "150",
    "IsWeightArticle": true,
    "nutriscoreLabel": "D",
    "IsBio": false,
    "CountryOfOrigin": "BELGIË",
    "IsExclusivelySoldInLuxembourg": false,
    "OrderUnit": "P",
    "ShortName": "WORSTEN VARKEN/KALF W",
    "IsNew": false,
    "EcoscoreLabel": "E",
    "RecentQuanityOfStockUnits": "1,1",
    "LongName": "verse worsten varken+kalf",
    "AlcoholVolume": "0",
    "FicCode": "I",
    "EcoscoreValue": "5"
  },
  {
    "productId": "8146",
    "technicalArticleNumber": "1158993",
    "commercialArticleNumber": "10088",
    "name": "BH Kaasburger Varken",
    "description": "*Varkensgehakt\ngerookt spek,\nkaas,paneermeel\n*±150gr\n*Te bakken ±10'",
    "thumbNail": "https://static.colruytgroup.com/images/200x200/std.lang.all/45/96/asset-614596.jpg",
    "fullImage": "https://static.colruytgroup.com/images/500x500/std.lang.all/45/96/asset-614596.jpg",
    "squareImage": "https://static.colruytgroup.com/images/500x500sq/std.lang.all/45/96/asset-614596.jpg",
    "walkRouteSequenceNumber": 19177,
    "price": {
      "basicPrice": 10.6,
      "recommendedQuantity": "0.4",
      "unit": "K",
      "quantityPrice": 5.29,
      "quantityPriceQuantity": "0.9",
      "measurementUnitPrice": 10.6,
      "measurementUnitQuantityPrice": 5.29,
      "measurementUnit": "K",
      "isRedPrice": false,
      "pricePerUOM": 10.6,
      "activationDate": "19-03-2024",
      "recordSource": "Offline",
      "isPromoActive": "N",
      "priceChangeCode": "E",
      "quantityPricePerUOM": 5.29,
      "quantityActivationDate": "19-03-2024",
      "quantityPriceChangeCode": "L"
    },
    "isAvailable": true,
    "isPriceAvailable": true,
    "inPromo": false,
    "topCategoryName": "Colruyt-beenhouwerij",
    "topCategoryId": "33",
    "businessDomain": "RETAIL_BE",
    "IsPrivateLabel": false,
    "IsBiffe": false,
    "WeightconversionFactor": "150",
    "IsWeightArticle": true,
    "nutriscoreLabel": "D",
    "IsBio": false,
    "CountryOfOrigin": "BELGIË",
    "IsExclusivelySoldInLuxembourg": false,
    "OrderUnit": "P",
    "ShortName": "BH KAASBURGER W",
    "IsNew": false,
    "EcoscoreLabel": "E",
    "RecentQuanityOfStockUnits": "1,1",
    "LongName": "BH Kaasburger Varken",
    "AlcoholVolume": "0",
    "FicCode": "I",
    "EcoscoreValue": "0"
  },
  {
    "productId": "111672",
    "technicalArticleNumber": "3076016",
    "commercialArticleNumber": "11206",
    "name": "Schnitzel op praagse wijze",
    "description": "*Mager varkensvlees\npaneermeel\n*±150gr\n*Te bakken ±15'",
    "thumbNail": "https://static.colruytgroup.com/images/200x200/std.lang.all/81/47/asset-378147.jpg",
    "fullImage": "https://static.colruytgroup.com/images/500x500/std.lang.all/81/47/asset-378147.jpg",
    "squareImage": "https://static.colruytgroup.com/images/500x500sq/std.lang.all/81/47/asset-378147.jpg",
    "walkRouteSequenceNumber": 6805,
    "price": {
      "basicPrice": 11.3,
      "recommendedQuantity": "0.7",
      "unit": "K",
      "measurementUnitPrice": 11.3,
      "measurementUnit": "K",
      "isRedPrice": false,
      "pricePerUOM": 11.3,
      "activationDate": "20-03-2024",
      "recordSource": "Offline",
      "isPromoActive": "N",
      "priceChangeCode": "H"
    },
    "isAvailable": true,
    "isPriceAvailable": true,
    "inPromo": false,
    "topCategoryName": "Colruyt-beenhouwerij",
    "topCategoryId": "33",
    "businessDomain": "RETAIL_BE",
    "IsPrivateLabel": true,
    "IsBiffe": false,
    "WeightconversionFactor": "200",
    "IsWeightArticle": true,
    "nutriscoreLabel": "C",
    "IsBio": false,
    "IsExclusivelySoldInLuxembourg": false,
    "OrderUnit": "P",
    "ShortName": "SCHNITZEL PRAAGSE WIJZE",
    "IsNew": false,
    "RecentQuanityOfStockUnits": "1,1",
    "LongName": "Schnitzel op praagse wijze",
    "AlcoholVolume": "0",
    "FicCode": "I"
  },
  {
    "productId": "12471",
    "technicalArticleNumber": "1313298",
    "commercialArticleNumber": "10388",
    "name": "kalkoenbrochette",
    "description": "*Paprika smaak\n*Kalkoenvlees,ui\nrode paprika\n*±150 g stuk\n*Bak tot in de kern",
    "thumbNail": "https://static.colruytgroup.com/images/200x200/std.lang.all/56/03/asset-1425603.jpg",
    "fullImage": "https://static.colruytgroup.com/images/500x500/std.lang.all/56/03/asset-1425603.jpg",
    "squareImage": "https://static.colruytgroup.com/images/500x500sq/std.lang.all/56/03/asset-1425603.jpg",
    "walkRouteSequenceNumber": 19275,
    "price": {
      "basicPrice": 15.53,
      "recommendedQuantity": "0.4",
      "unit": "K",
      "measurementUnitPrice": 15.53,
      "measurementUnit": "K",
      "isRedPrice": false,
      "pricePerUOM": 15.53,
      "activationDate": "13-03-2024",
      "isPromoActive": "Y",
      "priceChangeCode": "E"
    },
    "isAvailable": true,
    "isPriceAvailable": true,
    "inPromo": false,
    "topCategoryName": "Colruyt-beenhouwerij",
    "topCategoryId": "33",
    "businessDomain": "RETAIL_BE",
    "IsPrivateLabel": true,
    "IsBiffe": false,
    "WeightconversionFactor": "160",
    "IsWeightArticle": true,
    "nutriscoreLabel": "A",
    "IsBio": false,
    "CountryOfOrigin": "FRANKRIJK",
    "IsExclusivelySoldInLuxembourg": false,
    "OrderUnit": "P",
    "ShortName": "KALKOENBROCHETTE      W",
    "IsNew": false,
    "RecentQuanityOfStockUnits": "1,1",
    "LongName": "kalkoenbrochette",
    "AlcoholVolume": "0",
    "FicCode": "I"
  },
  {
    "productId": "234056",
    "technicalArticleNumber": "3559417",
    "commercialArticleNumber": "10775",
    "name": "hoeveham",
    "description": "*Autentieke smaak ,\nGekookt in eigen nat\nen langer gegaard in\nde oven.\n*Belgie",
    "brand": "COLRUYT",
    "seoBrand": "Colruyt",
    "thumbNail": "https://static.colruytgroup.com/images/200x200/std.lang.all/66/62/asset-3336662.jpg",
    "fullImage": "https://static.colruytgroup.com/images/500x500/std.lang.all/66/62/asset-3336662.jpg",
    "squareImage": "https://static.colruytgroup.com/images/500x500sq/std.lang.all/66/62/asset-3336662.jpg",
    "content": "200g",
    "walkRouteSequenceNumber": 8002,
    "price": {
      "basicPrice": 4,
      "recommendedQuantity": "1.0",
      "measurementUnitPrice": 20,
      "measurementUnit": "K",
      "isRedPrice": false,
      "pricePerUOM": 20,
      "activationDate": "17-11-2023",
      "isPromoActive": "N",
      "priceChangeCode": "H"
    },
    "isAvailable": true,
    "isPriceAvailable": true,
    "inPromo": false,
    "gtin": [
      "05400141677188",
      "05400141452839",
      "05400141291865",
      "05400141522006"
    ],
    "topCategoryName": "Colruyt-beenhouwerij",
    "topCategoryId": "33",
    "businessDomain": "RETAIL_BE",
    "IsPrivateLabel": true,
    "IsBiffe": false,
    "WeightconversionFactor": "0",
    "IsWeightArticle": false,
    "nutriscoreLabel": "D",
    "IsBio": false,
    "CountryOfOrigin": "BELGIË",
    "IsExclusivelySoldInLuxembourg": false,
    "OrderUnit": "P",
    "ShortName": "ZBH HOEVEHAM 200GW",
    "IsNew": false,
    "EcoscoreLabel": "D",
    "RecentQuanityOfStockUnits": "1",
    "LongName": "COLRUYT hoeveham 200g",
    "AlcoholVolume": "0",
    "FicCode": "I",
    "EcoscoreValue": "39"
  },
  {
    "productId": "15429",
    "technicalArticleNumber": "1621919",
    "commercialArticleNumber": "11547",
    "name": "milanese schnitzel",
    "description": "*Mager varkensvlees,\ntomatensaus, kaas,\npaneermeel\n*Licht pikant ±170gr\n*Te bakken ±15'",
    "thumbNail": "https://static.colruytgroup.com/images/200x200/std.lang.all/16/11/asset-391611.jpg",
    "fullImage": "https://static.colruytgroup.com/images/500x500/std.lang.all/16/11/asset-391611.jpg",
    "squareImage": "https://static.colruytgroup.com/images/500x500sq/std.lang.all/16/11/asset-391611.jpg",
    "walkRouteSequenceNumber": 19433,
    "price": {
      "basicPrice": 13.99,
      "recommendedQuantity": "1.0",
      "unit": "K",
      "measurementUnitPrice": 13.99,
      "measurementUnit": "K",
      "isRedPrice": false,
      "pricePerUOM": 13.99,
      "activationDate": "13-03-2024",
      "isPromoActive": "N",
      "priceChangeCode": "H"
    },
    "isAvailable": true,
    "isPriceAvailable": true,
    "inPromo": false,
    "topCategoryName": "Colruyt-beenhouwerij",
    "topCategoryId": "33",
    "businessDomain": "RETAIL_BE",
    "IsPrivateLabel": true,
    "IsBiffe": false,
    "WeightconversionFactor": "200",
    "IsWeightArticle": true,
    "nutriscoreLabel": "C",
    "IsBio": false,
    "CountryOfOrigin": "BELGIË",
    "IsExclusivelySoldInLuxembourg": false,
    "OrderUnit": "P",
    "ShortName": "MILANESE SCHNITZEL    W",
    "IsNew": false,
    "RecentQuanityOfStockUnits": "1,1",
    "LongName": "milanese schnitzel",
    "AlcoholVolume": "0",
    "FicCode": "I"
  },
  {
    "productId": "28051",
    "technicalArticleNumber": "1980938",
    "commercialArticleNumber": "14763",
    "name": "gratin dauphinois",
    "description": "*Voorverwarmde oven\nop 200° 25 à 30 min\n*Microgolf 750W\n7 tot 8 min.",
    "thumbNail": "https://static.colruytgroup.com/images/200x200/std.lang.all/52/54/asset-2295254.jpg",
    "fullImage": "https://static.colruytgroup.com/images/500x500/std.lang.all/52/54/asset-2295254.jpg",
    "squareImage": "https://static.colruytgroup.com/images/500x500sq/std.lang.all/52/54/asset-2295254.jpg",
    "content": "±800g",
    "walkRouteSequenceNumber": 19557,
    "price": {
      "basicPrice": 7.49,
      "recommendedQuantity": "0.8",
      "unit": "K",
      "measurementUnitPrice": 7.49,
      "measurementUnit": "K",
      "isRedPrice": false,
      "pricePerUOM": 7.49,
      "activationDate": "13-03-2024",
      "isPromoActive": "Y",
      "priceChangeCode": "L"
    },
    "isAvailable": true,
    "isPriceAvailable": true,
    "inPromo": false,
    "topCategoryName": "Colruyt-beenhouwerij",
    "topCategoryId": "33",
    "businessDomain": "RETAIL_BE",
    "IsPrivateLabel": false,
    "IsBiffe": false,
    "WeightconversionFactor": "800",
    "IsWeightArticle": true,
    "nutriscoreLabel": "C",
    "IsBio": false,
    "CountryOfOrigin": "BELGIË",
    "IsExclusivelySoldInLuxembourg": false,
    "OrderUnit": "P",
    "ShortName": "GRATIN DAUPHINOIS W",
    "IsNew": false,
    "EcoscoreLabel": "B",
    "RecentQuanityOfStockUnits": "1,1",
    "LongName": "gratin dauphinois ±800g",
    "AlcoholVolume": "0",
    "FicCode": "I",
    "EcoscoreValue": "71"
  },
  {
    "productId": "231402",
    "technicalArticleNumber": "3559608",
    "commercialArticleNumber": "12157",
    "name": "kalkoenfilet natuur",
    "description": "*Gemarineerd product\ngekookt in eigen nat\nen lang gebakken in\nde oven.\n*Belgie",
    "brand": "COLRUYT",
    "seoBrand": "Colruyt",
    "thumbNail": "https://static.colruytgroup.com/images/200x200/std.lang.all/49/42/asset-2484942.jpg",
    "fullImage": "https://static.colruytgroup.com/images/500x500/std.lang.all/49/42/asset-2484942.jpg",
    "squareImage": "https://static.colruytgroup.com/images/500x500sq/std.lang.all/49/42/asset-2484942.jpg",
    "content": "200g",
    "walkRouteSequenceNumber": 7996,
    "price": {
      "basicPrice": 4.66,
      "recommendedQuantity": "1.0",
      "measurementUnitPrice": 23.3,
      "measurementUnit": "K",
      "isRedPrice": false,
      "pricePerUOM": 23.3,
      "activationDate": "29-02-2024",
      "recordSource": "Offline",
      "isPromoActive": "N",
      "priceChangeCode": "E"
    },
    "isAvailable": true,
    "isPriceAvailable": true,
    "inPromo": false,
    "gtin": [
      "05400141518511",
      "05400141391770",
      "05400141072075",
      "05400141452822"
    ],
    "topCategoryName": "Colruyt-beenhouwerij",
    "topCategoryId": "33",
    "businessDomain": "RETAIL_BE",
    "IsPrivateLabel": true,
    "IsBiffe": false,
    "WeightconversionFactor": "0",
    "IsWeightArticle": false,
    "nutriscoreLabel": "C",
    "IsBio": false,
    "CountryOfOrigin": "BELGIË",
    "IsExclusivelySoldInLuxembourg": false,
    "OrderUnit": "P",
    "ShortName": "ZBH KALKOENFIL.NAT.200G",
    "IsNew": false,
    "EcoscoreLabel": "C",
    "RecentQuanityOfStockUnits": "1",
    "LongName": "COLRUYT kalkoenfilet natuur 200g",
    "AlcoholVolume": "0",
    "FicCode": "I",
    "EcoscoreValue": "50"
  },
  {
    "productId": "6754",
    "technicalArticleNumber": "1159397",
    "commercialArticleNumber": "10142",
    "name": "varkenskoteletten",
    "description": "*Magere kotelet\n*Met been ±160g\n*België\n*4' à 5' bakken\naan beide kanten",
    "thumbNail": "https://static.colruytgroup.com/images/200x200/std.lang.all/83/86/asset-358386.jpg",
    "fullImage": "https://static.colruytgroup.com/images/500x500/std.lang.all/83/86/asset-358386.jpg",
    "squareImage": "https://static.colruytgroup.com/images/500x500sq/std.lang.all/83/86/asset-358386.jpg",
    "walkRouteSequenceNumber": 19210,
    "price": {
      "basicPrice": 7.34,
      "recommendedQuantity": "0.6",
      "unit": "K",
      "measurementUnitPrice": 7.34,
      "measurementUnit": "K",
      "isRedPrice": false,
      "pricePerUOM": 7.34,
      "activationDate": "21-03-2024",
      "recordSource": "Offline",
      "isPromoActive": "N",
      "priceChangeCode": "H"
    },
    "isAvailable": true,
    "isPriceAvailable": true,
    "inPromo": false,
    "topCategoryName": "Colruyt-beenhouwerij",
    "topCategoryId": "33",
    "businessDomain": "RETAIL_BE",
    "IsPrivateLabel": false,
    "IsBiffe": false,
    "WeightconversionFactor": "180",
    "IsWeightArticle": true,
    "nutriscoreLabel": "B",
    "IsBio": false,
    "CountryOfOrigin": "BELGIË",
    "IsExclusivelySoldInLuxembourg": false,
    "OrderUnit": "P",
    "ShortName": "VARKENSKOTELETTEN W",
    "IsNew": false,
    "EcoscoreLabel": "E",
    "RecentQuanityOfStockUnits": "1,1",
    "LongName": "varkenskoteletten",
    "AlcoholVolume": "0",
    "FicCode": "I",
    "EcoscoreValue": "0"
  },
  {
    "productId": "7847",
    "technicalArticleNumber": "1158653",
    "commercialArticleNumber": "10049",
    "name": "mager rundstoofvlees",
    "description": "*Om te stoven\n*1u30 à 2u",
    "thumbNail": "https://static.colruytgroup.com/images/200x200/std.lang.all/15/87/asset-391587.jpg",
    "fullImage": "https://static.colruytgroup.com/images/500x500/std.lang.all/15/87/asset-391587.jpg",
    "squareImage": "https://static.colruytgroup.com/images/500x500sq/std.lang.all/15/87/asset-391587.jpg",
    "walkRouteSequenceNumber": 19149,
    "price": {
      "basicPrice": 13,
      "recommendedQuantity": "0.5",
      "unit": "K",
      "measurementUnitPrice": 13,
      "measurementUnit": "K",
      "isRedPrice": false,
      "pricePerUOM": 13,
      "activationDate": "21-03-2024",
      "recordSource": "Offline",
      "isPromoActive": "N",
      "priceChangeCode": "L"
    },
    "isAvailable": true,
    "isPriceAvailable": true,
    "inPromo": false,
    "topCategoryName": "Colruyt-beenhouwerij",
    "topCategoryId": "33",
    "businessDomain": "RETAIL_BE",
    "IsPrivateLabel": false,
    "IsBiffe": false,
    "WeightconversionFactor": "1000",
    "IsWeightArticle": true,
    "nutriscoreLabel": "A",
    "IsBio": false,
    "CountryOfOrigin": "BELGIË",
    "IsExclusivelySoldInLuxembourg": false,
    "OrderUnit": "Kg",
    "ShortName": "EXTRA RUNDERSTOOFVLEESW",
    "IsNew": false,
    "EcoscoreLabel": "E",
    "RecentQuanityOfStockUnits": "1,1,1",
    "LongName": "mager rundstoofvlees",
    "AlcoholVolume": "0",
    "FicCode": "I",
    "EcoscoreValue": "0"
  },
  {
    "productId": "227089",
    "technicalArticleNumber": "3560184",
    "commercialArticleNumber": "16190",
    "name": "cremepastei",
    "description": "*Ambachtelijk\nrecept gebakken\nin de oven met\nminder vet.\n*Belgie",
    "brand": "COLRUYT",
    "seoBrand": "Colruyt",
    "thumbNail": "https://static.colruytgroup.com/images/200x200/std.lang.all/83/90/asset-1148390.jpg",
    "fullImage": "https://static.colruytgroup.com/images/500x500/std.lang.all/83/90/asset-1148390.jpg",
    "squareImage": "https://static.colruytgroup.com/images/500x500sq/std.lang.all/83/90/asset-1148390.jpg",
    "content": "170g",
    "walkRouteSequenceNumber": 7986,
    "price": {
      "basicPrice": 2.26,
      "recommendedQuantity": "1.0",
      "measurementUnitPrice": 13.3,
      "measurementUnit": "K",
      "isRedPrice": false,
      "pricePerUOM": 13.3,
      "activationDate": "22-03-2024",
      "recordSource": "Offline",
      "isPromoActive": "N",
      "priceChangeCode": "H"
    },
    "isAvailable": true,
    "isPriceAvailable": true,
    "inPromo": false,
    "gtin": [
      "05400141391404",
      "05400141426380"
    ],
    "topCategoryName": "Colruyt-beenhouwerij",
    "topCategoryId": "33",
    "businessDomain": "RETAIL_BE",
    "IsPrivateLabel": true,
    "IsBiffe": false,
    "WeightconversionFactor": "0",
    "IsWeightArticle": false,
    "nutriscoreLabel": "D",
    "IsBio": false,
    "CountryOfOrigin": "BELGIË",
    "IsExclusivelySoldInLuxembourg": false,
    "OrderUnit": "P",
    "ShortName": "ZBH CREMEPATE 170G .",
    "IsNew": false,
    "EcoscoreLabel": "D",
    "RecentQuanityOfStockUnits": "1",
    "LongName": "COLRUYT cremepastei 170g",
    "AlcoholVolume": "0",
    "FicCode": "I",
    "EcoscoreValue": "37"
  },
  {
    "productId": "549240",
    "technicalArticleNumber": "4178863",
    "commercialArticleNumber": "12379",
    "name": "pâté met ardeense ham",
    "brand": "COLRUYT",
    "seoBrand": "Colruyt",
    "thumbNail": "https://static.colruytgroup.com/images/200x200/std.lang.all/48/74/asset-1994874.jpg",
    "fullImage": "https://static.colruytgroup.com/images/500x500/std.lang.all/48/74/asset-1994874.jpg",
    "squareImage": "https://static.colruytgroup.com/images/500x500sq/std.lang.all/48/74/asset-1994874.jpg",
    "content": "170g",
    "walkRouteSequenceNumber": 7997,
    "price": {
      "basicPrice": 2.83,
      "recommendedQuantity": "1.0",
      "measurementUnitPrice": 16.65,
      "measurementUnit": "K",
      "isRedPrice": false,
      "pricePerUOM": 16.65,
      "activationDate": "15-11-2023",
      "isPromoActive": "N",
      "priceChangeCode": "H"
    },
    "isAvailable": true,
    "isPriceAvailable": true,
    "inPromo": false,
    "gtin": [
      "05400141890365",
      "05400141330748",
      "15400141890362"
    ],
    "topCategoryName": "Colruyt-beenhouwerij",
    "topCategoryId": "33",
    "businessDomain": "RETAIL_BE",
    "IsPrivateLabel": true,
    "IsBiffe": false,
    "WeightconversionFactor": "0",
    "IsWeightArticle": false,
    "nutriscoreLabel": "E",
    "IsBio": false,
    "CountryOfOrigin": "BELGIË",
    "IsExclusivelySoldInLuxembourg": false,
    "OrderUnit": "P",
    "ShortName": "ZBH PATE ARDE HAM 170G",
    "IsNew": false,
    "EcoscoreLabel": "D",
    "RecentQuanityOfStockUnits": "1",
    "LongName": "COLRUYT pâté met ardeense ham 170g",
    "AlcoholVolume": "0",
    "FicCode": "I",
    "EcoscoreValue": "34"
  },
  {
    "productId": "315720",
    "technicalArticleNumber": "3756160",
    "commercialArticleNumber": "12676",
    "name": "aardappelpuree",
    "description": "*Voorverwarmde oven\nop 150° +-30 min.\n*Microgolfoven 750W\n7 tot 8 min.",
    "thumbNail": "https://static.colruytgroup.com/images/200x200/std.lang.all/00/23/asset-1530023.jpg",
    "fullImage": "https://static.colruytgroup.com/images/500x500/std.lang.all/00/23/asset-1530023.jpg",
    "squareImage": "https://static.colruytgroup.com/images/500x500sq/std.lang.all/00/23/asset-1530023.jpg",
    "content": "±500g",
    "walkRouteSequenceNumber": 19498,
    "price": {
      "basicPrice": 8.49,
      "recommendedQuantity": "0.5",
      "unit": "K",
      "measurementUnitPrice": 8.49,
      "measurementUnit": "K",
      "isRedPrice": false,
      "pricePerUOM": 8.49,
      "activationDate": "07-03-2024",
      "recordSource": "Offline",
      "isPromoActive": "N",
      "priceChangeCode": "E"
    },
    "isAvailable": true,
    "isPriceAvailable": true,
    "inPromo": false,
    "topCategoryName": "Colruyt-beenhouwerij",
    "topCategoryId": "33",
    "businessDomain": "RETAIL_BE",
    "IsPrivateLabel": false,
    "IsBiffe": false,
    "WeightconversionFactor": "500",
    "IsWeightArticle": true,
    "nutriscoreLabel": "C",
    "IsBio": false,
    "CountryOfOrigin": "BELGIË",
    "IsExclusivelySoldInLuxembourg": false,
    "OrderUnit": "P",
    "ShortName": "AARDAPPELPUREE 500G",
    "IsNew": false,
    "EcoscoreLabel": "B",
    "RecentQuanityOfStockUnits": "1,1",
    "LongName": "aardappelpuree ±500g",
    "AlcoholVolume": "0",
    "FicCode": "I",
    "EcoscoreValue": "73"
  },
  {
    "productId": "8242",
    "technicalArticleNumber": "1159153",
    "commercialArticleNumber": "10105",
    "name": "BH Merguez Lam-Varken",
    "description": "*Lams- varkensvlees\n*Licht pikant\n*±70gr\n*Te bakken ±6'",
    "thumbNail": "https://static.colruytgroup.com/images/200x200/std.lang.all/65/09/asset-1476509.jpg",
    "fullImage": "https://static.colruytgroup.com/images/500x500/std.lang.all/65/09/asset-1476509.jpg",
    "squareImage": "https://static.colruytgroup.com/images/500x500sq/std.lang.all/65/09/asset-1476509.jpg",
    "walkRouteSequenceNumber": 19187,
    "price": {
      "basicPrice": 14.29,
      "recommendedQuantity": "0.1",
      "unit": "K",
      "measurementUnitPrice": 14.29,
      "measurementUnit": "K",
      "isRedPrice": false,
      "pricePerUOM": 14.29,
      "activationDate": "15-03-2024",
      "recordSource": "Offline",
      "isPromoActive": "N",
      "priceChangeCode": "H"
    },
    "isAvailable": true,
    "isPriceAvailable": true,
    "inPromo": false,
    "topCategoryName": "Colruyt-beenhouwerij",
    "topCategoryId": "33",
    "businessDomain": "RETAIL_BE",
    "IsPrivateLabel": false,
    "IsBiffe": false,
    "WeightconversionFactor": "70",
    "IsWeightArticle": true,
    "nutriscoreLabel": "D",
    "IsBio": false,
    "CountryOfOrigin": "BELGIË",
    "IsExclusivelySoldInLuxembourg": false,
    "OrderUnit": "P",
    "ShortName": "BH MERGUEZ V",
    "IsNew": false,
    "EcoscoreLabel": "E",
    "RecentQuanityOfStockUnits": "1,1",
    "LongName": "BH Merguez Lam-Varken",
    "AlcoholVolume": "0",
    "FicCode": "I",
    "EcoscoreValue": "0"
  },
  {
    "productId": "6750",
    "technicalArticleNumber": "1159388",
    "commercialArticleNumber": "10140",
    "name": "spiering",
    "description": "*Kotelet uit de nek\n*Met been ±160g\n*België\n*4' à 5' bakken\n*Aan beide kanten",
    "thumbNail": "https://static.colruytgroup.com/images/200x200/std.lang.all/01/96/asset-3310196.jpg",
    "fullImage": "https://static.colruytgroup.com/images/500x500/std.lang.all/01/96/asset-3310196.jpg",
    "squareImage": "https://static.colruytgroup.com/images/500x500sq/std.lang.all/01/96/asset-3310196.jpg",
    "walkRouteSequenceNumber": 19208,
    "price": {
      "basicPrice": 5.99,
      "recommendedQuantity": "1.0",
      "unit": "K",
      "measurementUnitPrice": 5.99,
      "measurementUnit": "K",
      "isRedPrice": true,
      "redPriceReason": "Promo",
      "pricePerUOM": 5.99,
      "activationDate": "18-03-2024",
      "isPromoActive": "Y",
      "priceChangeCode": "H"
    },
    "isAvailable": true,
    "isPriceAvailable": true,
    "inPromo": false,
    "topCategoryName": "Colruyt-beenhouwerij",
    "topCategoryId": "33",
    "businessDomain": "RETAIL_BE",
    "IsPrivateLabel": false,
    "IsBiffe": false,
    "WeightconversionFactor": "180",
    "IsWeightArticle": true,
    "nutriscoreLabel": "B",
    "IsBio": false,
    "CountryOfOrigin": "BELGIË",
    "IsExclusivelySoldInLuxembourg": false,
    "OrderUnit": "P",
    "ShortName": "VARKENSSPIERING W",
    "IsNew": false,
    "EcoscoreLabel": "E",
    "RecentQuanityOfStockUnits": "1,1",
    "LongName": "spiering",
    "AlcoholVolume": "0",
    "FicCode": "I",
    "EcoscoreValue": "0"
  },
  {
    "productId": "6748",
    "technicalArticleNumber": "1159378",
    "commercialArticleNumber": "10139",
    "name": "varkenshaas",
    "description": "*mals, carréstuk\n*België\n*±500 g\n*aanbakken in de pan\n*±20' in de oven",
    "thumbNail": "https://static.colruytgroup.com/images/200x200/std.lang.all/34/19/asset-333419.jpg",
    "fullImage": "https://static.colruytgroup.com/images/500x500/std.lang.all/34/19/asset-333419.jpg",
    "squareImage": "https://static.colruytgroup.com/images/500x500sq/std.lang.all/34/19/asset-333419.jpg",
    "walkRouteSequenceNumber": 19207,
    "price": {
      "basicPrice": 12.99,
      "recommendedQuantity": "0.5",
      "unit": "K",
      "measurementUnitPrice": 12.99,
      "measurementUnit": "K",
      "isRedPrice": false,
      "pricePerUOM": 12.99,
      "activationDate": "17-02-2024",
      "recordSource": "Offline",
      "isPromoActive": "N",
      "priceChangeCode": "E"
    },
    "isAvailable": true,
    "isPriceAvailable": true,
    "inPromo": false,
    "topCategoryName": "Colruyt-beenhouwerij",
    "topCategoryId": "33",
    "businessDomain": "RETAIL_BE",
    "IsPrivateLabel": true,
    "IsBiffe": false,
    "WeightconversionFactor": "600",
    "IsWeightArticle": true,
    "nutriscoreLabel": "A",
    "IsBio": false,
    "CountryOfOrigin": "BELGIË",
    "IsExclusivelySoldInLuxembourg": false,
    "OrderUnit": "P",
    "ShortName": "VARKENSHAAS           W",
    "IsNew": false,
    "RecentQuanityOfStockUnits": "1,1",
    "LongName": "varkenshaas",
    "AlcoholVolume": "0",
    "FicCode": "I"
  },
  {
    "productId": "446708",
    "technicalArticleNumber": "4024773",
    "commercialArticleNumber": "10957",
    "name": "kip kebab",
    "description": "*Mag koud gegeten\nworden.\n*Warm ±10min op in\nde pan al roerend\n*Microgolf ±3m 750w",
    "thumbNail": "https://static.colruytgroup.com/images/200x200/std.lang.all/23/20/asset-1812320.jpg",
    "fullImage": "https://static.colruytgroup.com/images/500x500/std.lang.all/23/20/asset-1812320.jpg",
    "squareImage": "https://static.colruytgroup.com/images/500x500sq/std.lang.all/23/20/asset-1812320.jpg",
    "content": "±350g",
    "walkRouteSequenceNumber": 19369,
    "price": {
      "basicPrice": 13.99,
      "recommendedQuantity": "0.4",
      "unit": "K",
      "measurementUnitPrice": 13.99,
      "measurementUnit": "K",
      "isRedPrice": false,
      "pricePerUOM": 13.99,
      "activationDate": "13-11-2023",
      "recordSource": "Offline",
      "isPromoActive": "N",
      "priceChangeCode": "E"
    },
    "isAvailable": true,
    "isPriceAvailable": true,
    "inPromo": false,
    "topCategoryName": "Colruyt-beenhouwerij",
    "topCategoryId": "33",
    "businessDomain": "RETAIL_BE",
    "IsPrivateLabel": false,
    "IsBiffe": false,
    "WeightconversionFactor": "350",
    "IsWeightArticle": true,
    "nutriscoreLabel": "C",
    "IsBio": false,
    "CountryOfOrigin": "BELGIË",
    "IsExclusivelySoldInLuxembourg": false,
    "OrderUnit": "P",
    "ShortName": "KIP KEBAB",
    "IsNew": false,
    "EcoscoreLabel": "D",
    "RecentQuanityOfStockUnits": "1,1",
    "LongName": "kip kebab ±350g",
    "AlcoholVolume": "0",
    "FicCode": "I",
    "EcoscoreValue": "21"
  },
  {
    "productId": "7762",
    "technicalArticleNumber": "1158636",
    "commercialArticleNumber": "10038",
    "name": "dunne lende",
    "description": "*Kleine vetrand\n*2cm +-500g\n*Bakken naar wens",
    "thumbNail": "https://static.colruytgroup.com/images/200x200/std.lang.all/15/20/asset-2341520.jpg",
    "fullImage": "https://static.colruytgroup.com/images/500x500/std.lang.all/15/20/asset-2341520.jpg",
    "squareImage": "https://static.colruytgroup.com/images/500x500sq/std.lang.all/15/20/asset-2341520.jpg",
    "walkRouteSequenceNumber": 19139,
    "price": {
      "basicPrice": 18.3,
      "recommendedQuantity": "0.5",
      "unit": "K",
      "measurementUnitPrice": 18.3,
      "measurementUnit": "K",
      "isRedPrice": false,
      "pricePerUOM": 18.3,
      "activationDate": "23-03-2024",
      "recordSource": "Offline",
      "isPromoActive": "N",
      "priceChangeCode": "E"
    },
    "isAvailable": true,
    "isPriceAvailable": true,
    "inPromo": false,
    "topCategoryName": "Colruyt-beenhouwerij",
    "topCategoryId": "33",
    "businessDomain": "RETAIL_BE",
    "IsPrivateLabel": false,
    "IsBiffe": false,
    "WeightconversionFactor": "500",
    "IsWeightArticle": true,
    "nutriscoreLabel": "A",
    "IsBio": false,
    "CountryOfOrigin": "BELGIË",
    "IsExclusivelySoldInLuxembourg": false,
    "OrderUnit": "P",
    "ShortName": "DUNNE LENDE W",
    "IsNew": false,
    "EcoscoreLabel": "E",
    "RecentQuanityOfStockUnits": "1,1,1",
    "LongName": "dunne lende",
    "AlcoholVolume": "0",
    "FicCode": "I",
    "EcoscoreValue": "0"
  },
  {
    "productId": "8145",
    "technicalArticleNumber": "1158991",
    "commercialArticleNumber": "10086",
    "name": "runderburger",
    "description": "*Gemalen rundvlees\n*België\n*+-150g\n*Minder dan 3% vet",
    "thumbNail": "https://static.colruytgroup.com/images/200x200/std.lang.all/51/97/asset-2465197.jpg",
    "fullImage": "https://static.colruytgroup.com/images/500x500/std.lang.all/51/97/asset-2465197.jpg",
    "squareImage": "https://static.colruytgroup.com/images/500x500sq/std.lang.all/51/97/asset-2465197.jpg",
    "walkRouteSequenceNumber": 19176,
    "price": {
      "basicPrice": 15.26,
      "recommendedQuantity": "0.5",
      "unit": "K",
      "measurementUnitPrice": 15.26,
      "measurementUnit": "K",
      "isRedPrice": false,
      "pricePerUOM": 15.26,
      "activationDate": "19-03-2024",
      "recordSource": "Offline",
      "isPromoActive": "N",
      "priceChangeCode": "L"
    },
    "isAvailable": true,
    "isPriceAvailable": true,
    "inPromo": false,
    "topCategoryName": "Colruyt-beenhouwerij",
    "topCategoryId": "33",
    "businessDomain": "RETAIL_BE",
    "IsPrivateLabel": true,
    "IsBiffe": false,
    "WeightconversionFactor": "150",
    "IsWeightArticle": true,
    "nutriscoreLabel": "A",
    "IsBio": false,
    "CountryOfOrigin": "BELGIË",
    "IsExclusivelySoldInLuxembourg": false,
    "OrderUnit": "P",
    "ShortName": "RUNDBURGERS           W",
    "IsNew": false,
    "RecentQuanityOfStockUnits": "1,1",
    "LongName": "runderburger",
    "AlcoholVolume": "0",
    "FicCode": "I"
  },
  {
    "productId": "8355",
    "technicalArticleNumber": "1159362",
    "commercialArticleNumber": "10157",
    "name": "gebraden rosbief",
    "description": "*Gebraden rosbief\n*België",
    "thumbNail": "https://static.colruytgroup.com/images/200x200/std.lang.all/42/30/asset-2774230.jpg",
    "fullImage": "https://static.colruytgroup.com/images/500x500/std.lang.all/42/30/asset-2774230.jpg",
    "squareImage": "https://static.colruytgroup.com/images/500x500sq/std.lang.all/42/30/asset-2774230.jpg",
    "content": "±200g",
    "walkRouteSequenceNumber": 7978,
    "price": {
      "basicPrice": 23.49,
      "recommendedQuantity": "0.2",
      "unit": "K",
      "measurementUnitPrice": 23.49,
      "measurementUnit": "K",
      "isRedPrice": false,
      "pricePerUOM": 23.49,
      "activationDate": "20-03-2024",
      "recordSource": "Offline",
      "isPromoActive": "N",
      "priceChangeCode": "H"
    },
    "isAvailable": true,
    "isPriceAvailable": true,
    "inPromo": false,
    "topCategoryName": "Colruyt-beenhouwerij",
    "topCategoryId": "33",
    "businessDomain": "RETAIL_BE",
    "IsPrivateLabel": false,
    "IsBiffe": false,
    "WeightconversionFactor": "200",
    "IsWeightArticle": true,
    "nutriscoreLabel": "A",
    "IsBio": false,
    "CountryOfOrigin": "BELGIË",
    "IsExclusivelySoldInLuxembourg": false,
    "OrderUnit": "P",
    "ShortName": "GEBAKKEN ROSBIEF +-200G",
    "IsNew": false,
    "EcoscoreLabel": "E",
    "RecentQuanityOfStockUnits": "1,1",
    "LongName": "gebraden rosbief ±200g",
    "AlcoholVolume": "0",
    "FicCode": "I",
    "EcoscoreValue": "0"
  },
  {
    "productId": "6756",
    "technicalArticleNumber": "1159404",
    "commercialArticleNumber": "10144",
    "name": "mignonnettes",
    "description": "*magere snede zonder\nbeen ±160g\n*België\n*±5 à 6 min bakken\naan beide kanten",
    "thumbNail": "https://static.colruytgroup.com/images/200x200/std.lang.all/26/86/asset-372686.jpg",
    "fullImage": "https://static.colruytgroup.com/images/500x500/std.lang.all/26/86/asset-372686.jpg",
    "squareImage": "https://static.colruytgroup.com/images/500x500sq/std.lang.all/26/86/asset-372686.jpg",
    "walkRouteSequenceNumber": 19212,
    "price": {
      "basicPrice": 13.46,
      "recommendedQuantity": "0.5",
      "unit": "K",
      "measurementUnitPrice": 13.46,
      "measurementUnit": "K",
      "isRedPrice": false,
      "pricePerUOM": 13.46,
      "activationDate": "20-03-2024",
      "recordSource": "Offline",
      "isPromoActive": "N",
      "priceChangeCode": "E"
    },
    "isAvailable": true,
    "isPriceAvailable": true,
    "inPromo": false,
    "topCategoryName": "Colruyt-beenhouwerij",
    "topCategoryId": "33",
    "businessDomain": "RETAIL_BE",
    "IsPrivateLabel": true,
    "IsBiffe": false,
    "WeightconversionFactor": "180",
    "IsWeightArticle": true,
    "nutriscoreLabel": "A",
    "IsBio": false,
    "CountryOfOrigin": "BELGIË",
    "IsExclusivelySoldInLuxembourg": false,
    "OrderUnit": "P",
    "ShortName": "VARKENSMIGNONNETTE   W",
    "IsNew": false,
    "RecentQuanityOfStockUnits": "1,1",
    "LongName": "mignonnettes",
    "AlcoholVolume": "0",
    "FicCode": "I"
  },
  {
    "productId": "7846",
    "technicalArticleNumber": "1158652",
    "commercialArticleNumber": "10048",
    "name": "rumpsteak",
    "thumbNail": "https://static.colruytgroup.com/images/200x200/std.lang.all/84/57/asset-1578457.jpg",
    "fullImage": "https://static.colruytgroup.com/images/500x500/std.lang.all/84/57/asset-1578457.jpg",
    "squareImage": "https://static.colruytgroup.com/images/500x500sq/std.lang.all/84/57/asset-1578457.jpg",
    "content": "± 3 cm",
    "walkRouteSequenceNumber": 19148,
    "price": {
      "basicPrice": 18.04,
      "recommendedQuantity": "0.6",
      "unit": "K",
      "measurementUnitPrice": 18.04,
      "measurementUnit": "K",
      "isRedPrice": false,
      "pricePerUOM": 18.04,
      "activationDate": "20-03-2024",
      "recordSource": "Offline",
      "isPromoActive": "N",
      "priceChangeCode": "H"
    },
    "isAvailable": true,
    "isPriceAvailable": true,
    "inPromo": false,
    "topCategoryName": "Colruyt-beenhouwerij",
    "topCategoryId": "33",
    "businessDomain": "RETAIL_BE",
    "IsPrivateLabel": true,
    "IsBiffe": false,
    "WeightconversionFactor": "180",
    "IsWeightArticle": true,
    "nutriscoreLabel": "C",
    "IsBio": false,
    "CountryOfOrigin": "BELGIË",
    "IsExclusivelySoldInLuxembourg": false,
    "OrderUnit": "P",
    "ShortName": "RUMSTEAK              W",
    "IsNew": false,
    "RecentQuanityOfStockUnits": "1,1,1",
    "LongName": "rumpsteak ± 3 cm",
    "AlcoholVolume": "0",
    "FicCode": "I"
  },
  {
    "productId": "8235",
    "technicalArticleNumber": "1159140",
    "commercialArticleNumber": "10098",
    "name": "BH Verse Worsten Rund+Varken",
    "description": "*Runds- varkensvlees\ngekruid\n*België\n*±150gr\n*Te bakken ±10'",
    "thumbNail": "https://static.colruytgroup.com/images/200x200/std.lang.all/28/84/asset-392884.jpg",
    "fullImage": "https://static.colruytgroup.com/images/500x500/std.lang.all/28/84/asset-392884.jpg",
    "squareImage": "https://static.colruytgroup.com/images/500x500sq/std.lang.all/28/84/asset-392884.jpg",
    "walkRouteSequenceNumber": 19183,
    "price": {
      "basicPrice": 12.29,
      "recommendedQuantity": "0.8",
      "unit": "K",
      "measurementUnitPrice": 12.29,
      "measurementUnit": "K",
      "isRedPrice": false,
      "pricePerUOM": 12.29,
      "activationDate": "20-03-2024",
      "isPromoActive": "N",
      "priceChangeCode": "E"
    },
    "isAvailable": true,
    "isPriceAvailable": true,
    "inPromo": false,
    "topCategoryName": "Colruyt-beenhouwerij",
    "topCategoryId": "33",
    "businessDomain": "RETAIL_BE",
    "IsPrivateLabel": false,
    "IsBiffe": false,
    "WeightconversionFactor": "150",
    "IsWeightArticle": true,
    "nutriscoreLabel": "D",
    "IsBio": false,
    "CountryOfOrigin": "BELGIË",
    "IsExclusivelySoldInLuxembourg": false,
    "OrderUnit": "P",
    "ShortName": "BH WORST RUND/VARKEN W",
    "InSeason": true,
    "IsNew": false,
    "EcoscoreLabel": "D",
    "RecentQuanityOfStockUnits": "1,1",
    "LongName": "BH Verse Worsten Rund+Varken",
    "AlcoholVolume": "0",
    "StartSeasonDate": "21/01/2013",
    "FicCode": "I",
    "EcoscoreValue": "21"
  },
  {
    "productId": "230355",
    "technicalArticleNumber": "3579197",
    "commercialArticleNumber": "14642",
    "name": "hespenworst",
    "description": "*Artisanaal bereid\nGrovere vleeskorrel\n*Belgie\n*Zonder soja",
    "brand": "COLRUYT",
    "seoBrand": "Colruyt",
    "thumbNail": "https://static.colruytgroup.com/images/200x200/std.lang.all/51/13/asset-2485113.jpg",
    "fullImage": "https://static.colruytgroup.com/images/500x500/std.lang.all/51/13/asset-2485113.jpg",
    "squareImage": "https://static.colruytgroup.com/images/500x500sq/std.lang.all/51/13/asset-2485113.jpg",
    "content": "200g",
    "walkRouteSequenceNumber": 7988,
    "price": {
      "basicPrice": 2.5,
      "recommendedQuantity": "1.0",
      "measurementUnitPrice": 12.5,
      "measurementUnit": "K",
      "isRedPrice": false,
      "pricePerUOM": 12.5,
      "activationDate": "28-02-2024",
      "recordSource": "Offline",
      "isPromoActive": "N",
      "priceChangeCode": "E"
    },
    "isAvailable": true,
    "isPriceAvailable": true,
    "inPromo": false,
    "gtin": [
      "05400141392005",
      "05400141426359"
    ],
    "topCategoryName": "Colruyt-beenhouwerij",
    "topCategoryId": "33",
    "businessDomain": "RETAIL_BE",
    "IsPrivateLabel": true,
    "IsBiffe": false,
    "WeightconversionFactor": "0",
    "IsWeightArticle": false,
    "nutriscoreLabel": "D",
    "IsBio": false,
    "CountryOfOrigin": "BELGIË",
    "IsExclusivelySoldInLuxembourg": false,
    "OrderUnit": "P",
    "ShortName": "ZBH HESPENWORST 200G",
    "IsNew": false,
    "EcoscoreLabel": "C",
    "RecentQuanityOfStockUnits": "1",
    "LongName": "COLRUYT hespenworst 200g",
    "AlcoholVolume": "0",
    "FicCode": "I",
    "EcoscoreValue": "41"
  },
  {
    "productId": "7058",
    "technicalArticleNumber": "1160061",
    "commercialArticleNumber": "10236",
    "name": "bereid gehakt kalf",
    "description": "*Kalfsvlees\nlicht gekruid\n*Om te bakken",
    "thumbNail": "https://static.colruytgroup.com/images/200x200/std.lang.all/07/14/asset-350714.jpg",
    "fullImage": "https://static.colruytgroup.com/images/500x500/std.lang.all/07/14/asset-350714.jpg",
    "squareImage": "https://static.colruytgroup.com/images/500x500sq/std.lang.all/07/14/asset-350714.jpg",
    "walkRouteSequenceNumber": 19240,
    "price": {
      "basicPrice": 17,
      "recommendedQuantity": "0.5",
      "unit": "K",
      "measurementUnitPrice": 17,
      "measurementUnit": "K",
      "isRedPrice": false,
      "pricePerUOM": 17,
      "activationDate": "21-03-2024",
      "recordSource": "Offline",
      "isPromoActive": "N",
      "priceChangeCode": "H"
    },
    "isAvailable": true,
    "isPriceAvailable": true,
    "inPromo": false,
    "topCategoryName": "Colruyt-beenhouwerij",
    "topCategoryId": "33",
    "businessDomain": "RETAIL_BE",
    "IsPrivateLabel": false,
    "IsBiffe": false,
    "WeightconversionFactor": "500",
    "IsWeightArticle": true,
    "nutriscoreLabel": "C",
    "IsBio": false,
    "CountryOfOrigin": "BELGIË",
    "IsExclusivelySoldInLuxembourg": false,
    "OrderUnit": "Kg",
    "ShortName": "KALFSGEHAKT W",
    "IsNew": false,
    "EcoscoreLabel": "E",
    "RecentQuanityOfStockUnits": "1,1",
    "LongName": "bereid gehakt kalf",
    "AlcoholVolume": "0",
    "FicCode": "I",
    "EcoscoreValue": "0"
  },
  {
    "productId": "914360",
    "technicalArticleNumber": "4760572",
    "commercialArticleNumber": "10224",
    "name": "Welzijn kippenbil",
    "description": "*Hele dij van\nbraadkip\n*België\n*Welzijn",
    "thumbNail": "https://static.colruytgroup.com/images/200x200/std.lang.all/37/07/asset-3343707.jpg",
    "fullImage": "https://static.colruytgroup.com/images/500x500/std.lang.all/37/07/asset-3343707.jpg",
    "squareImage": "https://static.colruytgroup.com/images/500x500sq/std.lang.all/37/07/asset-3343707.jpg",
    "content": "±600g",
    "walkRouteSequenceNumber": 18774,
    "price": {
      "basicPrice": 5.99,
      "recommendedQuantity": "1.0",
      "unit": "K",
      "measurementUnitPrice": 5.99,
      "measurementUnit": "K",
      "isRedPrice": false,
      "pricePerUOM": 5.99,
      "activationDate": "13-03-2024",
      "recordSource": "Offline",
      "isPromoActive": "N",
      "priceChangeCode": "E"
    },
    "isAvailable": true,
    "isPriceAvailable": true,
    "inPromo": false,
    "gtin": [
      "95400141501790",
      "05400141501797"
    ],
    "topCategoryName": "Colruyt-beenhouwerij",
    "topCategoryId": "33",
    "businessDomain": "RETAIL_BE",
    "IsPrivateLabel": false,
    "IsBiffe": false,
    "WeightconversionFactor": "600",
    "IsWeightArticle": true,
    "nutriscoreLabel": "A",
    "IsBio": false,
    "CountryOfOrigin": "BELGIË",
    "IsExclusivelySoldInLuxembourg": false,
    "OrderUnit": "P",
    "ShortName": "BH WELZ.KIP.BIL+-600GW",
    "IsNew": false,
    "EcoscoreLabel": "E",
    "RecentQuanityOfStockUnits": "1,1,1",
    "LongName": "Welzijn kippenbil ±600g",
    "FicCode": "I",
    "EcoscoreValue": "15"
  },
  {
    "productId": "52284",
    "technicalArticleNumber": "2356149",
    "commercialArticleNumber": "26811",
    "name": "spiering zonder been",
    "description": "*Sneden uit de nek\n*Zonder been ±160g\n*België\n*4' à 5' bakken\n*Aan beide kanten",
    "thumbNail": "https://static.colruytgroup.com/images/200x200/std.lang.all/97/14/asset-2779714.jpg",
    "fullImage": "https://static.colruytgroup.com/images/500x500/std.lang.all/97/14/asset-2779714.jpg",
    "squareImage": "https://static.colruytgroup.com/images/500x500sq/std.lang.all/97/14/asset-2779714.jpg",
    "walkRouteSequenceNumber": 19667,
    "price": {
      "basicPrice": 8.44,
      "recommendedQuantity": "0.9",
      "unit": "K",
      "measurementUnitPrice": 8.44,
      "measurementUnit": "K",
      "isRedPrice": false,
      "pricePerUOM": 8.44,
      "activationDate": "13-03-2024",
      "isPromoActive": "N",
      "priceChangeCode": "H"
    },
    "isAvailable": true,
    "isPriceAvailable": true,
    "inPromo": false,
    "topCategoryName": "Colruyt-beenhouwerij",
    "topCategoryId": "33",
    "businessDomain": "RETAIL_BE",
    "IsPrivateLabel": false,
    "IsBiffe": false,
    "WeightconversionFactor": "180",
    "IsWeightArticle": true,
    "nutriscoreLabel": "B",
    "IsBio": false,
    "CountryOfOrigin": "BELGIË",
    "IsExclusivelySoldInLuxembourg": false,
    "OrderUnit": "P,Kg",
    "ShortName": "SPIERING ZONDER BEEN W",
    "IsNew": false,
    "EcoscoreLabel": "E",
    "RecentQuanityOfStockUnits": "1,1",
    "LongName": "spiering zonder been",
    "AlcoholVolume": "0",
    "FicCode": "I",
    "EcoscoreValue": "0"
  },
  {
    "productId": "886211",
    "technicalArticleNumber": "4745321",
    "commercialArticleNumber": "32649",
    "name": "Gegrilde Ham",
    "description": "*Ambacht.productie\nhandgemaakt\n*Gekruid met\nmediterrane kruiden\n*België",
    "brand": "COLRUYT",
    "seoBrand": "Colruyt",
    "thumbNail": "https://static.colruytgroup.com/images/200x200/std.lang.all/14/87/asset-3281487.jpg",
    "fullImage": "https://static.colruytgroup.com/images/500x500/std.lang.all/14/87/asset-3281487.jpg",
    "squareImage": "https://static.colruytgroup.com/images/500x500sq/std.lang.all/14/87/asset-3281487.jpg",
    "content": "120g",
    "walkRouteSequenceNumber": 18806,
    "price": {
      "basicPrice": 2.99,
      "recommendedQuantity": "1.0",
      "measurementUnitPrice": 24.92,
      "measurementUnit": "K",
      "isRedPrice": false,
      "pricePerUOM": 24.92,
      "activationDate": "13-03-2024",
      "isPromoActive": "N",
      "priceChangeCode": "E"
    },
    "isAvailable": true,
    "isPriceAvailable": true,
    "inPromo": false,
    "gtin": [
      "05400141874693"
    ],
    "topCategoryName": "Colruyt-beenhouwerij",
    "topCategoryId": "33",
    "businessDomain": "RETAIL_BE",
    "IsPrivateLabel": true,
    "IsBiffe": false,
    "WeightconversionFactor": "0",
    "IsWeightArticle": false,
    "IsBio": false,
    "CountryOfOrigin": "BELGIË",
    "IsExclusivelySoldInLuxembourg": false,
    "OrderUnit": "P",
    "ShortName": "ZBH GEGRILDE HAM 120G",
    "IsNew": false,
    "RecentQuanityOfStockUnits": "1",
    "LongName": "COLRUYT Gegrilde Ham 120g",
    "AlcoholVolume": "0",
    "FicCode": "I"
  },
  {
    "productId": "909934",
    "technicalArticleNumber": "4759313",
    "commercialArticleNumber": "5762",
    "name": "gepanneerde kip kaas/ham",
    "description": "*Bak aan beide zijde\n+- 4 Minuten in de\npan.",
    "thumbNail": "https://static.colruytgroup.com/images/200x200/std.lang.all/38/57/asset-3343857.jpg",
    "fullImage": "https://static.colruytgroup.com/images/500x500/std.lang.all/38/57/asset-3343857.jpg",
    "squareImage": "https://static.colruytgroup.com/images/500x500sq/std.lang.all/38/57/asset-3343857.jpg",
    "content": "±1kg",
    "walkRouteSequenceNumber": 18780,
    "price": {
      "basicPrice": 11.96,
      "recommendedQuantity": "0.6",
      "unit": "K",
      "measurementUnitPrice": 11.96,
      "measurementUnit": "K",
      "isRedPrice": false,
      "pricePerUOM": 11.96,
      "activationDate": "20-03-2024",
      "recordSource": "Offline",
      "isPromoActive": "N",
      "priceChangeCode": "E"
    },
    "isAvailable": true,
    "isPriceAvailable": true,
    "inPromo": false,
    "gtin": [
      "05400141822137",
      "95400141822130"
    ],
    "topCategoryName": "Colruyt-beenhouwerij",
    "topCategoryId": "33",
    "businessDomain": "RETAIL_BE",
    "IsPrivateLabel": false,
    "IsBiffe": false,
    "WeightconversionFactor": "1000",
    "IsWeightArticle": true,
    "IsBio": false,
    "CountryOfOrigin": "BELGIË",
    "IsExclusivelySoldInLuxembourg": false,
    "OrderUnit": "P",
    "ShortName": "BH GEP KIP KA./HAM+-1KW",
    "IsNew": false,
    "RecentQuanityOfStockUnits": "1,1,1",
    "LongName": "gepanneerde kip kaas/ham ±1kg",
    "AlcoholVolume": "0",
    "FicCode": "I"
  },
  {
    "productId": "14351",
    "technicalArticleNumber": "1632044",
    "commercialArticleNumber": "11561",
    "name": "martino varkensvlees",
    "description": "*Varkensvlees\nsaus\n*Licht pikant\n*Om rauw te eten.",
    "thumbNail": "https://static.colruytgroup.com/images/200x200/std.lang.all/96/06/asset-2319606.jpg",
    "fullImage": "https://static.colruytgroup.com/images/500x500/std.lang.all/96/06/asset-2319606.jpg",
    "squareImage": "https://static.colruytgroup.com/images/500x500sq/std.lang.all/96/06/asset-2319606.jpg",
    "walkRouteSequenceNumber": 7979,
    "price": {
      "basicPrice": 10.75,
      "recommendedQuantity": "0.2",
      "unit": "K",
      "measurementUnitPrice": 10.75,
      "measurementUnit": "K",
      "isRedPrice": false,
      "pricePerUOM": 10.75,
      "activationDate": "05-01-2024",
      "recordSource": "Offline",
      "isPromoActive": "N",
      "priceChangeCode": "H"
    },
    "isAvailable": true,
    "isPriceAvailable": true,
    "inPromo": false,
    "topCategoryName": "Colruyt-beenhouwerij",
    "topCategoryId": "33",
    "businessDomain": "RETAIL_BE",
    "IsPrivateLabel": true,
    "IsBiffe": false,
    "WeightconversionFactor": "200",
    "IsWeightArticle": true,
    "nutriscoreLabel": "D",
    "IsBio": false,
    "CountryOfOrigin": "BELGIË",
    "IsExclusivelySoldInLuxembourg": false,
    "OrderUnit": "Kg",
    "ShortName": "MARTINO               W",
    "IsNew": false,
    "RecentQuanityOfStockUnits": "1",
    "LongName": "martino varkensvlees",
    "AlcoholVolume": "0",
    "FicCode": "I"
  },
  {
    "productId": "455304",
    "technicalArticleNumber": "4032728",
    "commercialArticleNumber": "11252",
    "name": "salami zonder look",
    "brand": "COLRUYT",
    "seoBrand": "Colruyt",
    "thumbNail": "https://static.colruytgroup.com/images/200x200/std.lang.all/48/28/asset-2544828.jpg",
    "fullImage": "https://static.colruytgroup.com/images/500x500/std.lang.all/48/28/asset-2544828.jpg",
    "squareImage": "https://static.colruytgroup.com/images/500x500sq/std.lang.all/48/28/asset-2544828.jpg",
    "content": "150g",
    "walkRouteSequenceNumber": 8012,
    "price": {
      "basicPrice": 2.98,
      "recommendedQuantity": "1.0",
      "measurementUnitPrice": 19.87,
      "measurementUnit": "K",
      "isRedPrice": false,
      "pricePerUOM": 19.87,
      "activationDate": "13-11-2023",
      "recordSource": "Offline",
      "isPromoActive": "N",
      "priceChangeCode": "E"
    },
    "isAvailable": true,
    "isPriceAvailable": true,
    "inPromo": false,
    "gtin": [
      "05400141840025",
      "05400141512182",
      "05400141242973"
    ],
    "topCategoryName": "Colruyt-beenhouwerij",
    "topCategoryId": "33",
    "businessDomain": "RETAIL_BE",
    "IsPrivateLabel": true,
    "IsBiffe": false,
    "WeightconversionFactor": "0",
    "IsWeightArticle": false,
    "nutriscoreLabel": "E",
    "IsBio": false,
    "CountryOfOrigin": "BELGIË",
    "IsExclusivelySoldInLuxembourg": false,
    "OrderUnit": "P",
    "ShortName": "ZBH SALAMI Z.LOOK 150G",
    "IsNew": false,
    "EcoscoreLabel": "E",
    "RecentQuanityOfStockUnits": "1",
    "LongName": "COLRUYT salami zonder look 150g",
    "AlcoholVolume": "0",
    "FicCode": "I",
    "EcoscoreValue": "16"
  },
  {
    "productId": "110188",
    "technicalArticleNumber": "3094555",
    "commercialArticleNumber": "11257",
    "name": "minuutsteak",
    "description": "*Bak 1 min aan\nelke kant\n*1cm +- 100gr",
    "thumbNail": "https://static.colruytgroup.com/images/200x200/std.lang.all/54/66/asset-375466.jpg",
    "fullImage": "https://static.colruytgroup.com/images/500x500/std.lang.all/54/66/asset-375466.jpg",
    "squareImage": "https://static.colruytgroup.com/images/500x500sq/std.lang.all/54/66/asset-375466.jpg",
    "walkRouteSequenceNumber": 6769,
    "price": {
      "basicPrice": 13.29,
      "recommendedQuantity": "0.7",
      "unit": "K",
      "measurementUnitPrice": 13.29,
      "measurementUnit": "K",
      "isRedPrice": false,
      "pricePerUOM": 13.29,
      "activationDate": "19-03-2024",
      "recordSource": "Folder",
      "isPromoActive": "N",
      "priceChangeCode": "L"
    },
    "isAvailable": true,
    "isPriceAvailable": true,
    "inPromo": false,
    "topCategoryName": "Colruyt-beenhouwerij",
    "topCategoryId": "33",
    "businessDomain": "RETAIL_BE",
    "IsPrivateLabel": false,
    "IsBiffe": false,
    "WeightconversionFactor": "140",
    "IsWeightArticle": true,
    "nutriscoreLabel": "A",
    "IsBio": false,
    "CountryOfOrigin": "BELGIË",
    "IsExclusivelySoldInLuxembourg": false,
    "OrderUnit": "P",
    "ShortName": "MINUUT STEAK",
    "IsNew": false,
    "EcoscoreLabel": "E",
    "RecentQuanityOfStockUnits": "1,1,1",
    "LongName": "minuutsteak",
    "AlcoholVolume": "0",
    "FicCode": "I",
    "EcoscoreValue": "0"
  },
  {
    "productId": "257309",
    "technicalArticleNumber": "3571132",
    "commercialArticleNumber": "16339",
    "name": "gebakken balletjes",
    "description": "*Exclusief Colruyt\nrecept.\n*Belgie",
    "brand": "COLRUYT",
    "seoBrand": "Colruyt",
    "thumbNail": "https://static.colruytgroup.com/images/200x200/std.lang.all/37/76/asset-3453776.jpg",
    "fullImage": "https://static.colruytgroup.com/images/500x500/std.lang.all/37/76/asset-3453776.jpg",
    "squareImage": "https://static.colruytgroup.com/images/500x500sq/std.lang.all/37/76/asset-3453776.jpg",
    "content": "4x100g",
    "walkRouteSequenceNumber": 18867,
    "price": {
      "basicPrice": 4.99,
      "recommendedQuantity": "1.0",
      "measurementUnitPrice": 12.48,
      "measurementUnit": "K",
      "isRedPrice": false,
      "pricePerUOM": 12.48,
      "activationDate": "23-03-2024",
      "recordSource": "Offline",
      "isPromoActive": "N",
      "priceChangeCode": "H"
    },
    "isAvailable": true,
    "isPriceAvailable": true,
    "inPromo": false,
    "gtin": [
      "15400141886174",
      "05400141886177",
      "05400141819779",
      "05400141293319"
    ],
    "topCategoryName": "Colruyt-beenhouwerij",
    "topCategoryId": "33",
    "businessDomain": "RETAIL_BE",
    "IsPrivateLabel": true,
    "IsBiffe": false,
    "WeightconversionFactor": "0",
    "IsWeightArticle": false,
    "nutriscoreLabel": "D",
    "IsBio": false,
    "CountryOfOrigin": "BELGIË",
    "IsExclusivelySoldInLuxembourg": false,
    "OrderUnit": "P",
    "ShortName": "ZBH GEBAK.BALLETJE 400G",
    "IsNew": false,
    "EcoscoreLabel": "E",
    "RecentQuanityOfStockUnits": "1",
    "LongName": "COLRUYT gebakken balletjes 4x100g",
    "AlcoholVolume": "0",
    "FicCode": "I",
    "EcoscoreValue": "0"
  },
  {
    "productId": "112644",
    "technicalArticleNumber": "3055568",
    "commercialArticleNumber": "27056",
    "name": "gerookte forelsalade",
    "description": "Salade van gerookte forel met\nmayonaise, foreleitjes en champagne.\nHeerlijk op toastjes bij het\naperitief, op de boterham, bij een\nbuffet enz.",
    "brand": "COLRUYT",
    "seoBrand": "Colruyt",
    "thumbNail": "https://static.colruytgroup.com/images/200x200/std.lang.all/11/10/asset-2351110.jpg",
    "fullImage": "https://static.colruytgroup.com/images/500x500/std.lang.all/11/10/asset-2351110.jpg",
    "squareImage": "https://static.colruytgroup.com/images/500x500sq/std.lang.all/11/10/asset-2351110.jpg",
    "content": "160g",
    "walkRouteSequenceNumber": 7959,
    "price": {
      "basicPrice": 3.82,
      "recommendedQuantity": "1.0",
      "measurementUnitPrice": 23.88,
      "measurementUnit": "K",
      "isRedPrice": false,
      "pricePerUOM": 23.88,
      "activationDate": "17-11-2023",
      "isPromoActive": "N",
      "priceChangeCode": "E"
    },
    "isAvailable": true,
    "isPriceAvailable": true,
    "inPromo": false,
    "gtin": [
      "05414268115461",
      "05414268115430"
    ],
    "topCategoryName": "Colruyt-beenhouwerij",
    "topCategoryId": "33",
    "businessDomain": "RETAIL_BE",
    "IsPrivateLabel": true,
    "IsBiffe": false,
    "WeightconversionFactor": "0",
    "IsWeightArticle": false,
    "nutriscoreLabel": "D",
    "IsBio": false,
    "CountryOfOrigin": "BELGIË",
    "IsExclusivelySoldInLuxembourg": false,
    "OrderUnit": "P",
    "ShortName": "ZBH GER FORELSALADE160G",
    "InSeason": true,
    "IsNew": false,
    "RecentQuanityOfStockUnits": "1",
    "LongName": "COLRUYT gerookte forelsalade 160g",
    "AlcoholVolume": "0",
    "StartSeasonDate": "10/08/2016",
    "FicCode": "N"
  },
  {
    "productId": "895910",
    "technicalArticleNumber": "4755781",
    "commercialArticleNumber": "9098",
    "name": "Kippenpilon",
    "description": "*Verse kippenpilon\n*België",
    "thumbNail": "https://static.colruytgroup.com/images/200x200/std.lang.all/65/80/asset-3346580.jpg",
    "fullImage": "https://static.colruytgroup.com/images/500x500/std.lang.all/65/80/asset-3346580.jpg",
    "squareImage": "https://static.colruytgroup.com/images/500x500sq/std.lang.all/65/80/asset-3346580.jpg",
    "content": "±1kg",
    "walkRouteSequenceNumber": 18793,
    "price": {
      "basicPrice": 4.19,
      "recommendedQuantity": "1.0",
      "unit": "K",
      "measurementUnitPrice": 4.19,
      "measurementUnit": "K",
      "isRedPrice": false,
      "pricePerUOM": 4.19,
      "activationDate": "20-03-2024",
      "recordSource": "Folder",
      "isPromoActive": "N",
      "priceChangeCode": "H"
    },
    "isAvailable": true,
    "isPriceAvailable": true,
    "inPromo": false,
    "gtin": [
      "95400141874580",
      "95400141502728",
      "05400141502725"
    ],
    "topCategoryName": "Colruyt-beenhouwerij",
    "topCategoryId": "33",
    "businessDomain": "RETAIL_BE",
    "IsPrivateLabel": false,
    "IsBiffe": false,
    "WeightconversionFactor": "1000",
    "IsWeightArticle": true,
    "IsBio": false,
    "CountryOfOrigin": "BELGIË",
    "IsExclusivelySoldInLuxembourg": false,
    "OrderUnit": "P",
    "ShortName": "BH KIPPENPILON 1KGW",
    "IsNew": false,
    "RecentQuanityOfStockUnits": "1,1,1,1",
    "LongName": "Kippenpilon ±1kg",
    "FicCode": "I"
  },
  {
    "productId": "16951",
    "technicalArticleNumber": "1437336",
    "commercialArticleNumber": "10788",
    "name": "boomstammetjes varken",
    "description": "*Varkensgehakt,\nkaas, hesp,\npaneermeel\n*±150gr\n*Te bakken ±15'",
    "thumbNail": "https://static.colruytgroup.com/images/200x200/std.lang.all/39/17/asset-2513917.jpg",
    "fullImage": "https://static.colruytgroup.com/images/500x500/std.lang.all/39/17/asset-2513917.jpg",
    "squareImage": "https://static.colruytgroup.com/images/500x500sq/std.lang.all/39/17/asset-2513917.jpg",
    "content": "4x140g",
    "walkRouteSequenceNumber": 19347,
    "price": {
      "basicPrice": 8.22,
      "recommendedQuantity": "0.6",
      "unit": "K",
      "measurementUnitPrice": 8.22,
      "measurementUnit": "K",
      "isRedPrice": false,
      "pricePerUOM": 8.22,
      "activationDate": "02-03-2024",
      "recordSource": "Offline",
      "isPromoActive": "N",
      "priceChangeCode": "H"
    },
    "isAvailable": true,
    "isPriceAvailable": true,
    "inPromo": false,
    "topCategoryName": "Colruyt-beenhouwerij",
    "topCategoryId": "33",
    "businessDomain": "RETAIL_BE",
    "IsPrivateLabel": false,
    "IsBiffe": false,
    "WeightconversionFactor": "560",
    "IsWeightArticle": true,
    "nutriscoreLabel": "D",
    "IsBio": false,
    "CountryOfOrigin": "BELGIË",
    "IsExclusivelySoldInLuxembourg": false,
    "OrderUnit": "P",
    "ShortName": "BH BOOMSTAMMETJE 4 STUK",
    "IsNew": false,
    "EcoscoreLabel": "E",
    "RecentQuanityOfStockUnits": "1,1",
    "LongName": "boomstammetjes varken 4x140g",
    "AlcoholVolume": "0",
    "FicCode": "I",
    "EcoscoreValue": "0"
  },
  {
    "productId": "7856",
    "technicalArticleNumber": "1158785",
    "commercialArticleNumber": "10054",
    "name": "country steak",
    "description": "*2cm dik\n*+-170g\n*Bakken naar wens",
    "thumbNail": "https://static.colruytgroup.com/images/200x200/std.lang.all/14/26/asset-351426.jpg",
    "fullImage": "https://static.colruytgroup.com/images/500x500/std.lang.all/14/26/asset-351426.jpg",
    "squareImage": "https://static.colruytgroup.com/images/500x500sq/std.lang.all/14/26/asset-351426.jpg",
    "walkRouteSequenceNumber": 19152,
    "price": {
      "basicPrice": 17.97,
      "recommendedQuantity": "0.3",
      "unit": "K",
      "measurementUnitPrice": 17.97,
      "measurementUnit": "K",
      "isRedPrice": true,
      "redPriceReason": "Promo",
      "pricePerUOM": 17.97,
      "activationDate": "20-03-2024",
      "isPromoActive": "Y",
      "priceChangeCode": "L"
    },
    "isAvailable": true,
    "isPriceAvailable": true,
    "inPromo": false,
    "topCategoryName": "Colruyt-beenhouwerij",
    "topCategoryId": "33",
    "businessDomain": "RETAIL_BE",
    "IsPrivateLabel": false,
    "IsBiffe": false,
    "WeightconversionFactor": "180",
    "IsWeightArticle": true,
    "nutriscoreLabel": "C",
    "IsBio": false,
    "CountryOfOrigin": "BELGIË",
    "IsExclusivelySoldInLuxembourg": false,
    "OrderUnit": "P",
    "ShortName": "COUNTRY STEAK W",
    "IsNew": false,
    "EcoscoreLabel": "E",
    "RecentQuanityOfStockUnits": "1,1,1",
    "LongName": "country steak",
    "AlcoholVolume": "0",
    "FicCode": "I",
    "EcoscoreValue": "0"
  },
  {
    "productId": "978504",
    "technicalArticleNumber": "4777460",
    "commercialArticleNumber": "7378",
    "name": "Kip krokant",
    "description": "*Bak aan beide zijde\n+-4 Minuten in de\npan",
    "thumbNail": "https://static.colruytgroup.com/images/200x200/std.lang.all/99/26/asset-3419926.jpg",
    "fullImage": "https://static.colruytgroup.com/images/500x500/std.lang.all/99/26/asset-3419926.jpg",
    "squareImage": "https://static.colruytgroup.com/images/500x500sq/std.lang.all/99/26/asset-3419926.jpg",
    "content": "±4x125g",
    "walkRouteSequenceNumber": 18754,
    "price": {
      "basicPrice": 13,
      "recommendedQuantity": "0.6",
      "unit": "K",
      "measurementUnitPrice": 13,
      "measurementUnit": "K",
      "isRedPrice": false,
      "pricePerUOM": 13,
      "activationDate": "20-03-2024",
      "recordSource": "Offline",
      "isPromoActive": "N",
      "priceChangeCode": "E"
    },
    "isAvailable": true,
    "isPriceAvailable": true,
    "inPromo": false,
    "gtin": [
      "05400141510850",
      "95400141510853"
    ],
    "topCategoryName": "Colruyt-beenhouwerij",
    "topCategoryId": "33",
    "businessDomain": "RETAIL_BE",
    "IsPrivateLabel": false,
    "IsBiffe": false,
    "WeightconversionFactor": "500",
    "IsWeightArticle": true,
    "IsBio": false,
    "CountryOfOrigin": "BELGIË",
    "IsExclusivelySoldInLuxembourg": false,
    "OrderUnit": "P",
    "ShortName": "BH KROKANTE KIP+-500GW",
    "IsNew": false,
    "RecentQuanityOfStockUnits": "1,1,1",
    "LongName": "Kip krokant ±4x125g",
    "AlcoholVolume": "0",
    "FicCode": "I"
  },
  {
    "productId": "682033",
    "technicalArticleNumber": "4401731",
    "commercialArticleNumber": "24654",
    "name": "Kipfilet Natuur",
    "brand": "COLRUYT",
    "seoBrand": "Colruyt",
    "thumbNail": "https://static.colruytgroup.com/images/200x200/std.lang.all/51/15/asset-2485115.jpg",
    "fullImage": "https://static.colruytgroup.com/images/500x500/std.lang.all/51/15/asset-2485115.jpg",
    "squareImage": "https://static.colruytgroup.com/images/500x500sq/std.lang.all/51/15/asset-2485115.jpg",
    "content": "160g",
    "walkRouteSequenceNumber": 8009,
    "price": {
      "basicPrice": 3.72,
      "recommendedQuantity": "1.0",
      "measurementUnitPrice": 23.25,
      "measurementUnit": "K",
      "isRedPrice": false,
      "pricePerUOM": 23.25,
      "activationDate": "01-03-2024",
      "recordSource": "Offline",
      "isPromoActive": "N",
      "priceChangeCode": "E"
    },
    "isAvailable": true,
    "isPriceAvailable": true,
    "inPromo": false,
    "gtin": [
      "05400141731514",
      "15400141731511"
    ],
    "topCategoryName": "Colruyt-beenhouwerij",
    "topCategoryId": "33",
    "businessDomain": "RETAIL_BE",
    "IsPrivateLabel": true,
    "IsBiffe": false,
    "WeightconversionFactor": "0",
    "IsWeightArticle": false,
    "nutriscoreLabel": "B",
    "IsBio": false,
    "CountryOfOrigin": "BELGIË",
    "IsExclusivelySoldInLuxembourg": false,
    "OrderUnit": "P",
    "ShortName": "ZBH KIPFILET NAT. 160G",
    "IsNew": false,
    "EcoscoreLabel": "C",
    "RecentQuanityOfStockUnits": "1",
    "LongName": "COLRUYT Kipfilet Natuur 160g",
    "AlcoholVolume": "0",
    "FicCode": "I",
    "EcoscoreValue": "43"
  },
  {
    "productId": "230374",
    "technicalArticleNumber": "3579228",
    "commercialArticleNumber": "16389",
    "name": "kipfilet met tuinkruiden",
    "description": "*Val Dieu Gevogelte\n*Belgie\n*Ambachtelijk\ngebakken in de oven",
    "brand": "COLRUYT",
    "seoBrand": "Colruyt",
    "thumbNail": "https://static.colruytgroup.com/images/200x200/std.lang.all/51/14/asset-2485114.jpg",
    "fullImage": "https://static.colruytgroup.com/images/500x500/std.lang.all/51/14/asset-2485114.jpg",
    "squareImage": "https://static.colruytgroup.com/images/500x500sq/std.lang.all/51/14/asset-2485114.jpg",
    "content": "160g",
    "walkRouteSequenceNumber": 7987,
    "price": {
      "basicPrice": 3.73,
      "recommendedQuantity": "1.0",
      "measurementUnitPrice": 23.32,
      "measurementUnit": "K",
      "isRedPrice": false,
      "pricePerUOM": 23.32,
      "activationDate": "13-09-2023",
      "recordSource": "Offline",
      "isPromoActive": "N",
      "priceChangeCode": "H"
    },
    "isAvailable": true,
    "isPriceAvailable": true,
    "inPromo": false,
    "gtin": [
      "05400141392081",
      "05400141452570",
      "05400141540659",
      "05400141070408"
    ],
    "topCategoryName": "Colruyt-beenhouwerij",
    "topCategoryId": "33",
    "businessDomain": "RETAIL_BE",
    "IsPrivateLabel": true,
    "IsBiffe": false,
    "WeightconversionFactor": "0",
    "IsWeightArticle": false,
    "nutriscoreLabel": "D",
    "IsBio": false,
    "CountryOfOrigin": "BELGIË",
    "IsExclusivelySoldInLuxembourg": false,
    "OrderUnit": "P",
    "ShortName": "ZBH KIPFIL.TUINKR. 160G",
    "IsNew": false,
    "EcoscoreLabel": "C",
    "RecentQuanityOfStockUnits": "1",
    "LongName": "COLRUYT kipfilet met tuinkruiden 160g",
    "AlcoholVolume": "0",
    "FicCode": "I",
    "EcoscoreValue": "51"
  },
  {
    "productId": "7763",
    "technicalArticleNumber": "1158641",
    "commercialArticleNumber": "10039",
    "name": "zesrib entrecote",
    "description": "*Doorregen\n*2cm +-500g\n*Bakken naar wens",
    "thumbNail": "https://static.colruytgroup.com/images/200x200/std.lang.all/52/71/asset-335271.jpg",
    "fullImage": "https://static.colruytgroup.com/images/500x500/std.lang.all/52/71/asset-335271.jpg",
    "squareImage": "https://static.colruytgroup.com/images/500x500sq/std.lang.all/52/71/asset-335271.jpg",
    "walkRouteSequenceNumber": 19140,
    "price": {
      "basicPrice": 18.9,
      "recommendedQuantity": "1.0",
      "unit": "K",
      "measurementUnitPrice": 18.9,
      "measurementUnit": "K",
      "isRedPrice": false,
      "pricePerUOM": 18.9,
      "activationDate": "16-03-2024",
      "recordSource": "Offline",
      "isPromoActive": "N",
      "priceChangeCode": "H"
    },
    "isAvailable": true,
    "isPriceAvailable": true,
    "inPromo": false,
    "topCategoryName": "Colruyt-beenhouwerij",
    "topCategoryId": "33",
    "businessDomain": "RETAIL_BE",
    "IsPrivateLabel": false,
    "IsBiffe": false,
    "WeightconversionFactor": "500",
    "IsWeightArticle": true,
    "nutriscoreLabel": "C",
    "IsBio": false,
    "CountryOfOrigin": "BELGIË",
    "IsExclusivelySoldInLuxembourg": false,
    "OrderUnit": "P",
    "ShortName": "ZESRIB - ENTRECOTE W",
    "IsNew": false,
    "EcoscoreLabel": "E",
    "RecentQuanityOfStockUnits": "1,1,1",
    "LongName": "zesrib entrecote",
    "AlcoholVolume": "0",
    "FicCode": "I",
    "EcoscoreValue": "0"
  },
  {
    "productId": "257197",
    "technicalArticleNumber": "3571110",
    "commercialArticleNumber": "16122",
    "name": "luikse pens",
    "description": "*Volgens tradioneel\nLuiks recept.\n*Belgie",
    "brand": "COLRUYT",
    "seoBrand": "Colruyt",
    "thumbNail": "https://static.colruytgroup.com/images/200x200/std.lang.all/26/53/asset-1252653.jpg",
    "fullImage": "https://static.colruytgroup.com/images/500x500/std.lang.all/26/53/asset-1252653.jpg",
    "squareImage": "https://static.colruytgroup.com/images/500x500sq/std.lang.all/26/53/asset-1252653.jpg",
    "content": "2x150g",
    "walkRouteSequenceNumber": 6748,
    "price": {
      "basicPrice": 3.29,
      "recommendedQuantity": "1.0",
      "measurementUnitPrice": 10.97,
      "measurementUnit": "K",
      "isRedPrice": false,
      "pricePerUOM": 10.97,
      "activationDate": "28-02-2024",
      "recordSource": "Offline",
      "isPromoActive": "N",
      "priceChangeCode": "E"
    },
    "isAvailable": true,
    "isPriceAvailable": true,
    "inPromo": false,
    "gtin": [
      "15400141854357",
      "05400141293272",
      "05400141426304",
      "05400141840018"
    ],
    "topCategoryName": "Colruyt-beenhouwerij",
    "topCategoryId": "33",
    "businessDomain": "RETAIL_BE",
    "IsPrivateLabel": true,
    "IsBiffe": false,
    "WeightconversionFactor": "0",
    "IsWeightArticle": false,
    "nutriscoreLabel": "D",
    "IsBio": false,
    "CountryOfOrigin": "BELGIË",
    "IsExclusivelySoldInLuxembourg": false,
    "OrderUnit": "P",
    "ShortName": "ZBH LUIKSE PENS 300G",
    "IsNew": false,
    "EcoscoreLabel": "E",
    "RecentQuanityOfStockUnits": "1",
    "LongName": "COLRUYT luikse pens 2x150g",
    "AlcoholVolume": "0",
    "FicCode": "I",
    "EcoscoreValue": "0"
  },
  {
    "productId": "8143",
    "technicalArticleNumber": "1158989",
    "commercialArticleNumber": "10084",
    "name": "BH BLINDE VINK",
    "description": "*Rundvlees, gehakt,\nvers spek\n±170g\n*Bakken+stoven\n*±20 min",
    "thumbNail": "https://static.colruytgroup.com/images/200x200/std.lang.all/32/11/asset-343211.jpg",
    "fullImage": "https://static.colruytgroup.com/images/500x500/std.lang.all/32/11/asset-343211.jpg",
    "squareImage": "https://static.colruytgroup.com/images/500x500sq/std.lang.all/32/11/asset-343211.jpg",
    "walkRouteSequenceNumber": 19174,
    "price": {
      "basicPrice": 12.89,
      "recommendedQuantity": "0.6",
      "unit": "K",
      "measurementUnitPrice": 12.89,
      "measurementUnit": "K",
      "isRedPrice": false,
      "pricePerUOM": 12.89,
      "activationDate": "19-03-2024",
      "recordSource": "Offline",
      "isPromoActive": "N",
      "priceChangeCode": "H"
    },
    "isAvailable": true,
    "isPriceAvailable": true,
    "inPromo": false,
    "topCategoryName": "Colruyt-beenhouwerij",
    "topCategoryId": "33",
    "businessDomain": "RETAIL_BE",
    "IsPrivateLabel": false,
    "IsBiffe": false,
    "WeightconversionFactor": "180",
    "IsWeightArticle": true,
    "nutriscoreLabel": "C",
    "IsBio": false,
    "CountryOfOrigin": "BELGIË",
    "IsExclusivelySoldInLuxembourg": false,
    "OrderUnit": "P",
    "ShortName": "BH BLINDE VINK W",
    "IsNew": false,
    "EcoscoreLabel": "E",
    "RecentQuanityOfStockUnits": "1,1",
    "LongName": "BH BLINDE VINK",
    "AlcoholVolume": "0",
    "FicCode": "I",
    "EcoscoreValue": "0"
  },
  {
    "productId": "231577",
    "technicalArticleNumber": "3559587",
    "commercialArticleNumber": "12005",
    "name": "salami met peper",
    "description": "*Met peper uit\nIndonesië en\nMaleisië\n*Belgie",
    "brand": "COLRUYT",
    "seoBrand": "Colruyt",
    "thumbNail": "https://static.colruytgroup.com/images/200x200/std.lang.all/35/58/asset-3013558.jpg",
    "fullImage": "https://static.colruytgroup.com/images/500x500/std.lang.all/35/58/asset-3013558.jpg",
    "squareImage": "https://static.colruytgroup.com/images/500x500sq/std.lang.all/35/58/asset-3013558.jpg",
    "content": "150g",
    "walkRouteSequenceNumber": 8011,
    "price": {
      "basicPrice": 3.5,
      "recommendedQuantity": "1.0",
      "measurementUnitPrice": 23.34,
      "measurementUnit": "K",
      "isRedPrice": false,
      "pricePerUOM": 23.34,
      "activationDate": "04-10-2023",
      "recordSource": "Offline",
      "isPromoActive": "N",
      "priceChangeCode": "E"
    },
    "isAvailable": true,
    "isPriceAvailable": true,
    "inPromo": false,
    "gtin": [
      "15400141807131",
      "05400141391756",
      "05400141540697",
      "05400141660487"
    ],
    "topCategoryName": "Colruyt-beenhouwerij",
    "topCategoryId": "33",
    "businessDomain": "RETAIL_BE",
    "IsPrivateLabel": true,
    "IsBiffe": false,
    "WeightconversionFactor": "0",
    "IsWeightArticle": false,
    "nutriscoreLabel": "E",
    "IsBio": false,
    "CountryOfOrigin": "BELGIË",
    "IsExclusivelySoldInLuxembourg": false,
    "OrderUnit": "P",
    "ShortName": "ZBH SALAMI PEPER 150G",
    "IsNew": false,
    "EcoscoreLabel": "E",
    "RecentQuanityOfStockUnits": "1",
    "LongName": "COLRUYT salami met peper 150g",
    "AlcoholVolume": "0",
    "FicCode": "I",
    "EcoscoreValue": "15"
  },
  {
    "productId": "138853",
    "technicalArticleNumber": "3138369",
    "commercialArticleNumber": "10902",
    "name": "gebraden kip",
    "description": "*Prik gaatjes in de\nfolie.\n*Micro-Golf ±10 Min\n750W\n*België",
    "thumbNail": "https://static.colruytgroup.com/images/200x200/std.lang.all/63/55/asset-1156355.jpg",
    "fullImage": "https://static.colruytgroup.com/images/500x500/std.lang.all/63/55/asset-1156355.jpg",
    "squareImage": "https://static.colruytgroup.com/images/500x500sq/std.lang.all/63/55/asset-1156355.jpg",
    "content": "1,1kg",
    "walkRouteSequenceNumber": 6744,
    "price": {
      "basicPrice": 6.98,
      "recommendedQuantity": "1.0",
      "measurementUnitPrice": 6.35,
      "measurementUnit": "K",
      "isRedPrice": false,
      "pricePerUOM": 6.35,
      "activationDate": "11-03-2024",
      "recordSource": "Offline",
      "isPromoActive": "N",
      "priceChangeCode": "H"
    },
    "isAvailable": true,
    "isPriceAvailable": true,
    "inPromo": false,
    "topCategoryName": "Colruyt-beenhouwerij",
    "topCategoryId": "33",
    "businessDomain": "RETAIL_BE",
    "IsPrivateLabel": false,
    "IsBiffe": false,
    "WeightconversionFactor": "0",
    "IsWeightArticle": false,
    "nutriscoreLabel": "D",
    "IsBio": false,
    "CountryOfOrigin": "BELGIË",
    "IsExclusivelySoldInLuxembourg": false,
    "OrderUnit": "P",
    "ShortName": "GEBRADEN KIP",
    "IsNew": false,
    "EcoscoreLabel": "D",
    "RecentQuanityOfStockUnits": "1,1",
    "LongName": "gebraden kip 1,1kg",
    "AlcoholVolume": "0",
    "FicCode": "I",
    "EcoscoreValue": "21"
  },
  {
    "productId": "6755",
    "technicalArticleNumber": "1159400",
    "commercialArticleNumber": "10143",
    "name": "kotelet zonder been",
    "description": "*Snede uit de rug\n*Zonder been ±2cm\n*België\n*5' à 6' bakken\naan beide kanten",
    "thumbNail": "https://static.colruytgroup.com/images/200x200/std.lang.all/28/29/asset-392829.jpg",
    "fullImage": "https://static.colruytgroup.com/images/500x500/std.lang.all/28/29/asset-392829.jpg",
    "squareImage": "https://static.colruytgroup.com/images/500x500sq/std.lang.all/28/29/asset-392829.jpg",
    "walkRouteSequenceNumber": 19211,
    "price": {
      "basicPrice": 11.38,
      "recommendedQuantity": "0.6",
      "unit": "K",
      "measurementUnitPrice": 11.38,
      "measurementUnit": "K",
      "isRedPrice": false,
      "pricePerUOM": 11.38,
      "activationDate": "23-03-2024",
      "recordSource": "Offline",
      "isPromoActive": "N",
      "priceChangeCode": "H"
    },
    "isAvailable": true,
    "isPriceAvailable": true,
    "inPromo": false,
    "gtin": [
      "05400141131437"
    ],
    "topCategoryName": "Colruyt-beenhouwerij",
    "topCategoryId": "33",
    "businessDomain": "RETAIL_BE",
    "IsPrivateLabel": false,
    "IsBiffe": false,
    "WeightconversionFactor": "180",
    "IsWeightArticle": true,
    "nutriscoreLabel": "A",
    "IsBio": false,
    "CountryOfOrigin": "BELGIË",
    "IsExclusivelySoldInLuxembourg": false,
    "OrderUnit": "P",
    "ShortName": "KOTELET ZONDER BEEN W",
    "IsNew": false,
    "EcoscoreLabel": "E",
    "RecentQuanityOfStockUnits": "1,1",
    "LongName": "kotelet zonder been",
    "AlcoholVolume": "0",
    "FicCode": "I",
    "EcoscoreValue": "0"
  },
  {
    "productId": "31406",
    "technicalArticleNumber": "1650698",
    "commercialArticleNumber": "11754",
    "name": "gevogeltepita",
    "description": "*Gevogeltepita\n*BELGIË\n*±400 g",
    "thumbNail": "https://static.colruytgroup.com/images/200x200/std.lang.all/52/19/asset-2355219.jpg",
    "fullImage": "https://static.colruytgroup.com/images/500x500/std.lang.all/52/19/asset-2355219.jpg",
    "squareImage": "https://static.colruytgroup.com/images/500x500sq/std.lang.all/52/19/asset-2355219.jpg",
    "content": "±400g",
    "walkRouteSequenceNumber": 19458,
    "price": {
      "basicPrice": 12.48,
      "recommendedQuantity": "0.4",
      "unit": "K",
      "measurementUnitPrice": 12.48,
      "measurementUnit": "K",
      "isRedPrice": false,
      "pricePerUOM": 12.48,
      "activationDate": "18-03-2024",
      "recordSource": "Offline",
      "isPromoActive": "N",
      "priceChangeCode": "H"
    },
    "isAvailable": true,
    "isPriceAvailable": true,
    "inPromo": false,
    "gtin": [
      "05400141305869"
    ],
    "topCategoryName": "Colruyt-beenhouwerij",
    "topCategoryId": "33",
    "businessDomain": "RETAIL_BE",
    "IsPrivateLabel": true,
    "IsBiffe": false,
    "WeightconversionFactor": "400",
    "IsWeightArticle": true,
    "nutriscoreLabel": "D",
    "IsBio": false,
    "CountryOfOrigin": "BELGIË",
    "IsExclusivelySoldInLuxembourg": false,
    "OrderUnit": "P",
    "ShortName": "GEVOGELTEPITA 400G    W",
    "IsNew": false,
    "RecentQuanityOfStockUnits": "1,1",
    "LongName": "gevogeltepita ±400g",
    "AlcoholVolume": "0",
    "FicCode": "I"
  },
  {
    "productId": "7858",
    "technicalArticleNumber": "1158787",
    "commercialArticleNumber": "10056",
    "name": "gemarineerde runderreepjes",
    "description": "*Gemarineerd\n*Ideaal voor wok\n*Licht pikant",
    "thumbNail": "https://static.colruytgroup.com/images/200x200/std.lang.all/16/18/asset-391618.jpg",
    "fullImage": "https://static.colruytgroup.com/images/500x500/std.lang.all/16/18/asset-391618.jpg",
    "squareImage": "https://static.colruytgroup.com/images/500x500sq/std.lang.all/16/18/asset-391618.jpg",
    "walkRouteSequenceNumber": 19154,
    "price": {
      "basicPrice": 17.2,
      "recommendedQuantity": "1.0",
      "unit": "K",
      "measurementUnitPrice": 17.2,
      "measurementUnit": "K",
      "isRedPrice": false,
      "pricePerUOM": 17.2,
      "activationDate": "14-02-2024",
      "isPromoActive": "N",
      "priceChangeCode": "H"
    },
    "isAvailable": true,
    "isPriceAvailable": true,
    "inPromo": false,
    "topCategoryName": "Colruyt-beenhouwerij",
    "topCategoryId": "33",
    "businessDomain": "RETAIL_BE",
    "IsPrivateLabel": true,
    "IsBiffe": false,
    "WeightconversionFactor": "1000",
    "IsWeightArticle": true,
    "nutriscoreLabel": "C",
    "IsBio": false,
    "CountryOfOrigin": "BELGIË",
    "IsExclusivelySoldInLuxembourg": false,
    "OrderUnit": "Kg",
    "ShortName": "RUNDERREEPJES         W",
    "IsNew": false,
    "RecentQuanityOfStockUnits": "1,1",
    "LongName": "gemarineerde runderreepjes",
    "AlcoholVolume": "0",
    "FicCode": "I"
  },
  {
    "productId": "182877",
    "technicalArticleNumber": "3373448",
    "commercialArticleNumber": "11133",
    "name": "steak vrouwelijk",
    "description": "*Vrouwelijk\n*Extra veel smaak\n*België\n*2cm +-170g",
    "thumbNail": "https://static.colruytgroup.com/images/200x200/std.lang.all/46/75/asset-1274675.jpg",
    "fullImage": "https://static.colruytgroup.com/images/500x500/std.lang.all/46/75/asset-1274675.jpg",
    "squareImage": "https://static.colruytgroup.com/images/500x500sq/std.lang.all/46/75/asset-1274675.jpg",
    "walkRouteSequenceNumber": 19381,
    "price": {
      "basicPrice": 19.43,
      "recommendedQuantity": "1.0",
      "unit": "K",
      "measurementUnitPrice": 19.43,
      "measurementUnit": "K",
      "isRedPrice": false,
      "pricePerUOM": 19.43,
      "activationDate": "20-03-2024",
      "recordSource": "Folder",
      "isPromoActive": "N",
      "priceChangeCode": "L"
    },
    "isAvailable": true,
    "isPriceAvailable": true,
    "inPromo": false,
    "topCategoryName": "Colruyt-beenhouwerij",
    "topCategoryId": "33",
    "businessDomain": "RETAIL_BE",
    "IsPrivateLabel": true,
    "IsBiffe": false,
    "WeightconversionFactor": "100",
    "IsWeightArticle": true,
    "nutriscoreLabel": "A",
    "IsBio": false,
    "IsExclusivelySoldInLuxembourg": false,
    "OrderUnit": "Kg",
    "ShortName": "STEAK VROUWELIJK",
    "IsNew": false,
    "RecentQuanityOfStockUnits": "1",
    "LongName": "steak vrouwelijk",
    "AlcoholVolume": "0",
    "FicCode": "I"
  },
  {
    "productId": "156635",
    "technicalArticleNumber": "3283913",
    "commercialArticleNumber": "11294",
    "name": "lasagne verde",
    "description": "*Met varkensvlees\n*Pasta met spinazie\n*Oven voorverwarmen\nop 200°\n*Verwarm 20 min.",
    "thumbNail": "https://static.colruytgroup.com/images/200x200/std.lang.all/56/61/asset-2665661.jpg",
    "fullImage": "https://static.colruytgroup.com/images/500x500/std.lang.all/56/61/asset-2665661.jpg",
    "squareImage": "https://static.colruytgroup.com/images/500x500sq/std.lang.all/56/61/asset-2665661.jpg",
    "content": "1 verp.=±400g",
    "walkRouteSequenceNumber": 19395,
    "price": {
      "basicPrice": 11.89,
      "recommendedQuantity": "1.0",
      "unit": "K",
      "measurementUnitPrice": 11.89,
      "measurementUnit": "K",
      "isRedPrice": false,
      "pricePerUOM": 11.89,
      "activationDate": "22-03-2024",
      "recordSource": "Offline",
      "isPromoActive": "N",
      "priceChangeCode": "E"
    },
    "isAvailable": true,
    "isPriceAvailable": true,
    "inPromo": false,
    "topCategoryName": "Colruyt-beenhouwerij",
    "topCategoryId": "33",
    "businessDomain": "RETAIL_BE",
    "IsPrivateLabel": true,
    "IsBiffe": false,
    "WeightconversionFactor": "400",
    "IsWeightArticle": true,
    "nutriscoreLabel": "C",
    "IsBio": false,
    "IsExclusivelySoldInLuxembourg": false,
    "OrderUnit": "P",
    "ShortName": "LASAGNE VERDE STUK",
    "IsNew": false,
    "RecentQuanityOfStockUnits": "1,1",
    "LongName": "lasagne verde 1 verp.=±400g",
    "AlcoholVolume": "0",
    "FicCode": "I"
  },
  {
    "productId": "7759",
    "technicalArticleNumber": "1158633",
    "commercialArticleNumber": "10034",
    "name": "ossenhaas filet pur",
    "description": "*Edelste stuk\n*±300 g\n*Bak in de pan",
    "thumbNail": "https://static.colruytgroup.com/images/200x200/std.lang.all/36/60/asset-393660.jpg",
    "fullImage": "https://static.colruytgroup.com/images/500x500/std.lang.all/36/60/asset-393660.jpg",
    "squareImage": "https://static.colruytgroup.com/images/500x500sq/std.lang.all/36/60/asset-393660.jpg",
    "walkRouteSequenceNumber": 19136,
    "price": {
      "basicPrice": 34.99,
      "recommendedQuantity": "1.0",
      "unit": "K",
      "measurementUnitPrice": 34.99,
      "measurementUnit": "K",
      "isRedPrice": false,
      "pricePerUOM": 34.99,
      "activationDate": "16-03-2024",
      "recordSource": "Offline",
      "isPromoActive": "N",
      "priceChangeCode": "H"
    },
    "isAvailable": true,
    "isPriceAvailable": true,
    "inPromo": false,
    "topCategoryName": "Colruyt-beenhouwerij",
    "topCategoryId": "33",
    "businessDomain": "RETAIL_BE",
    "IsPrivateLabel": false,
    "IsBiffe": false,
    "WeightconversionFactor": "300",
    "IsWeightArticle": true,
    "nutriscoreLabel": "A",
    "IsBio": false,
    "CountryOfOrigin": "BELGIË",
    "IsExclusivelySoldInLuxembourg": false,
    "OrderUnit": "Kg",
    "ShortName": "FILET PUR W",
    "IsNew": false,
    "EcoscoreLabel": "E",
    "RecentQuanityOfStockUnits": "1,1,1",
    "LongName": "ossenhaas filet pur",
    "AlcoholVolume": "0",
    "FicCode": "I",
    "EcoscoreValue": "0"
  },
  {
    "productId": "233363",
    "technicalArticleNumber": "3559793",
    "commercialArticleNumber": "15461",
    "name": "gezouten speksneden dik",
    "description": "*Belgie",
    "brand": "COLRUYT",
    "seoBrand": "Colruyt",
    "thumbNail": "https://static.colruytgroup.com/images/200x200/std.lang.all/80/12/asset-2708012.jpg",
    "fullImage": "https://static.colruytgroup.com/images/500x500/std.lang.all/80/12/asset-2708012.jpg",
    "squareImage": "https://static.colruytgroup.com/images/500x500sq/std.lang.all/80/12/asset-2708012.jpg",
    "content": "200g",
    "walkRouteSequenceNumber": 8019,
    "price": {
      "basicPrice": 3.59,
      "recommendedQuantity": "1.0",
      "measurementUnitPrice": 17.95,
      "measurementUnit": "K",
      "isRedPrice": false,
      "pricePerUOM": 17.95,
      "activationDate": "25-01-2023",
      "isPromoActive": "N",
      "priceChangeCode": "H"
    },
    "isAvailable": true,
    "isPriceAvailable": true,
    "inPromo": false,
    "gtin": [
      "05400141391350",
      "05400141070804",
      "05400141889734"
    ],
    "topCategoryName": "Colruyt-beenhouwerij",
    "topCategoryId": "33",
    "businessDomain": "RETAIL_BE",
    "IsPrivateLabel": true,
    "IsBiffe": false,
    "WeightconversionFactor": "0",
    "IsWeightArticle": false,
    "nutriscoreLabel": "E",
    "IsBio": false,
    "CountryOfOrigin": "BELGIË",
    "IsExclusivelySoldInLuxembourg": false,
    "OrderUnit": "P",
    "ShortName": "ZBH GEZ.SPEKSN.DIK 200G",
    "IsNew": false,
    "EcoscoreLabel": "D",
    "RecentQuanityOfStockUnits": "1",
    "LongName": "COLRUYT gezouten speksneden dik 200g",
    "AlcoholVolume": "0",
    "FicCode": "I",
    "EcoscoreValue": "28"
  },
  {
    "productId": "6749",
    "technicalArticleNumber": "1159380",
    "commercialArticleNumber": "10158",
    "name": "gebakken varkensgebraad",
    "description": "*Gebakken varkens-\ngebraad\n*België",
    "thumbNail": "https://static.colruytgroup.com/images/200x200/std.lang.all/78/86/asset-2787886.jpg",
    "fullImage": "https://static.colruytgroup.com/images/500x500/std.lang.all/78/86/asset-2787886.jpg",
    "squareImage": "https://static.colruytgroup.com/images/500x500sq/std.lang.all/78/86/asset-2787886.jpg",
    "content": "±200g",
    "walkRouteSequenceNumber": 19218,
    "price": {
      "basicPrice": 17.45,
      "recommendedQuantity": "0.2",
      "unit": "K",
      "measurementUnitPrice": 17.45,
      "measurementUnit": "K",
      "isRedPrice": false,
      "pricePerUOM": 17.45,
      "activationDate": "16-12-2023",
      "recordSource": "Offline",
      "isPromoActive": "N",
      "priceChangeCode": "E"
    },
    "isAvailable": true,
    "isPriceAvailable": true,
    "inPromo": false,
    "topCategoryName": "Colruyt-beenhouwerij",
    "topCategoryId": "33",
    "businessDomain": "RETAIL_BE",
    "IsPrivateLabel": false,
    "IsBiffe": false,
    "WeightconversionFactor": "200",
    "IsWeightArticle": true,
    "nutriscoreLabel": "B",
    "IsBio": false,
    "CountryOfOrigin": "BELGIË",
    "IsExclusivelySoldInLuxembourg": false,
    "OrderUnit": "P",
    "ShortName": "GEBAK.VARKENSGEBRAAD W",
    "IsNew": false,
    "EcoscoreLabel": "E",
    "RecentQuanityOfStockUnits": "1,1",
    "LongName": "gebakken varkensgebraad ±200g",
    "AlcoholVolume": "0",
    "FicCode": "I",
    "EcoscoreValue": "14"
  },
  {
    "productId": "727531",
    "technicalArticleNumber": "4483053",
    "commercialArticleNumber": "18305",
    "name": "gyros varken",
    "description": "*Bak in pan of wok\nop hoog vuur ±3'30\nmin en dan nog ±2'30\nmin op laag vuur\nal roerend",
    "thumbNail": "https://static.colruytgroup.com/images/200x200/std.lang.all/78/88/asset-3277888.jpg",
    "fullImage": "https://static.colruytgroup.com/images/500x500/std.lang.all/78/88/asset-3277888.jpg",
    "squareImage": "https://static.colruytgroup.com/images/500x500sq/std.lang.all/78/88/asset-3277888.jpg",
    "walkRouteSequenceNumber": 19043,
    "price": {
      "basicPrice": 10.59,
      "recommendedQuantity": "0.6",
      "unit": "K",
      "measurementUnitPrice": 10.59,
      "measurementUnit": "K",
      "isRedPrice": false,
      "pricePerUOM": 10.59,
      "activationDate": "23-03-2024",
      "recordSource": "Offline",
      "isPromoActive": "N",
      "priceChangeCode": "H"
    },
    "isAvailable": true,
    "isPriceAvailable": true,
    "inPromo": false,
    "topCategoryName": "Colruyt-beenhouwerij",
    "topCategoryId": "33",
    "businessDomain": "RETAIL_BE",
    "IsPrivateLabel": false,
    "IsBiffe": false,
    "WeightconversionFactor": "100",
    "IsWeightArticle": true,
    "nutriscoreLabel": "C",
    "IsBio": false,
    "CountryOfOrigin": "BELGIË",
    "IsExclusivelySoldInLuxembourg": false,
    "OrderUnit": "Kg",
    "ShortName": "GYROS VARKEN",
    "IsNew": false,
    "EcoscoreLabel": "E",
    "RecentQuanityOfStockUnits": "1,1",
    "LongName": "gyros varken",
    "AlcoholVolume": "0",
    "FicCode": "I",
    "EcoscoreValue": "0"
  },
  {
    "productId": "698227",
    "technicalArticleNumber": "4429116",
    "commercialArticleNumber": "10446",
    "name": "looksaus",
    "thumbNail": "https://static.colruytgroup.com/images/200x200/std.lang.all/30/79/asset-393079.jpg",
    "fullImage": "https://static.colruytgroup.com/images/500x500/std.lang.all/30/79/asset-393079.jpg",
    "squareImage": "https://static.colruytgroup.com/images/500x500sq/std.lang.all/30/79/asset-393079.jpg",
    "content": "200g",
    "walkRouteSequenceNumber": 19072,
    "price": {
      "basicPrice": 1.32,
      "recommendedQuantity": "1.0",
      "measurementUnitPrice": 6.6,
      "measurementUnit": "K",
      "isRedPrice": false,
      "pricePerUOM": 6.6,
      "activationDate": "13-10-2023",
      "recordSource": "Offline",
      "isPromoActive": "N",
      "priceChangeCode": "H"
    },
    "isAvailable": true,
    "isPriceAvailable": true,
    "inPromo": false,
    "gtin": [
      "05400141500066",
      "15400141500063"
    ],
    "topCategoryName": "Colruyt-beenhouwerij",
    "topCategoryId": "33",
    "businessDomain": "RETAIL_BE",
    "IsPrivateLabel": false,
    "IsBiffe": false,
    "WeightconversionFactor": "0",
    "IsWeightArticle": false,
    "nutriscoreLabel": "D",
    "IsBio": false,
    "CountryOfOrigin": "BELGIË",
    "IsExclusivelySoldInLuxembourg": false,
    "OrderUnit": "P",
    "ShortName": "ZBH LOOKSAUS",
    "IsNew": false,
    "EcoscoreLabel": "D",
    "RecentQuanityOfStockUnits": "1",
    "LongName": "looksaus 200g",
    "AlcoholVolume": "0",
    "FicCode": "I",
    "EcoscoreValue": "29"
  },
  {
    "productId": "868310",
    "technicalArticleNumber": "4721316",
    "commercialArticleNumber": "14999",
    "name": "pitamaaltijd 4pers.",
    "description": "*Pitavlees, broodjes\nen looksaus\n*België\n*±1 kg pitavlees",
    "thumbNail": "https://static.colruytgroup.com/images/200x200/std.lang.all/04/57/asset-2670457.jpg",
    "fullImage": "https://static.colruytgroup.com/images/500x500/std.lang.all/04/57/asset-2670457.jpg",
    "squareImage": "https://static.colruytgroup.com/images/500x500sq/std.lang.all/04/57/asset-2670457.jpg",
    "walkRouteSequenceNumber": 18879,
    "price": {
      "basicPrice": 15.49,
      "recommendedQuantity": "1.0",
      "measurementUnitPrice": 7.75,
      "measurementUnit": "K",
      "isRedPrice": false,
      "pricePerUOM": 7.75,
      "activationDate": "09-03-2024",
      "recordSource": "Offline",
      "isPromoActive": "N",
      "priceChangeCode": "E"
    },
    "isAvailable": true,
    "isPriceAvailable": true,
    "inPromo": false,
    "topCategoryName": "Colruyt-beenhouwerij",
    "topCategoryId": "33",
    "businessDomain": "RETAIL_BE",
    "IsPrivateLabel": false,
    "IsBiffe": false,
    "WeightconversionFactor": "0",
    "IsWeightArticle": false,
    "nutriscoreLabel": "C",
    "IsBio": false,
    "CountryOfOrigin": "BELGIË",
    "IsExclusivelySoldInLuxembourg": false,
    "OrderUnit": "P",
    "ShortName": "PITA MAALTIJD",
    "IsNew": false,
    "EcoscoreLabel": "E",
    "RecentQuanityOfStockUnits": "1,1",
    "LongName": "pitamaaltijd 4pers.",
    "AlcoholVolume": "0",
    "FicCode": "I",
    "EcoscoreValue": "2"
  },
  {
    "productId": "8234",
    "technicalArticleNumber": "1159136",
    "commercialArticleNumber": "10096",
    "name": "vleeskoek varken",
    "description": "*Varkensgehakt, ui\npeterselie, kruiden\n*In de oven\n*±1kg\n*60' op 180°",
    "thumbNail": "https://static.colruytgroup.com/images/200x200/std.lang.all/60/39/asset-2946039.jpg",
    "fullImage": "https://static.colruytgroup.com/images/500x500/std.lang.all/60/39/asset-2946039.jpg",
    "squareImage": "https://static.colruytgroup.com/images/500x500sq/std.lang.all/60/39/asset-2946039.jpg",
    "content": "±1kg",
    "walkRouteSequenceNumber": 19182,
    "price": {
      "basicPrice": 10.98,
      "recommendedQuantity": "0.9",
      "unit": "K",
      "quantityPrice": 5.44,
      "quantityPriceQuantity": "2.0",
      "measurementUnitPrice": 10.98,
      "measurementUnitQuantityPrice": 5.44,
      "measurementUnit": "K",
      "isRedPrice": false,
      "pricePerUOM": 10.98,
      "activationDate": "19-03-2024",
      "recordSource": "Offline",
      "isPromoActive": "N",
      "priceChangeCode": "E",
      "quantityPricePerUOM": 5.44,
      "quantityActivationDate": "19-03-2024",
      "quantityPriceChangeCode": "L"
    },
    "isAvailable": true,
    "isPriceAvailable": true,
    "inPromo": false,
    "topCategoryName": "Colruyt-beenhouwerij",
    "topCategoryId": "33",
    "businessDomain": "RETAIL_BE",
    "IsPrivateLabel": false,
    "IsBiffe": false,
    "WeightconversionFactor": "1000",
    "IsWeightArticle": true,
    "nutriscoreLabel": "D",
    "IsBio": false,
    "CountryOfOrigin": "BELGIË",
    "IsExclusivelySoldInLuxembourg": false,
    "OrderUnit": "P",
    "ShortName": "VLEESKOEK 1KG. .",
    "IsNew": false,
    "EcoscoreLabel": "E",
    "RecentQuanityOfStockUnits": "1,1",
    "LongName": "vleeskoek varken ±1kg",
    "AlcoholVolume": "0",
    "FicCode": "I",
    "EcoscoreValue": "0"
  },
  {
    "productId": "228458",
    "technicalArticleNumber": "3579183",
    "commercialArticleNumber": "14013",
    "name": "geperste kop",
    "description": "*Ambacht.productie\n*Gekookt in bouillon\n*Zonder smaak-\nversterkers.\n*Belgie",
    "brand": "COLRUYT",
    "seoBrand": "Colruyt",
    "thumbNail": "https://static.colruytgroup.com/images/200x200/std.lang.all/80/18/asset-2708018.jpg",
    "fullImage": "https://static.colruytgroup.com/images/500x500/std.lang.all/80/18/asset-2708018.jpg",
    "squareImage": "https://static.colruytgroup.com/images/500x500sq/std.lang.all/80/18/asset-2708018.jpg",
    "content": "200g",
    "walkRouteSequenceNumber": 8028,
    "price": {
      "basicPrice": 3.73,
      "recommendedQuantity": "1.0",
      "measurementUnitPrice": 18.65,
      "measurementUnit": "K",
      "isRedPrice": false,
      "pricePerUOM": 18.65,
      "activationDate": "28-02-2024",
      "recordSource": "Offline",
      "isPromoActive": "N",
      "priceChangeCode": "E"
    },
    "isAvailable": true,
    "isPriceAvailable": true,
    "inPromo": false,
    "gtin": [
      "05400141391961",
      "05400141888966",
      "05400141541410"
    ],
    "topCategoryName": "Colruyt-beenhouwerij",
    "topCategoryId": "33",
    "businessDomain": "RETAIL_BE",
    "IsPrivateLabel": true,
    "IsBiffe": false,
    "WeightconversionFactor": "0",
    "IsWeightArticle": false,
    "nutriscoreLabel": "D",
    "IsBio": false,
    "CountryOfOrigin": "BELGIË",
    "IsExclusivelySoldInLuxembourg": false,
    "OrderUnit": "P",
    "ShortName": "ZBH GEPERSTE KOP 200G",
    "IsNew": false,
    "EcoscoreLabel": "C",
    "RecentQuanityOfStockUnits": "1",
    "LongName": "COLRUYT geperste kop 200g",
    "AlcoholVolume": "0",
    "FicCode": "I",
    "EcoscoreValue": "53"
  },
  {
    "productId": "254337",
    "technicalArticleNumber": "3605463",
    "commercialArticleNumber": "16519",
    "name": "beenhamsalade",
    "description": "*Rijk aan\nhoogstaande\ningredienten.\n*Belgie",
    "brand": "COLRUYT",
    "seoBrand": "Colruyt",
    "thumbNail": "https://static.colruytgroup.com/images/200x200/std.lang.all/30/13/asset-2503013.jpg",
    "fullImage": "https://static.colruytgroup.com/images/500x500/std.lang.all/30/13/asset-2503013.jpg",
    "squareImage": "https://static.colruytgroup.com/images/500x500sq/std.lang.all/30/13/asset-2503013.jpg",
    "content": "150g",
    "walkRouteSequenceNumber": 7961,
    "price": {
      "basicPrice": 2.49,
      "recommendedQuantity": "1.0",
      "measurementUnitPrice": 16.6,
      "measurementUnit": "K",
      "isRedPrice": false,
      "pricePerUOM": 16.6,
      "activationDate": "17-11-2023",
      "isPromoActive": "N",
      "priceChangeCode": "E"
    },
    "isAvailable": true,
    "isPriceAvailable": true,
    "inPromo": false,
    "gtin": [
      "05400141067958",
      "05400141406078",
      "05400141240764",
      "05400141559477"
    ],
    "topCategoryName": "Colruyt-beenhouwerij",
    "topCategoryId": "33",
    "businessDomain": "RETAIL_BE",
    "IsPrivateLabel": true,
    "IsBiffe": false,
    "WeightconversionFactor": "0",
    "IsWeightArticle": false,
    "nutriscoreLabel": "D",
    "IsBio": false,
    "CountryOfOrigin": "BELGIË",
    "IsExclusivelySoldInLuxembourg": false,
    "OrderUnit": "P",
    "ShortName": "ZBH BEENHAMSALADE 150G",
    "IsNew": false,
    "EcoscoreLabel": "D",
    "RecentQuanityOfStockUnits": "1",
    "LongName": "COLRUYT beenhamsalade 150g",
    "AlcoholVolume": "0",
    "FicCode": "I",
    "EcoscoreValue": "33"
  },
  {
    "productId": "113485",
    "technicalArticleNumber": "3033408",
    "commercialArticleNumber": "18289",
    "name": "droge worsten",
    "description": "*Zuiver varkensvlees\n*Artisanaal recept",
    "brand": "COLRUYT",
    "seoBrand": "Colruyt",
    "thumbNail": "https://static.colruytgroup.com/images/200x200/std.lang.all/03/21/asset-2930321.jpg",
    "fullImage": "https://static.colruytgroup.com/images/500x500/std.lang.all/03/21/asset-2930321.jpg",
    "squareImage": "https://static.colruytgroup.com/images/500x500sq/std.lang.all/03/21/asset-2930321.jpg",
    "content": "275g",
    "walkRouteSequenceNumber": 6768,
    "price": {
      "basicPrice": 5.4,
      "recommendedQuantity": "1.0",
      "quantityPrice": 2.7,
      "quantityPriceQuantity": "4.0",
      "measurementUnitPrice": 19.64,
      "measurementUnitQuantityPrice": 9.82,
      "measurementUnit": "K",
      "isRedPrice": false,
      "pricePerUOM": 19.64,
      "activationDate": "22-03-2024",
      "recordSource": "Offline",
      "isPromoActive": "N",
      "priceChangeCode": "H",
      "quantityPricePerUOM": 9.82,
      "quantityActivationDate": "22-03-2024",
      "quantityPriceChangeCode": "E"
    },
    "isAvailable": true,
    "isPriceAvailable": true,
    "inPromo": false,
    "gtin": [
      "15400141974642",
      "05400141071306",
      "05400141323153"
    ],
    "topCategoryName": "Colruyt-beenhouwerij",
    "topCategoryId": "33",
    "businessDomain": "RETAIL_BE",
    "IsPrivateLabel": true,
    "IsBiffe": false,
    "WeightconversionFactor": "0",
    "IsWeightArticle": false,
    "nutriscoreLabel": "E",
    "IsBio": false,
    "CountryOfOrigin": "BELGIË",
    "IsExclusivelySoldInLuxembourg": false,
    "OrderUnit": "P",
    "ShortName": "BH DROGE WORST 4ST",
    "IsNew": false,
    "EcoscoreLabel": "E",
    "RecentQuanityOfStockUnits": "1",
    "LongName": "COLRUYT droge worsten 275g",
    "AlcoholVolume": "0",
    "FicCode": "I",
    "EcoscoreValue": "16"
  },
  {
    "productId": "8047",
    "technicalArticleNumber": "1158982",
    "commercialArticleNumber": "10079",
    "name": "kalkoenengebraad",
    "description": "*Bak goudbruin+50'\nop 200°",
    "thumbNail": "https://static.colruytgroup.com/images/200x200/std.lang.all/28/28/asset-392828.jpg",
    "fullImage": "https://static.colruytgroup.com/images/500x500/std.lang.all/28/28/asset-392828.jpg",
    "squareImage": "https://static.colruytgroup.com/images/500x500sq/std.lang.all/28/28/asset-392828.jpg",
    "walkRouteSequenceNumber": 19173,
    "price": {
      "basicPrice": 12.99,
      "recommendedQuantity": "0.9",
      "unit": "K",
      "measurementUnitPrice": 12.99,
      "measurementUnit": "K",
      "isRedPrice": false,
      "pricePerUOM": 12.99,
      "activationDate": "21-03-2024",
      "recordSource": "Offline",
      "isPromoActive": "N",
      "priceChangeCode": "E"
    },
    "isAvailable": true,
    "isPriceAvailable": true,
    "inPromo": false,
    "topCategoryName": "Colruyt-beenhouwerij",
    "topCategoryId": "33",
    "businessDomain": "RETAIL_BE",
    "IsPrivateLabel": true,
    "IsBiffe": false,
    "WeightconversionFactor": "1000",
    "IsWeightArticle": true,
    "nutriscoreLabel": "A",
    "IsBio": false,
    "IsExclusivelySoldInLuxembourg": false,
    "OrderUnit": "Kg",
    "ShortName": "GEBRAAD VAN KALKOEN   W",
    "IsNew": false,
    "RecentQuanityOfStockUnits": "1,1",
    "LongName": "kalkoenengebraad",
    "AlcoholVolume": "0",
    "FicCode": "I"
  },
  {
    "productId": "6843",
    "technicalArticleNumber": "1159425",
    "commercialArticleNumber": "10148",
    "name": "ongezouten spek",
    "thumbNail": "https://static.colruytgroup.com/images/200x200/std.lang.all/66/41/asset-336641.jpg",
    "fullImage": "https://static.colruytgroup.com/images/500x500/std.lang.all/66/41/asset-336641.jpg",
    "squareImage": "https://static.colruytgroup.com/images/500x500sq/std.lang.all/66/41/asset-336641.jpg",
    "walkRouteSequenceNumber": 19215,
    "price": {
      "basicPrice": 9.98,
      "recommendedQuantity": "0.9",
      "unit": "K",
      "quantityPrice": 7.99,
      "quantityPriceQuantity": "2.0",
      "measurementUnitPrice": 9.98,
      "measurementUnitQuantityPrice": 7.99,
      "measurementUnit": "K",
      "isRedPrice": false,
      "pricePerUOM": 9.98,
      "activationDate": "20-03-2024",
      "recordSource": "Offline",
      "isPromoActive": "N",
      "priceChangeCode": "E",
      "quantityPricePerUOM": 7.99,
      "quantityActivationDate": "20-03-2024",
      "quantityPriceChangeCode": "H"
    },
    "isAvailable": true,
    "isPriceAvailable": true,
    "inPromo": false,
    "topCategoryName": "Colruyt-beenhouwerij",
    "topCategoryId": "33",
    "businessDomain": "RETAIL_BE",
    "IsPrivateLabel": false,
    "IsBiffe": false,
    "WeightconversionFactor": "500",
    "IsWeightArticle": true,
    "nutriscoreLabel": "C",
    "IsBio": false,
    "CountryOfOrigin": "BELGIË",
    "IsExclusivelySoldInLuxembourg": false,
    "OrderUnit": "Kg",
    "ShortName": "ONGEZOUTEN SPEK W",
    "IsNew": false,
    "EcoscoreLabel": "E",
    "RecentQuanityOfStockUnits": "1,1",
    "LongName": "ongezouten spek",
    "AlcoholVolume": "0",
    "FicCode": "I",
    "EcoscoreValue": "0"
  },
  {
    "productId": "47066",
    "technicalArticleNumber": "2529553",
    "commercialArticleNumber": "10341",
    "name": "kalkoenhaasje",
    "description": "*Kalkoenhaasje",
    "thumbNail": "https://static.colruytgroup.com/images/200x200/std.lang.all/64/54/asset-2836454.jpg",
    "fullImage": "https://static.colruytgroup.com/images/500x500/std.lang.all/64/54/asset-2836454.jpg",
    "squareImage": "https://static.colruytgroup.com/images/500x500sq/std.lang.all/64/54/asset-2836454.jpg",
    "content": "±200g/stuk",
    "walkRouteSequenceNumber": 19259,
    "price": {
      "basicPrice": 17.49,
      "recommendedQuantity": "0.5",
      "unit": "K",
      "measurementUnitPrice": 17.49,
      "measurementUnit": "K",
      "isRedPrice": false,
      "pricePerUOM": 17.49,
      "activationDate": "05-09-2023",
      "recordSource": "Offline",
      "isPromoActive": "N",
      "priceChangeCode": "H"
    },
    "isAvailable": true,
    "isPriceAvailable": true,
    "inPromo": false,
    "topCategoryName": "Colruyt-beenhouwerij",
    "topCategoryId": "33",
    "businessDomain": "RETAIL_BE",
    "IsPrivateLabel": true,
    "IsBiffe": false,
    "WeightconversionFactor": "200",
    "IsWeightArticle": true,
    "nutriscoreLabel": "A",
    "IsBio": false,
    "IsExclusivelySoldInLuxembourg": false,
    "OrderUnit": "P",
    "ShortName": "KALKOENHAASJES 200G/ST",
    "IsNew": false,
    "RecentQuanityOfStockUnits": "1,1",
    "LongName": "kalkoenhaasje ±200g/stuk",
    "AlcoholVolume": "0",
    "FicCode": "I"
  },
  {
    "productId": "22828",
    "technicalArticleNumber": "1985128",
    "commercialArticleNumber": "10011",
    "name": "wokreepjes gevogelte",
    "thumbNail": "https://static.colruytgroup.com/images/200x200/std.lang.all/78/86/asset-3277886.jpg",
    "fullImage": "https://static.colruytgroup.com/images/500x500/std.lang.all/78/86/asset-3277886.jpg",
    "squareImage": "https://static.colruytgroup.com/images/500x500sq/std.lang.all/78/86/asset-3277886.jpg",
    "walkRouteSequenceNumber": 19130,
    "price": {
      "basicPrice": 12.49,
      "recommendedQuantity": "0.7",
      "unit": "K",
      "measurementUnitPrice": 12.49,
      "measurementUnit": "K",
      "isRedPrice": false,
      "pricePerUOM": 12.49,
      "activationDate": "06-03-2024",
      "recordSource": "Offline",
      "isPromoActive": "N",
      "priceChangeCode": "H"
    },
    "isAvailable": true,
    "isPriceAvailable": true,
    "inPromo": false,
    "topCategoryName": "Colruyt-beenhouwerij",
    "topCategoryId": "33",
    "businessDomain": "RETAIL_BE",
    "IsPrivateLabel": true,
    "IsBiffe": false,
    "WeightconversionFactor": "100",
    "IsWeightArticle": true,
    "nutriscoreLabel": "A",
    "IsBio": false,
    "IsExclusivelySoldInLuxembourg": false,
    "OrderUnit": "Kg",
    "ShortName": "WOKREEPJES GEVOGELTE  W",
    "IsNew": false,
    "RecentQuanityOfStockUnits": "1,1",
    "LongName": "wokreepjes gevogelte",
    "AlcoholVolume": "0",
    "FicCode": "I"
  },
  {
    "productId": "809557",
    "technicalArticleNumber": "4632945",
    "commercialArticleNumber": "12969",
    "name": "BH Welzijns kippenpilons",
    "thumbNail": "https://static.colruytgroup.com/images/200x200/std.lang.all/44/98/asset-3344498.jpg",
    "fullImage": "https://static.colruytgroup.com/images/500x500/std.lang.all/44/98/asset-3344498.jpg",
    "squareImage": "https://static.colruytgroup.com/images/500x500sq/std.lang.all/44/98/asset-3344498.jpg",
    "content": "±600g",
    "walkRouteSequenceNumber": 18956,
    "price": {
      "basicPrice": 6.98,
      "recommendedQuantity": "1.0",
      "unit": "K",
      "measurementUnitPrice": 6.98,
      "measurementUnit": "K",
      "isRedPrice": false,
      "pricePerUOM": 6.98,
      "activationDate": "07-03-2024",
      "recordSource": "Offline",
      "isPromoActive": "N",
      "priceChangeCode": "E"
    },
    "isAvailable": true,
    "isPriceAvailable": true,
    "inPromo": false,
    "gtin": [
      "95400141689245",
      "05400141689242",
      "05400141666984",
      "95400141666987"
    ],
    "topCategoryName": "Colruyt-beenhouwerij",
    "topCategoryId": "33",
    "businessDomain": "RETAIL_BE",
    "IsPrivateLabel": false,
    "IsBiffe": false,
    "WeightconversionFactor": "600",
    "IsWeightArticle": true,
    "nutriscoreLabel": "A",
    "IsBio": false,
    "CountryOfOrigin": "BELGIË",
    "IsExclusivelySoldInLuxembourg": false,
    "OrderUnit": "P",
    "ShortName": "BH WELZIJNSKIP PILON W",
    "IsNew": false,
    "EcoscoreLabel": "E",
    "RecentQuanityOfStockUnits": "1,1,1",
    "LongName": "BH Welzijns kippenpilons ±600g",
    "FicCode": "I",
    "EcoscoreValue": "15"
  },
  {
    "productId": "886047",
    "technicalArticleNumber": "4745089",
    "commercialArticleNumber": "32641",
    "name": "Ontvette ham",
    "description": "*Ambacht.productie\n* Als broodbeleg of\nop koude schotel\n*België",
    "brand": "COLRUYT",
    "seoBrand": "Colruyt",
    "thumbNail": "https://static.colruytgroup.com/images/200x200/std.lang.all/40/31/asset-3304031.jpg",
    "fullImage": "https://static.colruytgroup.com/images/500x500/std.lang.all/40/31/asset-3304031.jpg",
    "squareImage": "https://static.colruytgroup.com/images/500x500sq/std.lang.all/40/31/asset-3304031.jpg",
    "content": "160g",
    "walkRouteSequenceNumber": 18813,
    "price": {
      "basicPrice": 3.91,
      "recommendedQuantity": "1.0",
      "measurementUnitPrice": 24.44,
      "measurementUnit": "K",
      "isRedPrice": false,
      "pricePerUOM": 24.44,
      "activationDate": "28-02-2024",
      "recordSource": "Offline",
      "isPromoActive": "N",
      "priceChangeCode": "E"
    },
    "isAvailable": true,
    "isPriceAvailable": true,
    "inPromo": false,
    "gtin": [
      "05400141874716"
    ],
    "topCategoryName": "Colruyt-beenhouwerij",
    "topCategoryId": "33",
    "businessDomain": "RETAIL_BE",
    "IsPrivateLabel": true,
    "IsBiffe": false,
    "WeightconversionFactor": "0",
    "IsWeightArticle": false,
    "IsBio": false,
    "CountryOfOrigin": "BELGIË",
    "IsExclusivelySoldInLuxembourg": false,
    "OrderUnit": "P",
    "ShortName": "ZBH ONTVETTE HAM 160G",
    "IsNew": false,
    "RecentQuanityOfStockUnits": "1",
    "LongName": "COLRUYT Ontvette ham 160g",
    "AlcoholVolume": "0",
    "FicCode": "I"
  },
  {
    "productId": "125086",
    "technicalArticleNumber": "3214148",
    "commercialArticleNumber": "11539",
    "name": "ardens kotelet",
    "description": "*Mager varkensvlees,\nardense hesp,kaas,\npaneermeel\n*±180gr\n*te bakken ±15'",
    "thumbNail": "https://static.colruytgroup.com/images/200x200/std.lang.all/72/44/asset-687244.jpg",
    "fullImage": "https://static.colruytgroup.com/images/500x500/std.lang.all/72/44/asset-687244.jpg",
    "squareImage": "https://static.colruytgroup.com/images/500x500sq/std.lang.all/72/44/asset-687244.jpg",
    "walkRouteSequenceNumber": 19430,
    "price": {
      "basicPrice": 13.99,
      "recommendedQuantity": "0.9",
      "unit": "K",
      "measurementUnitPrice": 13.99,
      "measurementUnit": "K",
      "isRedPrice": false,
      "pricePerUOM": 13.99,
      "activationDate": "07-02-2024",
      "isPromoActive": "N",
      "priceChangeCode": "H"
    },
    "isAvailable": true,
    "isPriceAvailable": true,
    "inPromo": false,
    "topCategoryName": "Colruyt-beenhouwerij",
    "topCategoryId": "33",
    "businessDomain": "RETAIL_BE",
    "IsPrivateLabel": false,
    "IsBiffe": false,
    "WeightconversionFactor": "180",
    "IsWeightArticle": true,
    "nutriscoreLabel": "D",
    "IsBio": false,
    "CountryOfOrigin": "BELGIË",
    "IsExclusivelySoldInLuxembourg": false,
    "OrderUnit": "P",
    "ShortName": "ARDENSE KOTELET W",
    "IsNew": false,
    "EcoscoreLabel": "E",
    "RecentQuanityOfStockUnits": "1,1",
    "LongName": "ardens kotelet",
    "AlcoholVolume": "0",
    "FicCode": "I",
    "EcoscoreValue": "0"
  },
  {
    "productId": "978503",
    "technicalArticleNumber": "4777458",
    "commercialArticleNumber": "7178",
    "name": "gepaneerde kip champignon",
    "description": "*Bak aan beide zijde\n+-4 Minuten in de\npan",
    "thumbNail": "https://static.colruytgroup.com/images/200x200/std.lang.all/77/55/asset-3367755.jpg",
    "fullImage": "https://static.colruytgroup.com/images/500x500/std.lang.all/77/55/asset-3367755.jpg",
    "squareImage": "https://static.colruytgroup.com/images/500x500sq/std.lang.all/77/55/asset-3367755.jpg",
    "content": "±4x125g",
    "walkRouteSequenceNumber": 18753,
    "price": {
      "basicPrice": 14.77,
      "recommendedQuantity": "0.6",
      "unit": "K",
      "measurementUnitPrice": 14.77,
      "measurementUnit": "K",
      "isRedPrice": false,
      "pricePerUOM": 14.77,
      "activationDate": "20-03-2024",
      "recordSource": "Offline",
      "isPromoActive": "N",
      "priceChangeCode": "E"
    },
    "isAvailable": true,
    "isPriceAvailable": true,
    "inPromo": false,
    "gtin": [
      "05400141510843",
      "95400141510846"
    ],
    "topCategoryName": "Colruyt-beenhouwerij",
    "topCategoryId": "33",
    "businessDomain": "RETAIL_BE",
    "IsPrivateLabel": false,
    "IsBiffe": false,
    "WeightconversionFactor": "500",
    "IsWeightArticle": true,
    "IsBio": false,
    "CountryOfOrigin": "BELGIË",
    "IsExclusivelySoldInLuxembourg": false,
    "OrderUnit": "P",
    "ShortName": "BH GEPA.KIP CHAM+-500GW",
    "IsNew": false,
    "RecentQuanityOfStockUnits": "1,1,1",
    "LongName": "gepaneerde kip champignon ±4x125g",
    "AlcoholVolume": "0",
    "FicCode": "I"
  },
  {
    "productId": "177263",
    "technicalArticleNumber": "3332757",
    "commercialArticleNumber": "29005",
    "name": "smossalade met beenham",
    "description": "salade van beenham met erwtjes en toma\nat. het geheel versierd met ei, bieslo\nok en zwart uienzaad",
    "brand": "COLRUYT",
    "seoBrand": "Colruyt",
    "thumbNail": "https://static.colruytgroup.com/images/200x200/std.lang.all/53/00/asset-3155300.jpg",
    "fullImage": "https://static.colruytgroup.com/images/500x500/std.lang.all/53/00/asset-3155300.jpg",
    "squareImage": "https://static.colruytgroup.com/images/500x500sq/std.lang.all/53/00/asset-3155300.jpg",
    "content": "180g",
    "walkRouteSequenceNumber": 18731,
    "price": {
      "basicPrice": 3.25,
      "recommendedQuantity": "1.0",
      "measurementUnitPrice": 18.06,
      "measurementUnit": "K",
      "isRedPrice": false,
      "pricePerUOM": 18.06,
      "activationDate": "13-03-2024",
      "isPromoActive": "Y",
      "priceChangeCode": "E"
    },
    "isAvailable": true,
    "isPriceAvailable": true,
    "inPromo": false,
    "gtin": [
      "05414268115478",
      "05400141218060",
      "05400141240740",
      "05414268115447"
    ],
    "topCategoryName": "Colruyt-beenhouwerij",
    "topCategoryId": "33",
    "businessDomain": "RETAIL_BE",
    "IsPrivateLabel": true,
    "IsBiffe": false,
    "WeightconversionFactor": "0",
    "IsWeightArticle": false,
    "nutriscoreLabel": "D",
    "IsBio": false,
    "CountryOfOrigin": "BELGIË",
    "IsExclusivelySoldInLuxembourg": false,
    "OrderUnit": "P",
    "ShortName": "ZBH SMOSSALADE 180GR",
    "IsNew": false,
    "EcoscoreLabel": "D",
    "RecentQuanityOfStockUnits": "1",
    "LongName": "COLRUYT smossalade met beenham 180g",
    "AlcoholVolume": "0",
    "FicCode": "I",
    "EcoscoreValue": "24"
  },
  {
    "productId": "232630",
    "technicalArticleNumber": "3559741",
    "commercialArticleNumber": "14097",
    "name": "bacon",
    "brand": "COLRUYT",
    "seoBrand": "Colruyt",
    "thumbNail": "https://static.colruytgroup.com/images/200x200/std.lang.all/80/08/asset-2708008.jpg",
    "fullImage": "https://static.colruytgroup.com/images/500x500/std.lang.all/80/08/asset-2708008.jpg",
    "squareImage": "https://static.colruytgroup.com/images/500x500sq/std.lang.all/80/08/asset-2708008.jpg",
    "content": "150g",
    "walkRouteSequenceNumber": 7990,
    "price": {
      "basicPrice": 4.19,
      "recommendedQuantity": "1.0",
      "measurementUnitPrice": 27.94,
      "measurementUnit": "K",
      "isRedPrice": false,
      "pricePerUOM": 27.94,
      "activationDate": "08-03-2024",
      "recordSource": "Offline",
      "isPromoActive": "N",
      "priceChangeCode": "H"
    },
    "isAvailable": true,
    "isPriceAvailable": true,
    "inPromo": false,
    "gtin": [
      "05400141871128",
      "05400141391305",
      "15400141871125"
    ],
    "topCategoryName": "Colruyt-beenhouwerij",
    "topCategoryId": "33",
    "businessDomain": "RETAIL_BE",
    "IsPrivateLabel": true,
    "IsBiffe": false,
    "WeightconversionFactor": "0",
    "IsWeightArticle": false,
    "nutriscoreLabel": "D",
    "IsBio": false,
    "CountryOfOrigin": "BELGIË",
    "IsExclusivelySoldInLuxembourg": false,
    "OrderUnit": "P",
    "ShortName": "ZBH BACON 150G",
    "IsNew": false,
    "EcoscoreLabel": "D",
    "RecentQuanityOfStockUnits": "1",
    "LongName": "COLRUYT bacon 150g",
    "AlcoholVolume": "0",
    "FicCode": "I",
    "EcoscoreValue": "38"
  },
  {
    "productId": "113484",
    "technicalArticleNumber": "3033396",
    "commercialArticleNumber": "18146",
    "name": "gerookte droge worsten",
    "description": "*Zuiver varkensvlees\n*Gerookt op\neikenhout",
    "brand": "COLRUYT",
    "seoBrand": "Colruyt",
    "thumbNail": "https://static.colruytgroup.com/images/200x200/std.lang.all/03/20/asset-2930320.jpg",
    "fullImage": "https://static.colruytgroup.com/images/500x500/std.lang.all/03/20/asset-2930320.jpg",
    "squareImage": "https://static.colruytgroup.com/images/500x500sq/std.lang.all/03/20/asset-2930320.jpg",
    "content": "275g",
    "walkRouteSequenceNumber": 6767,
    "price": {
      "basicPrice": 5.4,
      "recommendedQuantity": "1.0",
      "measurementUnitPrice": 19.64,
      "measurementUnit": "K",
      "isRedPrice": false,
      "pricePerUOM": 19.64,
      "activationDate": "13-03-2024",
      "isPromoActive": "N",
      "priceChangeCode": "E"
    },
    "isAvailable": true,
    "isPriceAvailable": true,
    "inPromo": false,
    "gtin": [
      "05400141323177",
      "05400141189438"
    ],
    "topCategoryName": "Colruyt-beenhouwerij",
    "topCategoryId": "33",
    "businessDomain": "RETAIL_BE",
    "IsPrivateLabel": true,
    "IsBiffe": false,
    "WeightconversionFactor": "0",
    "IsWeightArticle": false,
    "nutriscoreLabel": "E",
    "IsBio": false,
    "CountryOfOrigin": "BELGIË",
    "IsExclusivelySoldInLuxembourg": false,
    "OrderUnit": "P",
    "ShortName": "BH GED GER WORST 4ST",
    "IsNew": false,
    "EcoscoreLabel": "D",
    "RecentQuanityOfStockUnits": "1",
    "LongName": "COLRUYT gerookte droge worsten 275g",
    "AlcoholVolume": "0",
    "FicCode": "I",
    "EcoscoreValue": "20"
  },
  {
    "productId": "258108",
    "technicalArticleNumber": "3582453",
    "commercialArticleNumber": "17302",
    "name": "wortel erwtjes ui",
    "description": "*Voorverwarmde oven\n150° +-20min\n*Microgolf 750W\n5 tot 6 min.",
    "thumbNail": "https://static.colruytgroup.com/images/200x200/std.lang.all/07/56/asset-1730756.jpg",
    "fullImage": "https://static.colruytgroup.com/images/500x500/std.lang.all/07/56/asset-1730756.jpg",
    "squareImage": "https://static.colruytgroup.com/images/500x500sq/std.lang.all/07/56/asset-1730756.jpg",
    "content": "±500g",
    "walkRouteSequenceNumber": 19592,
    "price": {
      "basicPrice": 5.76,
      "recommendedQuantity": "0.5",
      "unit": "K",
      "measurementUnitPrice": 5.76,
      "measurementUnit": "K",
      "isRedPrice": true,
      "redPriceReason": "Promo",
      "pricePerUOM": 5.76,
      "activationDate": "13-03-2024",
      "isPromoActive": "Y",
      "priceChangeCode": "L"
    },
    "isAvailable": true,
    "isPriceAvailable": true,
    "inPromo": false,
    "topCategoryName": "Colruyt-beenhouwerij",
    "topCategoryId": "33",
    "businessDomain": "RETAIL_BE",
    "IsPrivateLabel": true,
    "IsBiffe": false,
    "WeightconversionFactor": "500",
    "IsWeightArticle": true,
    "nutriscoreLabel": "A",
    "IsBio": false,
    "IsExclusivelySoldInLuxembourg": false,
    "OrderUnit": "P",
    "ShortName": "WORTEL ERWTEN UI      W",
    "IsNew": false,
    "RecentQuanityOfStockUnits": "1,1",
    "LongName": "wortel erwtjes ui ±500g",
    "AlcoholVolume": "0",
    "FicCode": "I"
  },
  {
    "productId": "714680",
    "technicalArticleNumber": "4459182",
    "commercialArticleNumber": "19084",
    "name": "gevogelte gyros",
    "description": "*Bakken tot in de\nkern ±10Min in wok\nof braadpan.",
    "thumbNail": "https://static.colruytgroup.com/images/200x200/std.lang.all/79/22/asset-3277922.jpg",
    "fullImage": "https://static.colruytgroup.com/images/500x500/std.lang.all/79/22/asset-3277922.jpg",
    "squareImage": "https://static.colruytgroup.com/images/500x500sq/std.lang.all/79/22/asset-3277922.jpg",
    "walkRouteSequenceNumber": 19061,
    "price": {
      "basicPrice": 10.8,
      "recommendedQuantity": "0.6",
      "unit": "K",
      "measurementUnitPrice": 10.8,
      "measurementUnit": "K",
      "isRedPrice": false,
      "pricePerUOM": 10.8,
      "activationDate": "23-03-2024",
      "recordSource": "Offline",
      "isPromoActive": "N",
      "priceChangeCode": "L"
    },
    "isAvailable": true,
    "isPriceAvailable": true,
    "inPromo": false,
    "topCategoryName": "Colruyt-beenhouwerij",
    "topCategoryId": "33",
    "businessDomain": "RETAIL_BE",
    "IsPrivateLabel": false,
    "IsBiffe": false,
    "WeightconversionFactor": "100",
    "IsWeightArticle": true,
    "nutriscoreLabel": "B",
    "IsBio": false,
    "CountryOfOrigin": "BELGIË",
    "IsExclusivelySoldInLuxembourg": false,
    "OrderUnit": "Kg",
    "ShortName": "GEVOGELTE GYROS W",
    "IsNew": false,
    "EcoscoreLabel": "E",
    "RecentQuanityOfStockUnits": "1,1",
    "LongName": "gevogelte gyros",
    "AlcoholVolume": "0",
    "FicCode": "I",
    "EcoscoreValue": "6"
  },
  {
    "productId": "916866",
    "technicalArticleNumber": "4761152",
    "commercialArticleNumber": "11886",
    "name": "Welzijn Kippenfilet",
    "description": "*Kippenfilet\n*België\n*Welzijn",
    "thumbNail": "https://ecgproductmw.colruytgroup.com/ecgproductmw/noPicForArticle_2.jpg",
    "fullImage": "https://ecgproductmw.colruytgroup.com/ecgproductmw/noPicForArticle_5.jpg",
    "squareImage": "https://ecgproductmw.colruytgroup.com/ecgproductmw/noPicForArticle_5.jpg",
    "content": "±800g",
    "walkRouteSequenceNumber": 18770,
    "price": {
      "basicPrice": 11.98,
      "recommendedQuantity": "1.0",
      "unit": "K",
      "measurementUnitPrice": 11.98,
      "measurementUnit": "K",
      "isRedPrice": true,
      "redPriceReason": "Promo",
      "pricePerUOM": 11.98,
      "activationDate": "13-03-2024",
      "isPromoActive": "Y",
      "priceChangeCode": "L"
    },
    "isAvailable": true,
    "isPriceAvailable": true,
    "inPromo": false,
    "gtin": [
      "05400141501865",
      "95400141501868"
    ],
    "topCategoryName": "Colruyt-beenhouwerij",
    "topCategoryId": "33",
    "businessDomain": "RETAIL_BE",
    "IsPrivateLabel": false,
    "IsBiffe": false,
    "WeightconversionFactor": "800",
    "IsWeightArticle": true,
    "IsBio": false,
    "CountryOfOrigin": "BELGIË",
    "IsExclusivelySoldInLuxembourg": false,
    "OrderUnit": "P",
    "ShortName": "BH WELZ.KIPFIL.+-800GW",
    "IsNew": false,
    "RecentQuanityOfStockUnits": "1,1,1",
    "LongName": "Welzijn Kippenfilet ±800g",
    "FicCode": "I"
  },
  {
    "productId": "843338",
    "technicalArticleNumber": "4688525",
    "commercialArticleNumber": "30647",
    "name": "Hele braadkip",
    "description": "*Bak +- 1u op 180\n*Verhitten tot\nin de kern",
    "thumbNail": "https://static.colruytgroup.com/images/200x200/std.lang.all/05/72/asset-3120572.jpg",
    "fullImage": "https://static.colruytgroup.com/images/500x500/std.lang.all/05/72/asset-3120572.jpg",
    "squareImage": "https://static.colruytgroup.com/images/500x500sq/std.lang.all/05/72/asset-3120572.jpg",
    "content": "±1,3kg",
    "walkRouteSequenceNumber": 18906,
    "price": {
      "basicPrice": 3.99,
      "recommendedQuantity": "1.0",
      "unit": "K",
      "measurementUnitPrice": 3.99,
      "measurementUnit": "K",
      "isRedPrice": false,
      "pricePerUOM": 3.99,
      "activationDate": "28-02-2024",
      "recordSource": "Offline",
      "isPromoActive": "N",
      "priceChangeCode": "E"
    },
    "isAvailable": true,
    "isPriceAvailable": true,
    "inPromo": false,
    "gtin": [
      "05400141701975",
      "95400141701978"
    ],
    "topCategoryName": "Colruyt-beenhouwerij",
    "topCategoryId": "33",
    "businessDomain": "RETAIL_BE",
    "IsPrivateLabel": false,
    "IsBiffe": false,
    "WeightconversionFactor": "1300",
    "IsWeightArticle": true,
    "IsBio": false,
    "CountryOfOrigin": "BELGIË",
    "IsExclusivelySoldInLuxembourg": false,
    "OrderUnit": "P",
    "ShortName": "BH HELE KIP +-1.3KGW",
    "IsNew": false,
    "RecentQuanityOfStockUnits": "1,1",
    "LongName": "Hele braadkip ±1,3kg",
    "FicCode": "I"
  },
  {
    "productId": "257194",
    "technicalArticleNumber": "3571106",
    "commercialArticleNumber": "16089",
    "name": "witte pens",
    "description": "*Traditioneel\nrecept met meer\nmager vlees.\n*Belgie",
    "brand": "COLRUYT",
    "seoBrand": "Colruyt",
    "thumbNail": "https://static.colruytgroup.com/images/200x200/std.lang.all/26/39/asset-2732639.jpg",
    "fullImage": "https://static.colruytgroup.com/images/500x500/std.lang.all/26/39/asset-2732639.jpg",
    "squareImage": "https://static.colruytgroup.com/images/500x500sq/std.lang.all/26/39/asset-2732639.jpg",
    "content": "2x150g",
    "walkRouteSequenceNumber": 6750,
    "price": {
      "basicPrice": 2.39,
      "recommendedQuantity": "1.0",
      "measurementUnitPrice": 7.97,
      "measurementUnit": "K",
      "isRedPrice": false,
      "pricePerUOM": 7.97,
      "activationDate": "20-03-2024",
      "recordSource": "Offline",
      "isPromoActive": "N",
      "priceChangeCode": "L"
    },
    "isAvailable": true,
    "isPriceAvailable": true,
    "inPromo": false,
    "gtin": [
      "05400141840032",
      "05400141293197",
      "05400141426281",
      "05400141434903"
    ],
    "topCategoryName": "Colruyt-beenhouwerij",
    "topCategoryId": "33",
    "businessDomain": "RETAIL_BE",
    "IsPrivateLabel": true,
    "IsBiffe": false,
    "WeightconversionFactor": "0",
    "IsWeightArticle": false,
    "nutriscoreLabel": "D",
    "IsBio": false,
    "CountryOfOrigin": "BELGIË",
    "IsExclusivelySoldInLuxembourg": false,
    "OrderUnit": "P",
    "ShortName": "ZBH WITTE PENS 300G",
    "IsNew": false,
    "EcoscoreLabel": "E",
    "RecentQuanityOfStockUnits": "1",
    "LongName": "COLRUYT witte pens 2x150g",
    "AlcoholVolume": "0",
    "FicCode": "I",
    "EcoscoreValue": "0"
  },
  {
    "productId": "643600",
    "technicalArticleNumber": "4338337",
    "commercialArticleNumber": "23879",
    "name": "salade kip curry",
    "brand": "COLRUYT",
    "seoBrand": "Colruyt",
    "thumbNail": "https://static.colruytgroup.com/images/200x200/std.lang.all/17/05/asset-2881705.jpg",
    "fullImage": "https://static.colruytgroup.com/images/500x500/std.lang.all/17/05/asset-2881705.jpg",
    "squareImage": "https://static.colruytgroup.com/images/500x500sq/std.lang.all/17/05/asset-2881705.jpg",
    "content": "150g",
    "walkRouteSequenceNumber": 7963,
    "price": {
      "basicPrice": 3.45,
      "recommendedQuantity": "1.0",
      "measurementUnitPrice": 23,
      "measurementUnit": "K",
      "isRedPrice": false,
      "pricePerUOM": 23,
      "activationDate": "31-01-2024",
      "recordSource": "Offline",
      "isPromoActive": "N",
      "priceChangeCode": "E"
    },
    "isAvailable": true,
    "isPriceAvailable": true,
    "inPromo": false,
    "gtin": [
      "05400141441680",
      "05400141952438",
      "05400141849431",
      "05400141550092"
    ],
    "topCategoryName": "Colruyt-beenhouwerij",
    "topCategoryId": "33",
    "businessDomain": "RETAIL_BE",
    "IsPrivateLabel": true,
    "IsBiffe": false,
    "WeightconversionFactor": "0",
    "IsWeightArticle": false,
    "nutriscoreLabel": "C",
    "IsBio": false,
    "CountryOfOrigin": "BELGIË",
    "IsExclusivelySoldInLuxembourg": false,
    "OrderUnit": "P",
    "ShortName": "ZBH KIP KERRIE 150G",
    "IsNew": false,
    "EcoscoreLabel": "E",
    "RecentQuanityOfStockUnits": "1",
    "LongName": "COLRUYT salade kip curry 150g",
    "AlcoholVolume": "0",
    "FicCode": "I",
    "EcoscoreValue": "19"
  },
  {
    "productId": "642157",
    "technicalArticleNumber": "4336350",
    "commercialArticleNumber": "29000",
    "name": "ffm ardens gebraad",
    "description": "*Mager Licht gerookt\nen gezouten\n*Voorverwarmde oven\n200 15 min en dan\n45 Min op 180",
    "thumbNail": "https://static.colruytgroup.com/images/200x200/std.lang.all/26/28/asset-392628.jpg",
    "fullImage": "https://static.colruytgroup.com/images/500x500/std.lang.all/26/28/asset-392628.jpg",
    "squareImage": "https://static.colruytgroup.com/images/500x500sq/std.lang.all/26/28/asset-392628.jpg",
    "content": "±1kg",
    "walkRouteSequenceNumber": 19783,
    "price": {
      "basicPrice": 9.99,
      "recommendedQuantity": "1.0",
      "unit": "K",
      "measurementUnitPrice": 9.99,
      "measurementUnit": "K",
      "isRedPrice": false,
      "pricePerUOM": 9.99,
      "activationDate": "19-03-2024",
      "recordSource": "Folder",
      "isPromoActive": "N",
      "priceChangeCode": "L"
    },
    "isAvailable": true,
    "isPriceAvailable": true,
    "inPromo": false,
    "gtin": [
      "05400141830538",
      "95400141830531"
    ],
    "topCategoryName": "Colruyt-beenhouwerij",
    "topCategoryId": "33",
    "businessDomain": "RETAIL_BE",
    "IsPrivateLabel": false,
    "IsBiffe": false,
    "WeightconversionFactor": "1000",
    "IsWeightArticle": true,
    "nutriscoreLabel": "C",
    "IsBio": false,
    "CountryOfOrigin": "BELGIË",
    "IsExclusivelySoldInLuxembourg": false,
    "OrderUnit": "P",
    "ShortName": "FFM ARDENS GEBRAAD1K W",
    "IsNew": false,
    "EcoscoreLabel": "D",
    "RecentQuanityOfStockUnits": "1,1,1",
    "LongName": "ffm ardens gebraad ±1kg",
    "AlcoholVolume": "0",
    "FicCode": "I",
    "EcoscoreValue": "33"
  },
  {
    "productId": "224420",
    "technicalArticleNumber": "3559434",
    "commercialArticleNumber": "10811",
    "name": "mosterdspek",
    "description": "*Ovengebakken met\nartisanale mosterd.\n*Belgie",
    "brand": "COLRUYT",
    "seoBrand": "Colruyt",
    "thumbNail": "https://static.colruytgroup.com/images/200x200/std.lang.all/80/03/asset-2708003.jpg",
    "fullImage": "https://static.colruytgroup.com/images/500x500/std.lang.all/80/03/asset-2708003.jpg",
    "squareImage": "https://static.colruytgroup.com/images/500x500sq/std.lang.all/80/03/asset-2708003.jpg",
    "content": "150g",
    "walkRouteSequenceNumber": 8015,
    "price": {
      "basicPrice": 2.47,
      "recommendedQuantity": "1.0",
      "measurementUnitPrice": 16.47,
      "measurementUnit": "K",
      "isRedPrice": false,
      "pricePerUOM": 16.47,
      "activationDate": "19-12-2023",
      "recordSource": "Offline",
      "isPromoActive": "N",
      "priceChangeCode": "H"
    },
    "isAvailable": true,
    "isPriceAvailable": true,
    "inPromo": false,
    "gtin": [
      "05400141291902",
      "05400141414158"
    ],
    "topCategoryName": "Colruyt-beenhouwerij",
    "topCategoryId": "33",
    "businessDomain": "RETAIL_BE",
    "IsPrivateLabel": true,
    "IsBiffe": false,
    "WeightconversionFactor": "0",
    "IsWeightArticle": false,
    "nutriscoreLabel": "D",
    "IsBio": false,
    "CountryOfOrigin": "BELGIË",
    "IsExclusivelySoldInLuxembourg": false,
    "OrderUnit": "P",
    "ShortName": "ZBH MOSTERDSPEK 150G",
    "IsNew": false,
    "EcoscoreLabel": "D",
    "RecentQuanityOfStockUnits": "1",
    "LongName": "COLRUYT mosterdspek 150g",
    "AlcoholVolume": "0",
    "FicCode": "I",
    "EcoscoreValue": "29"
  },
  {
    "productId": "227074",
    "technicalArticleNumber": "3560168",
    "commercialArticleNumber": "16153",
    "name": "ovengebakken pâté",
    "description": "*Respect van\ntradioneel recept.\n*Belgie",
    "brand": "COLRUYT",
    "seoBrand": "Colruyt",
    "thumbNail": "https://static.colruytgroup.com/images/200x200/std.lang.all/80/15/asset-2708015.jpg",
    "fullImage": "https://static.colruytgroup.com/images/500x500/std.lang.all/80/15/asset-2708015.jpg",
    "squareImage": "https://static.colruytgroup.com/images/500x500sq/std.lang.all/80/15/asset-2708015.jpg",
    "content": "170g",
    "walkRouteSequenceNumber": 8013,
    "price": {
      "basicPrice": 3.96,
      "recommendedQuantity": "1.0",
      "measurementUnitPrice": 23.3,
      "measurementUnit": "K",
      "isRedPrice": false,
      "pricePerUOM": 23.3,
      "activationDate": "10-11-2023",
      "recordSource": "Offline",
      "isPromoActive": "N",
      "priceChangeCode": "H"
    },
    "isAvailable": true,
    "isPriceAvailable": true,
    "inPromo": false,
    "gtin": [
      "15400141807261",
      "05400141886139",
      "05400141391398"
    ],
    "topCategoryName": "Colruyt-beenhouwerij",
    "topCategoryId": "33",
    "businessDomain": "RETAIL_BE",
    "IsPrivateLabel": true,
    "IsBiffe": false,
    "WeightconversionFactor": "0",
    "IsWeightArticle": false,
    "nutriscoreLabel": "E",
    "IsBio": false,
    "CountryOfOrigin": "BELGIË",
    "IsExclusivelySoldInLuxembourg": false,
    "OrderUnit": "P",
    "ShortName": "ZBH OVENGEBAK.PATE 170G",
    "InSeason": true,
    "IsNew": false,
    "EcoscoreLabel": "C",
    "RecentQuanityOfStockUnits": "1",
    "LongName": "COLRUYT ovengebakken pâté 170g",
    "AlcoholVolume": "0",
    "StartSeasonDate": "26/12/2019",
    "FicCode": "I",
    "EcoscoreValue": "44"
  },
  {
    "productId": "257187",
    "technicalArticleNumber": "3571098",
    "commercialArticleNumber": "16073",
    "name": "gevogeltecervela's",
    "description": "*60% Gevogeltevlees\n*+-170 stuk",
    "brand": "COLRUYT",
    "seoBrand": "Colruyt",
    "thumbNail": "https://static.colruytgroup.com/images/200x200/std.lang.all/28/00/asset-1252800.jpg",
    "fullImage": "https://static.colruytgroup.com/images/500x500/std.lang.all/28/00/asset-1252800.jpg",
    "squareImage": "https://static.colruytgroup.com/images/500x500sq/std.lang.all/28/00/asset-1252800.jpg",
    "content": "2x170g",
    "walkRouteSequenceNumber": 6759,
    "price": {
      "basicPrice": 4.95,
      "recommendedQuantity": "1.0",
      "measurementUnitPrice": 14.56,
      "measurementUnit": "K",
      "isRedPrice": false,
      "pricePerUOM": 14.56,
      "activationDate": "17-11-2023",
      "isPromoActive": "N",
      "priceChangeCode": "H"
    },
    "isAvailable": true,
    "isPriceAvailable": true,
    "inPromo": false,
    "gtin": [
      "05400141293180",
      "05400141532289"
    ],
    "topCategoryName": "Colruyt-beenhouwerij",
    "topCategoryId": "33",
    "businessDomain": "RETAIL_BE",
    "IsPrivateLabel": true,
    "IsBiffe": false,
    "WeightconversionFactor": "0",
    "IsWeightArticle": false,
    "nutriscoreLabel": "E",
    "IsBio": false,
    "CountryOfOrigin": "BELGIË",
    "IsExclusivelySoldInLuxembourg": false,
    "OrderUnit": "P",
    "ShortName": "ZBH GEVOG.CERVELA 340G",
    "IsNew": false,
    "EcoscoreLabel": "D",
    "RecentQuanityOfStockUnits": "1",
    "LongName": "COLRUYT gevogeltecervela's 2x170g",
    "AlcoholVolume": "0",
    "FicCode": "I",
    "EcoscoreValue": "33"
  },
  {
    "productId": "224434",
    "technicalArticleNumber": "3559449",
    "commercialArticleNumber": "11115",
    "name": "strasbourg",
    "description": "*Tradioneel recept\n*Gekookt in eigen\nnat.\n*Belgie",
    "brand": "COLRUYT",
    "seoBrand": "Colruyt",
    "thumbNail": "https://static.colruytgroup.com/images/200x200/std.lang.all/80/04/asset-2708004.jpg",
    "fullImage": "https://static.colruytgroup.com/images/500x500/std.lang.all/80/04/asset-2708004.jpg",
    "squareImage": "https://static.colruytgroup.com/images/500x500sq/std.lang.all/80/04/asset-2708004.jpg",
    "content": "200g",
    "walkRouteSequenceNumber": 8008,
    "price": {
      "basicPrice": 3.86,
      "recommendedQuantity": "1.0",
      "measurementUnitPrice": 19.3,
      "measurementUnit": "K",
      "isRedPrice": false,
      "pricePerUOM": 19.3,
      "activationDate": "23-05-2023",
      "recordSource": "Offline",
      "isPromoActive": "N",
      "priceChangeCode": "L"
    },
    "isAvailable": true,
    "isPriceAvailable": true,
    "inPromo": false,
    "gtin": [
      "05400141518740",
      "05400141291926",
      "15400141518747"
    ],
    "topCategoryName": "Colruyt-beenhouwerij",
    "topCategoryId": "33",
    "businessDomain": "RETAIL_BE",
    "IsPrivateLabel": true,
    "IsBiffe": false,
    "WeightconversionFactor": "0",
    "IsWeightArticle": false,
    "nutriscoreLabel": "E",
    "IsBio": false,
    "CountryOfOrigin": "BELGIË",
    "IsExclusivelySoldInLuxembourg": false,
    "OrderUnit": "P",
    "ShortName": "ZBH STRASBOURG 200G",
    "IsNew": false,
    "EcoscoreLabel": "D",
    "RecentQuanityOfStockUnits": "1",
    "LongName": "COLRUYT strasbourg 200g",
    "AlcoholVolume": "0",
    "FicCode": "I",
    "EcoscoreValue": "32"
  },
  {
    "productId": "7765",
    "technicalArticleNumber": "1158643",
    "commercialArticleNumber": "10042",
    "name": "biefstuk cat.II",
    "description": "*Vermalst\n*1cm +- 170g\n*Bakken naar wens",
    "thumbNail": "https://static.colruytgroup.com/images/200x200/std.lang.all/70/98/asset-2487098.jpg",
    "fullImage": "https://static.colruytgroup.com/images/500x500/std.lang.all/70/98/asset-2487098.jpg",
    "squareImage": "https://static.colruytgroup.com/images/500x500sq/std.lang.all/70/98/asset-2487098.jpg",
    "walkRouteSequenceNumber": 19142,
    "price": {
      "basicPrice": 14.89,
      "recommendedQuantity": "0.6",
      "unit": "K",
      "measurementUnitPrice": 14.89,
      "measurementUnit": "K",
      "isRedPrice": false,
      "pricePerUOM": 14.89,
      "activationDate": "21-03-2024",
      "recordSource": "Offline",
      "isPromoActive": "N",
      "priceChangeCode": "E"
    },
    "isAvailable": true,
    "isPriceAvailable": true,
    "inPromo": false,
    "topCategoryName": "Colruyt-beenhouwerij",
    "topCategoryId": "33",
    "businessDomain": "RETAIL_BE",
    "IsPrivateLabel": false,
    "IsBiffe": false,
    "WeightconversionFactor": "170",
    "IsWeightArticle": true,
    "nutriscoreLabel": "A",
    "IsBio": false,
    "CountryOfOrigin": "BELGIË",
    "IsExclusivelySoldInLuxembourg": false,
    "OrderUnit": "P",
    "ShortName": "BIEFSTUK CAT II W",
    "IsNew": false,
    "EcoscoreLabel": "E",
    "RecentQuanityOfStockUnits": "1,1",
    "LongName": "biefstuk cat.II",
    "AlcoholVolume": "0",
    "FicCode": "I",
    "EcoscoreValue": "0"
  },
  {
    "productId": "16838",
    "technicalArticleNumber": "1435901",
    "commercialArticleNumber": "10786",
    "name": "pepersteak",
    "description": "*Met zwarte peper\n*Vermalst stuk\n*Idéale Bakwijze\nPan of Gegrild\n*±170g",
    "thumbNail": "https://static.colruytgroup.com/images/200x200/std.lang.all/60/95/asset-336095.jpg",
    "fullImage": "https://static.colruytgroup.com/images/500x500/std.lang.all/60/95/asset-336095.jpg",
    "squareImage": "https://static.colruytgroup.com/images/500x500sq/std.lang.all/60/95/asset-336095.jpg",
    "walkRouteSequenceNumber": 19346,
    "price": {
      "basicPrice": 19.99,
      "recommendedQuantity": "0.9",
      "unit": "K",
      "measurementUnitPrice": 19.99,
      "measurementUnit": "K",
      "isRedPrice": false,
      "pricePerUOM": 19.99,
      "activationDate": "11-03-2024",
      "recordSource": "Offline",
      "isPromoActive": "N",
      "priceChangeCode": "H"
    },
    "isAvailable": true,
    "isPriceAvailable": true,
    "inPromo": false,
    "topCategoryName": "Colruyt-beenhouwerij",
    "topCategoryId": "33",
    "businessDomain": "RETAIL_BE",
    "IsPrivateLabel": false,
    "IsBiffe": false,
    "WeightconversionFactor": "180",
    "IsWeightArticle": true,
    "nutriscoreLabel": "A",
    "IsBio": false,
    "CountryOfOrigin": "BELGIË",
    "IsExclusivelySoldInLuxembourg": false,
    "OrderUnit": "P",
    "ShortName": "PEPERSTEAK W",
    "IsNew": false,
    "EcoscoreLabel": "E",
    "RecentQuanityOfStockUnits": "1,1,1",
    "LongName": "pepersteak",
    "AlcoholVolume": "0",
    "FicCode": "I",
    "EcoscoreValue": "0"
  },
  {
    "productId": "233373",
    "technicalArticleNumber": "3559809",
    "commercialArticleNumber": "15815",
    "name": "ovengebakken vleeskoek",
    "description": "*Ambachtelijke\nrecept\n*Gebakken in de\noven\n*Belgie",
    "brand": "COLRUYT",
    "seoBrand": "Colruyt",
    "thumbNail": "https://static.colruytgroup.com/images/200x200/std.lang.all/80/14/asset-2708014.jpg",
    "fullImage": "https://static.colruytgroup.com/images/500x500/std.lang.all/80/14/asset-2708014.jpg",
    "squareImage": "https://static.colruytgroup.com/images/500x500sq/std.lang.all/80/14/asset-2708014.jpg",
    "content": "160g",
    "walkRouteSequenceNumber": 8001,
    "price": {
      "basicPrice": 2.66,
      "recommendedQuantity": "1.0",
      "measurementUnitPrice": 16.63,
      "measurementUnit": "K",
      "isRedPrice": false,
      "pricePerUOM": 16.63,
      "activationDate": "20-03-2024",
      "recordSource": "Offline",
      "isPromoActive": "N",
      "priceChangeCode": "H"
    },
    "isAvailable": true,
    "isPriceAvailable": true,
    "inPromo": false,
    "gtin": [
      "05400141426397",
      "05400141391374"
    ],
    "topCategoryName": "Colruyt-beenhouwerij",
    "topCategoryId": "33",
    "businessDomain": "RETAIL_BE",
    "IsPrivateLabel": true,
    "IsBiffe": false,
    "WeightconversionFactor": "0",
    "IsWeightArticle": false,
    "nutriscoreLabel": "D",
    "IsBio": false,
    "CountryOfOrigin": "BELGIË",
    "IsExclusivelySoldInLuxembourg": false,
    "OrderUnit": "P",
    "ShortName": "ZBH OVENGEB VLEESK 160G",
    "IsNew": false,
    "EcoscoreLabel": "D",
    "RecentQuanityOfStockUnits": "1",
    "LongName": "COLRUYT ovengebakken vleeskoek 160g",
    "AlcoholVolume": "0",
    "FicCode": "I",
    "EcoscoreValue": "25"
  },
  {
    "productId": "156637",
    "technicalArticleNumber": "3283923",
    "commercialArticleNumber": "11544",
    "name": "lasagne met kip",
    "description": "*Met kippengehakt\n*Oven voorverwarmen\nop 200°\n*Verwarm 20 min.",
    "thumbNail": "https://static.colruytgroup.com/images/200x200/std.lang.all/56/62/asset-2665662.jpg",
    "fullImage": "https://static.colruytgroup.com/images/500x500/std.lang.all/56/62/asset-2665662.jpg",
    "squareImage": "https://static.colruytgroup.com/images/500x500sq/std.lang.all/56/62/asset-2665662.jpg",
    "content": "1 verp.=±400g",
    "walkRouteSequenceNumber": 6772,
    "price": {
      "basicPrice": 12.5,
      "recommendedQuantity": "1.0",
      "unit": "K",
      "measurementUnitPrice": 12.5,
      "measurementUnit": "K",
      "isRedPrice": false,
      "pricePerUOM": 12.5,
      "activationDate": "15-03-2024",
      "isPromoActive": "N",
      "priceChangeCode": "E"
    },
    "isAvailable": true,
    "isPriceAvailable": true,
    "inPromo": false,
    "topCategoryName": "Colruyt-beenhouwerij",
    "topCategoryId": "33",
    "businessDomain": "RETAIL_BE",
    "IsPrivateLabel": true,
    "IsBiffe": false,
    "WeightconversionFactor": "400",
    "IsWeightArticle": true,
    "nutriscoreLabel": "C",
    "IsBio": false,
    "IsExclusivelySoldInLuxembourg": false,
    "OrderUnit": "P",
    "ShortName": "LASAGNE KIP STUK",
    "IsNew": false,
    "RecentQuanityOfStockUnits": "1,1",
    "LongName": "lasagne met kip 1 verp.=±400g",
    "AlcoholVolume": "0",
    "FicCode": "I"
  },
  {
    "productId": "257989",
    "technicalArticleNumber": "3582434",
    "commercialArticleNumber": "17162",
    "name": "Linguini Ham-Kaas",
    "description": "*Voorverwarmde oven\nop 150° +-35 min.\nLaatste 2 min grill\n*Microgolf 750W\n5 tot 6 min.",
    "thumbNail": "https://static.colruytgroup.com/images/200x200/std.lang.all/21/21/asset-2052121.jpg",
    "fullImage": "https://static.colruytgroup.com/images/500x500/std.lang.all/21/21/asset-2052121.jpg",
    "squareImage": "https://static.colruytgroup.com/images/500x500sq/std.lang.all/21/21/asset-2052121.jpg",
    "content": "±600g",
    "walkRouteSequenceNumber": 19588,
    "price": {
      "basicPrice": 9.75,
      "recommendedQuantity": "0.6",
      "unit": "K",
      "measurementUnitPrice": 9.75,
      "measurementUnit": "K",
      "isRedPrice": false,
      "pricePerUOM": 9.75,
      "activationDate": "14-02-2024",
      "isPromoActive": "N",
      "priceChangeCode": "E"
    },
    "isAvailable": true,
    "isPriceAvailable": true,
    "inPromo": false,
    "topCategoryName": "Colruyt-beenhouwerij",
    "topCategoryId": "33",
    "businessDomain": "RETAIL_BE",
    "IsPrivateLabel": true,
    "IsBiffe": false,
    "WeightconversionFactor": "600",
    "IsWeightArticle": true,
    "nutriscoreLabel": "C",
    "IsBio": false,
    "IsExclusivelySoldInLuxembourg": false,
    "OrderUnit": "P",
    "ShortName": "LINGUINE HAM KAAS",
    "IsNew": false,
    "RecentQuanityOfStockUnits": "1,1",
    "LongName": "Linguini Ham-Kaas ±600g",
    "AlcoholVolume": "0",
    "FicCode": "I"
  },
  {
    "productId": "809558",
    "technicalArticleNumber": "4632946",
    "commercialArticleNumber": "13088",
    "name": "Welzijns kippenhaasje",
    "thumbNail": "https://static.colruytgroup.com/images/200x200/std.lang.all/65/85/asset-3346585.jpg",
    "fullImage": "https://static.colruytgroup.com/images/500x500/std.lang.all/65/85/asset-3346585.jpg",
    "squareImage": "https://static.colruytgroup.com/images/500x500sq/std.lang.all/65/85/asset-3346585.jpg",
    "content": "±350g",
    "walkRouteSequenceNumber": 18957,
    "price": {
      "basicPrice": 14.26,
      "recommendedQuantity": "1.0",
      "unit": "K",
      "measurementUnitPrice": 14.26,
      "measurementUnit": "K",
      "isRedPrice": false,
      "pricePerUOM": 14.26,
      "activationDate": "12-01-2024",
      "recordSource": "Offline",
      "isPromoActive": "N",
      "priceChangeCode": "H"
    },
    "isAvailable": true,
    "isPriceAvailable": true,
    "inPromo": false,
    "gtin": [
      "95400141539823",
      "05400141539820",
      "95400141677914",
      "05400141677911"
    ],
    "topCategoryName": "Colruyt-beenhouwerij",
    "topCategoryId": "33",
    "businessDomain": "RETAIL_BE",
    "IsPrivateLabel": false,
    "IsBiffe": false,
    "WeightconversionFactor": "350",
    "IsWeightArticle": true,
    "nutriscoreLabel": "A",
    "IsBio": false,
    "CountryOfOrigin": "BELGIË",
    "IsExclusivelySoldInLuxembourg": false,
    "OrderUnit": "P",
    "ShortName": "BH WELZIJNSKIP HAAS W",
    "IsNew": false,
    "EcoscoreLabel": "D",
    "RecentQuanityOfStockUnits": "1,1,1",
    "LongName": "Welzijns kippenhaasje ±350g",
    "FicCode": "I",
    "EcoscoreValue": "21"
  },
  {
    "productId": "257303",
    "technicalArticleNumber": "3571124",
    "commercialArticleNumber": "16311",
    "name": "zwarte pens",
    "description": "*Autentiek recept\nmet varkensvlees en\nbloed.\n*Belgie",
    "brand": "COLRUYT",
    "seoBrand": "Colruyt",
    "thumbNail": "https://static.colruytgroup.com/images/200x200/std.lang.all/26/54/asset-1252654.jpg",
    "fullImage": "https://static.colruytgroup.com/images/500x500/std.lang.all/26/54/asset-1252654.jpg",
    "squareImage": "https://static.colruytgroup.com/images/500x500sq/std.lang.all/26/54/asset-1252654.jpg",
    "content": "2x150g",
    "walkRouteSequenceNumber": 6749,
    "price": {
      "basicPrice": 3.14,
      "recommendedQuantity": "1.0",
      "measurementUnitPrice": 10.47,
      "measurementUnit": "K",
      "isRedPrice": false,
      "pricePerUOM": 10.47,
      "activationDate": "28-02-2024",
      "recordSource": "Offline",
      "isPromoActive": "N",
      "priceChangeCode": "E"
    },
    "isAvailable": true,
    "isPriceAvailable": true,
    "inPromo": false,
    "gtin": [
      "05400141847642",
      "15400141854371",
      "05400141293302",
      "05400141426052"
    ],
    "topCategoryName": "Colruyt-beenhouwerij",
    "topCategoryId": "33",
    "businessDomain": "RETAIL_BE",
    "IsPrivateLabel": true,
    "IsBiffe": false,
    "WeightconversionFactor": "0",
    "IsWeightArticle": false,
    "nutriscoreLabel": "D",
    "IsBio": false,
    "CountryOfOrigin": "BELGIË",
    "IsExclusivelySoldInLuxembourg": false,
    "OrderUnit": "P",
    "ShortName": "ZBH ZWARTE PENS 300G",
    "IsNew": false,
    "EcoscoreLabel": "B",
    "RecentQuanityOfStockUnits": "1",
    "LongName": "COLRUYT zwarte pens 2x150g",
    "AlcoholVolume": "0",
    "FicCode": "I",
    "EcoscoreValue": "66"
  },
  {
    "productId": "63871",
    "technicalArticleNumber": "2770634",
    "commercialArticleNumber": "11203",
    "name": "kaas-ham rolletjes",
    "description": "*Voorverwarmde oven\n160° 20 à 25 Min",
    "thumbNail": "https://static.colruytgroup.com/images/200x200/std.lang.all/55/92/asset-2665592.jpg",
    "fullImage": "https://static.colruytgroup.com/images/500x500/std.lang.all/55/92/asset-2665592.jpg",
    "squareImage": "https://static.colruytgroup.com/images/500x500sq/std.lang.all/55/92/asset-2665592.jpg",
    "content": "2 stuks",
    "walkRouteSequenceNumber": 19383,
    "price": {
      "basicPrice": 6,
      "recommendedQuantity": "1.0",
      "measurementUnitPrice": 18.75,
      "measurementUnit": "K",
      "isRedPrice": false,
      "pricePerUOM": 18.75,
      "activationDate": "17-02-2024",
      "recordSource": "Offline",
      "isPromoActive": "N",
      "priceChangeCode": "E"
    },
    "isAvailable": true,
    "isPriceAvailable": true,
    "inPromo": false,
    "gtin": [
      "05400141112030"
    ],
    "topCategoryName": "Colruyt-beenhouwerij",
    "topCategoryId": "33",
    "businessDomain": "RETAIL_BE",
    "IsPrivateLabel": true,
    "IsBiffe": false,
    "WeightconversionFactor": "0",
    "IsWeightArticle": false,
    "IsBio": false,
    "CountryOfOrigin": "BELGIË",
    "IsExclusivelySoldInLuxembourg": false,
    "OrderUnit": "P",
    "ShortName": "KAASROLLETJE 2ST",
    "IsNew": false,
    "RecentQuanityOfStockUnits": "1,1",
    "LongName": "kaas-ham rolletjes 2 stuks",
    "AlcoholVolume": "0",
    "FicCode": "I"
  },
  {
    "productId": "258727",
    "technicalArticleNumber": "3582488",
    "commercialArticleNumber": "17490",
    "name": "kipfilet champignonsaus",
    "description": "*Voorverwarmde oven\nop 150° +-30 min.\n*Microgolf 750W\n7 tot 8 min.",
    "thumbNail": "https://static.colruytgroup.com/images/200x200/std.lang.all/04/04/asset-2520404.jpg",
    "fullImage": "https://static.colruytgroup.com/images/500x500/std.lang.all/04/04/asset-2520404.jpg",
    "squareImage": "https://static.colruytgroup.com/images/500x500sq/std.lang.all/04/04/asset-2520404.jpg",
    "content": "±600g",
    "walkRouteSequenceNumber": 19598,
    "price": {
      "basicPrice": 13.4,
      "recommendedQuantity": "0.6",
      "unit": "K",
      "measurementUnitPrice": 13.4,
      "measurementUnit": "K",
      "isRedPrice": false,
      "pricePerUOM": 13.4,
      "activationDate": "02-01-2024",
      "isPromoActive": "N",
      "priceChangeCode": "E"
    },
    "isAvailable": true,
    "isPriceAvailable": true,
    "inPromo": false,
    "topCategoryName": "Colruyt-beenhouwerij",
    "topCategoryId": "33",
    "businessDomain": "RETAIL_BE",
    "IsPrivateLabel": true,
    "IsBiffe": false,
    "WeightconversionFactor": "600",
    "IsWeightArticle": true,
    "nutriscoreLabel": "C",
    "IsBio": false,
    "IsExclusivelySoldInLuxembourg": false,
    "OrderUnit": "P",
    "ShortName": "KIPFILET CHAMPIGNONS",
    "IsNew": false,
    "RecentQuanityOfStockUnits": "1,1",
    "LongName": "kipfilet champignonsaus ±600g",
    "AlcoholVolume": "0",
    "FicCode": "I"
  },
  {
    "productId": "258103",
    "technicalArticleNumber": "3582445",
    "commercialArticleNumber": "17252",
    "name": "Linguini Bolognese",
    "description": "*Voorverwarmde oven\nop 150° +-35 min.\nLaatste 2 min grill\n*Microgolf 750W\n5 tot 6 min.",
    "thumbNail": "https://static.colruytgroup.com/images/200x200/std.lang.all/65/21/asset-2366521.jpg",
    "fullImage": "https://static.colruytgroup.com/images/500x500/std.lang.all/65/21/asset-2366521.jpg",
    "squareImage": "https://static.colruytgroup.com/images/500x500sq/std.lang.all/65/21/asset-2366521.jpg",
    "content": "±600g",
    "walkRouteSequenceNumber": 19589,
    "price": {
      "basicPrice": 9.75,
      "recommendedQuantity": "0.6",
      "unit": "K",
      "measurementUnitPrice": 9.75,
      "measurementUnit": "K",
      "isRedPrice": false,
      "pricePerUOM": 9.75,
      "activationDate": "14-02-2024",
      "isPromoActive": "N",
      "priceChangeCode": "E"
    },
    "isAvailable": true,
    "isPriceAvailable": true,
    "inPromo": false,
    "topCategoryName": "Colruyt-beenhouwerij",
    "topCategoryId": "33",
    "businessDomain": "RETAIL_BE",
    "IsPrivateLabel": true,
    "IsBiffe": false,
    "WeightconversionFactor": "600",
    "IsWeightArticle": true,
    "nutriscoreLabel": "B",
    "IsBio": false,
    "IsExclusivelySoldInLuxembourg": false,
    "OrderUnit": "P",
    "ShortName": "LINGUINE BOLOGNESE",
    "IsNew": false,
    "RecentQuanityOfStockUnits": "1,1",
    "LongName": "Linguini Bolognese ±600g",
    "AlcoholVolume": "0",
    "FicCode": "I"
  },
  {
    "productId": "65781",
    "technicalArticleNumber": "2750857",
    "commercialArticleNumber": "11030",
    "name": "kippenburger val dieu",
    "description": "*Kippenburger Val\nDieu\n*België",
    "thumbNail": "https://static.colruytgroup.com/images/200x200/std.lang.all/34/23/asset-333423.jpg",
    "fullImage": "https://static.colruytgroup.com/images/500x500/std.lang.all/34/23/asset-333423.jpg",
    "squareImage": "https://static.colruytgroup.com/images/500x500sq/std.lang.all/34/23/asset-333423.jpg",
    "content": "2x±125g",
    "walkRouteSequenceNumber": 19379,
    "price": {
      "basicPrice": 16.49,
      "recommendedQuantity": "0.3",
      "unit": "K",
      "measurementUnitPrice": 16.49,
      "measurementUnit": "K",
      "isRedPrice": false,
      "pricePerUOM": 16.49,
      "activationDate": "16-03-2024",
      "recordSource": "Offline",
      "isPromoActive": "N",
      "priceChangeCode": "H"
    },
    "isAvailable": true,
    "isPriceAvailable": true,
    "inPromo": false,
    "topCategoryName": "Colruyt-beenhouwerij",
    "topCategoryId": "33",
    "businessDomain": "RETAIL_BE",
    "IsPrivateLabel": false,
    "IsBiffe": false,
    "WeightconversionFactor": "260",
    "IsWeightArticle": true,
    "nutriscoreLabel": "C",
    "IsBio": false,
    "CountryOfOrigin": "BELGIË",
    "IsExclusivelySoldInLuxembourg": false,
    "OrderUnit": "P",
    "ShortName": "KIPPENBURGER VAL DIEU",
    "IsNew": false,
    "EcoscoreLabel": "E",
    "RecentQuanityOfStockUnits": "1,1",
    "LongName": "kippenburger val dieu 2x±125g",
    "AlcoholVolume": "0",
    "FicCode": "I",
    "EcoscoreValue": "16"
  },
  {
    "productId": "8348",
    "technicalArticleNumber": "1159223",
    "commercialArticleNumber": "10130",
    "name": "BH Lamskoteletten",
    "description": "*Met been, rug\n*+-70g stuk\n*Bak in de pan,\n2 à 5 min aan\nbeide kanten.",
    "thumbNail": "https://static.colruytgroup.com/images/200x200/std.lang.all/46/87/asset-2384687.jpg",
    "fullImage": "https://static.colruytgroup.com/images/500x500/std.lang.all/46/87/asset-2384687.jpg",
    "squareImage": "https://static.colruytgroup.com/images/500x500sq/std.lang.all/46/87/asset-2384687.jpg",
    "walkRouteSequenceNumber": 19200,
    "price": {
      "basicPrice": 21.9,
      "recommendedQuantity": "1.0",
      "unit": "K",
      "measurementUnitPrice": 21.9,
      "measurementUnit": "K",
      "isRedPrice": false,
      "pricePerUOM": 21.9,
      "activationDate": "22-02-2024",
      "recordSource": "Offline",
      "isPromoActive": "N",
      "priceChangeCode": "H"
    },
    "isAvailable": true,
    "isPriceAvailable": true,
    "inPromo": false,
    "topCategoryName": "Colruyt-beenhouwerij",
    "topCategoryId": "33",
    "businessDomain": "RETAIL_BE",
    "IsPrivateLabel": false,
    "IsBiffe": false,
    "WeightconversionFactor": "100",
    "IsWeightArticle": true,
    "nutriscoreLabel": "B",
    "IsBio": false,
    "CountryOfOrigin": "VERENIGD KONINKRIJK",
    "IsExclusivelySoldInLuxembourg": false,
    "OrderUnit": "P",
    "ShortName": "BH LAMSKOTELETTEN W",
    "IsNew": false,
    "EcoscoreLabel": "E",
    "RecentQuanityOfStockUnits": "1,1",
    "LongName": "BH Lamskoteletten",
    "AlcoholVolume": "0",
    "FicCode": "I",
    "EcoscoreValue": "0"
  },
  {
    "productId": "7943",
    "technicalArticleNumber": "1158834",
    "commercialArticleNumber": "10070",
    "name": "Welzijnsbraadkip",
    "description": "*België\n*±1,3 kg\n*Bak +- 1u op 180°\n*Verhitten tot in\nde kern",
    "thumbNail": "https://static.colruytgroup.com/images/200x200/std.lang.all/54/76/asset-3275476.jpg",
    "fullImage": "https://static.colruytgroup.com/images/500x500/std.lang.all/54/76/asset-3275476.jpg",
    "squareImage": "https://static.colruytgroup.com/images/500x500sq/std.lang.all/54/76/asset-3275476.jpg",
    "content": "±1,3kg",
    "walkRouteSequenceNumber": 19166,
    "price": {
      "basicPrice": 5,
      "recommendedQuantity": "1.2",
      "unit": "K",
      "measurementUnitPrice": 5,
      "measurementUnit": "K",
      "isRedPrice": true,
      "redPriceReason": "Promo",
      "pricePerUOM": 5,
      "activationDate": "18-03-2024",
      "isPromoActive": "Y",
      "priceChangeCode": "L"
    },
    "isAvailable": true,
    "isPriceAvailable": true,
    "inPromo": false,
    "topCategoryName": "Colruyt-beenhouwerij",
    "topCategoryId": "33",
    "businessDomain": "RETAIL_BE",
    "IsPrivateLabel": false,
    "IsBiffe": false,
    "WeightconversionFactor": "1200",
    "IsWeightArticle": true,
    "nutriscoreLabel": "A",
    "IsBio": false,
    "CountryOfOrigin": "FRANKRIJK",
    "IsExclusivelySoldInLuxembourg": false,
    "OrderUnit": "P",
    "ShortName": "WELZIJNSBRAADKIP +-1.3K",
    "IsNew": false,
    "EcoscoreLabel": "D",
    "RecentQuanityOfStockUnits": "1,1",
    "LongName": "Welzijnsbraadkip ±1,3kg",
    "AlcoholVolume": "0",
    "FicCode": "I",
    "EcoscoreValue": "21"
  },
  {
    "productId": "7844",
    "technicalArticleNumber": "1158648",
    "commercialArticleNumber": "10046",
    "name": "drierib",
    "description": "*Doorregen\n*2cm +-500g\n*Bakken naar wens",
    "thumbNail": "https://static.colruytgroup.com/images/200x200/std.lang.all/39/92/asset-333992.jpg",
    "fullImage": "https://static.colruytgroup.com/images/500x500/std.lang.all/39/92/asset-333992.jpg",
    "squareImage": "https://static.colruytgroup.com/images/500x500sq/std.lang.all/39/92/asset-333992.jpg",
    "walkRouteSequenceNumber": 19146,
    "price": {
      "basicPrice": 15.95,
      "recommendedQuantity": "0.5",
      "unit": "K",
      "measurementUnitPrice": 15.95,
      "measurementUnit": "K",
      "isRedPrice": false,
      "pricePerUOM": 15.95,
      "activationDate": "14-11-2023",
      "isPromoActive": "N",
      "priceChangeCode": "E"
    },
    "isAvailable": true,
    "isPriceAvailable": true,
    "inPromo": false,
    "topCategoryName": "Colruyt-beenhouwerij",
    "topCategoryId": "33",
    "businessDomain": "RETAIL_BE",
    "IsPrivateLabel": false,
    "IsBiffe": false,
    "WeightconversionFactor": "500",
    "IsWeightArticle": true,
    "nutriscoreLabel": "A",
    "IsBio": false,
    "CountryOfOrigin": "BELGIË",
    "IsExclusivelySoldInLuxembourg": false,
    "OrderUnit": "P",
    "ShortName": "DRIERIB W.",
    "IsNew": false,
    "EcoscoreLabel": "E",
    "RecentQuanityOfStockUnits": "1,1",
    "LongName": "drierib",
    "AlcoholVolume": "0",
    "FicCode": "I",
    "EcoscoreValue": "0"
  },
  {
    "productId": "6757",
    "technicalArticleNumber": "1159414",
    "commercialArticleNumber": "10145",
    "name": "varkenssneden",
    "description": "*Magere hespesnede\nzonder been ±1cm\n*België\n*5 à 6 min bakken\naan beide kanten",
    "thumbNail": "https://static.colruytgroup.com/images/200x200/std.lang.all/54/82/asset-375482.jpg",
    "fullImage": "https://static.colruytgroup.com/images/500x500/std.lang.all/54/82/asset-375482.jpg",
    "squareImage": "https://static.colruytgroup.com/images/500x500sq/std.lang.all/54/82/asset-375482.jpg",
    "walkRouteSequenceNumber": 19213,
    "price": {
      "basicPrice": 11.38,
      "recommendedQuantity": "0.9",
      "unit": "K",
      "measurementUnitPrice": 11.38,
      "measurementUnit": "K",
      "isRedPrice": false,
      "pricePerUOM": 11.38,
      "activationDate": "19-03-2024",
      "recordSource": "Offline",
      "isPromoActive": "N",
      "priceChangeCode": "H"
    },
    "isAvailable": true,
    "isPriceAvailable": true,
    "inPromo": false,
    "gtin": [
      "05400141121452"
    ],
    "topCategoryName": "Colruyt-beenhouwerij",
    "topCategoryId": "33",
    "businessDomain": "RETAIL_BE",
    "IsPrivateLabel": false,
    "IsBiffe": false,
    "WeightconversionFactor": "180",
    "IsWeightArticle": true,
    "nutriscoreLabel": "B",
    "IsBio": false,
    "CountryOfOrigin": "BELGIË",
    "IsExclusivelySoldInLuxembourg": false,
    "OrderUnit": "P",
    "ShortName": "VARKENSSNEDEN",
    "IsNew": false,
    "EcoscoreLabel": "E",
    "RecentQuanityOfStockUnits": "1,1",
    "LongName": "varkenssneden",
    "AlcoholVolume": "0",
    "FicCode": "I",
    "EcoscoreValue": "0"
  },
  {
    "productId": "7701",
    "technicalArticleNumber": "1161823",
    "commercialArticleNumber": "10351",
    "name": "varkensbrochette",
    "description": "*Lichte paprika\nsmaak,uien\n*±150 g stuk\n*Bak ±5 min aan\nelke kant",
    "thumbNail": "https://static.colruytgroup.com/images/200x200/std.lang.all/54/83/asset-375483.jpg",
    "fullImage": "https://static.colruytgroup.com/images/500x500/std.lang.all/54/83/asset-375483.jpg",
    "squareImage": "https://static.colruytgroup.com/images/500x500sq/std.lang.all/54/83/asset-375483.jpg",
    "walkRouteSequenceNumber": 19261,
    "price": {
      "basicPrice": 13.45,
      "recommendedQuantity": "0.8",
      "unit": "K",
      "measurementUnitPrice": 13.45,
      "measurementUnit": "K",
      "isRedPrice": true,
      "redPriceReason": "Promo",
      "pricePerUOM": 13.45,
      "activationDate": "20-03-2024",
      "isPromoActive": "Y",
      "priceChangeCode": "L"
    },
    "isAvailable": true,
    "isPriceAvailable": true,
    "inPromo": false,
    "gtin": [
      "05400141153514"
    ],
    "topCategoryName": "Colruyt-beenhouwerij",
    "topCategoryId": "33",
    "businessDomain": "RETAIL_BE",
    "IsPrivateLabel": true,
    "IsBiffe": false,
    "WeightconversionFactor": "200",
    "IsWeightArticle": true,
    "nutriscoreLabel": "C",
    "IsBio": false,
    "CountryOfOrigin": "BELGIË",
    "IsExclusivelySoldInLuxembourg": false,
    "OrderUnit": "P",
    "ShortName": "GEMAR VARKENSBROCHET W",
    "IsNew": false,
    "RecentQuanityOfStockUnits": "1,1",
    "LongName": "varkensbrochette",
    "AlcoholVolume": "0",
    "FicCode": "I"
  },
  {
    "productId": "230373",
    "technicalArticleNumber": "3579227",
    "commercialArticleNumber": "16387",
    "name": "kippenvleesbrood",
    "description": "*Meer kippenvlees\n*In de oven gebakken\n*Belgie",
    "brand": "COLRUYT",
    "seoBrand": "Colruyt",
    "thumbNail": "https://static.colruytgroup.com/images/200x200/std.lang.all/80/61/asset-2708061.jpg",
    "fullImage": "https://static.colruytgroup.com/images/500x500/std.lang.all/80/61/asset-2708061.jpg",
    "squareImage": "https://static.colruytgroup.com/images/500x500sq/std.lang.all/80/61/asset-2708061.jpg",
    "content": "160g",
    "walkRouteSequenceNumber": 8023,
    "price": {
      "basicPrice": 3.11,
      "recommendedQuantity": "1.0",
      "measurementUnitPrice": 19.44,
      "measurementUnit": "K",
      "isRedPrice": false,
      "pricePerUOM": 19.44,
      "activationDate": "23-03-2024",
      "recordSource": "Offline",
      "isPromoActive": "N",
      "priceChangeCode": "H"
    },
    "isAvailable": true,
    "isPriceAvailable": true,
    "inPromo": false,
    "gtin": [
      "05400141426342",
      "05400141392074"
    ],
    "topCategoryName": "Colruyt-beenhouwerij",
    "topCategoryId": "33",
    "businessDomain": "RETAIL_BE",
    "IsPrivateLabel": true,
    "IsBiffe": false,
    "WeightconversionFactor": "0",
    "IsWeightArticle": false,
    "nutriscoreLabel": "D",
    "IsBio": false,
    "CountryOfOrigin": "BELGIË",
    "IsExclusivelySoldInLuxembourg": false,
    "OrderUnit": "P",
    "ShortName": "ZBH KIPVLEESBROOD 160G",
    "IsNew": false,
    "EcoscoreLabel": "C",
    "RecentQuanityOfStockUnits": "1",
    "LongName": "COLRUYT kippenvleesbrood 160g",
    "AlcoholVolume": "0",
    "FicCode": "I",
    "EcoscoreValue": "48"
  },
  {
    "productId": "242388",
    "technicalArticleNumber": "3556397",
    "commercialArticleNumber": "15676",
    "name": "ambacht.worst pur porc",
    "description": "*Ambachtelijk recept\n*Natuurlijke darm.\n*Belgie",
    "brand": "COLRUYT",
    "seoBrand": "Colruyt",
    "thumbNail": "https://static.colruytgroup.com/images/200x200/std.lang.all/80/57/asset-2708057.jpg",
    "fullImage": "https://static.colruytgroup.com/images/500x500/std.lang.all/80/57/asset-2708057.jpg",
    "squareImage": "https://static.colruytgroup.com/images/500x500sq/std.lang.all/80/57/asset-2708057.jpg",
    "content": "150g",
    "walkRouteSequenceNumber": 8026,
    "price": {
      "basicPrice": 4.37,
      "recommendedQuantity": "1.0",
      "measurementUnitPrice": 29.14,
      "measurementUnit": "K",
      "isRedPrice": false,
      "pricePerUOM": 29.14,
      "activationDate": "14-12-2022",
      "recordSource": "Offline",
      "isPromoActive": "N",
      "priceChangeCode": "H"
    },
    "isAvailable": true,
    "isPriceAvailable": true,
    "inPromo": false,
    "gtin": [
      "05400141291766",
      "05400141530995",
      "05400141069587",
      "15400141530992"
    ],
    "topCategoryName": "Colruyt-beenhouwerij",
    "topCategoryId": "33",
    "businessDomain": "RETAIL_BE",
    "IsPrivateLabel": true,
    "IsBiffe": false,
    "WeightconversionFactor": "0",
    "IsWeightArticle": false,
    "nutriscoreLabel": "E",
    "IsBio": false,
    "CountryOfOrigin": "BELGIË",
    "IsExclusivelySoldInLuxembourg": false,
    "OrderUnit": "P",
    "ShortName": "ZBH AMB.WORST P.POR150G",
    "IsNew": false,
    "EcoscoreLabel": "C",
    "RecentQuanityOfStockUnits": "1",
    "LongName": "COLRUYT ambacht.worst pur porc 150g",
    "AlcoholVolume": "0",
    "FicCode": "I",
    "EcoscoreValue": "52"
  },
  {
    "productId": "7764",
    "technicalArticleNumber": "1158642",
    "commercialArticleNumber": "10041",
    "name": "gepelde biefstuk cat.I",
    "description": "*Zwelt bij bakken\n*Idéale Bakwijze\nPan of Gegrild\n*±170g",
    "thumbNail": "https://static.colruytgroup.com/images/200x200/std.lang.all/18/53/asset-341853.jpg",
    "fullImage": "https://static.colruytgroup.com/images/500x500/std.lang.all/18/53/asset-341853.jpg",
    "squareImage": "https://static.colruytgroup.com/images/500x500sq/std.lang.all/18/53/asset-341853.jpg",
    "walkRouteSequenceNumber": 19141,
    "price": {
      "basicPrice": 19.79,
      "recommendedQuantity": "0.9",
      "unit": "K",
      "measurementUnitPrice": 19.79,
      "measurementUnit": "K",
      "isRedPrice": false,
      "pricePerUOM": 19.79,
      "activationDate": "05-03-2024",
      "recordSource": "Offline",
      "isPromoActive": "N",
      "priceChangeCode": "L"
    },
    "isAvailable": true,
    "isPriceAvailable": true,
    "inPromo": false,
    "topCategoryName": "Colruyt-beenhouwerij",
    "topCategoryId": "33",
    "businessDomain": "RETAIL_BE",
    "IsPrivateLabel": false,
    "IsBiffe": false,
    "WeightconversionFactor": "180",
    "IsWeightArticle": true,
    "nutriscoreLabel": "A",
    "IsBio": false,
    "CountryOfOrigin": "BELGIË",
    "IsExclusivelySoldInLuxembourg": false,
    "OrderUnit": "P",
    "ShortName": "GEPELDE BIEFSTUK W",
    "IsNew": false,
    "EcoscoreLabel": "E",
    "RecentQuanityOfStockUnits": "1,1,1",
    "LongName": "gepelde biefstuk cat.I",
    "AlcoholVolume": "0",
    "FicCode": "I",
    "EcoscoreValue": "0"
  },
  {
    "productId": "7934",
    "technicalArticleNumber": "1158795",
    "commercialArticleNumber": "10061",
    "name": "kalfssneden",
    "description": "*Magere sneden\n*+-160g\n*+-2 à 3 min bakken\naan beide kanten",
    "thumbNail": "https://static.colruytgroup.com/images/200x200/std.lang.all/22/77/asset-2042277.jpg",
    "fullImage": "https://static.colruytgroup.com/images/500x500/std.lang.all/22/77/asset-2042277.jpg",
    "squareImage": "https://static.colruytgroup.com/images/500x500sq/std.lang.all/22/77/asset-2042277.jpg",
    "walkRouteSequenceNumber": 19159,
    "price": {
      "basicPrice": 20.49,
      "recommendedQuantity": "0.9",
      "unit": "K",
      "measurementUnitPrice": 20.49,
      "measurementUnit": "K",
      "isRedPrice": false,
      "pricePerUOM": 20.49,
      "activationDate": "07-03-2024",
      "recordSource": "Offline",
      "isPromoActive": "N",
      "priceChangeCode": "H"
    },
    "isAvailable": true,
    "isPriceAvailable": true,
    "inPromo": false,
    "topCategoryName": "Colruyt-beenhouwerij",
    "topCategoryId": "33",
    "businessDomain": "RETAIL_BE",
    "IsPrivateLabel": false,
    "IsBiffe": false,
    "WeightconversionFactor": "180",
    "IsWeightArticle": true,
    "nutriscoreLabel": "A",
    "IsBio": false,
    "CountryOfOrigin": "BELGIË",
    "IsExclusivelySoldInLuxembourg": false,
    "OrderUnit": "P",
    "ShortName": "KALFSSNEDEN W",
    "IsNew": false,
    "EcoscoreLabel": "E",
    "RecentQuanityOfStockUnits": "1,1",
    "LongName": "kalfssneden",
    "AlcoholVolume": "0",
    "FicCode": "I",
    "EcoscoreValue": "0"
  },
  {
    "productId": "686449",
    "technicalArticleNumber": "4409943",
    "commercialArticleNumber": "24947",
    "name": "gemarineerde aardappelen",
    "description": "*Marinade met look\n*Voorverwarmde oven\n150° ±25 à 30 Min",
    "thumbNail": "https://static.colruytgroup.com/images/200x200/std.lang.all/97/15/asset-2779715.jpg",
    "fullImage": "https://static.colruytgroup.com/images/500x500/std.lang.all/97/15/asset-2779715.jpg",
    "squareImage": "https://static.colruytgroup.com/images/500x500sq/std.lang.all/97/15/asset-2779715.jpg",
    "content": "±660g",
    "walkRouteSequenceNumber": 19090,
    "price": {
      "basicPrice": 5.88,
      "recommendedQuantity": "0.7",
      "unit": "K",
      "measurementUnitPrice": 5.88,
      "measurementUnit": "K",
      "isRedPrice": false,
      "pricePerUOM": 5.88,
      "activationDate": "12-07-2023",
      "isPromoActive": "N",
      "priceChangeCode": "E"
    },
    "isAvailable": true,
    "isPriceAvailable": true,
    "inPromo": false,
    "topCategoryName": "Colruyt-beenhouwerij",
    "topCategoryId": "33",
    "businessDomain": "RETAIL_BE",
    "IsPrivateLabel": false,
    "IsBiffe": false,
    "WeightconversionFactor": "660",
    "IsWeightArticle": true,
    "nutriscoreLabel": "C",
    "IsBio": false,
    "CountryOfOrigin": "BELGIË",
    "IsExclusivelySoldInLuxembourg": false,
    "OrderUnit": "P",
    "ShortName": "GEMAR AARDAPPELEN 660G",
    "IsNew": false,
    "EcoscoreLabel": "B",
    "RecentQuanityOfStockUnits": "1,1",
    "LongName": "gemarineerde aardappelen ±660g",
    "AlcoholVolume": "0",
    "FicCode": "I",
    "EcoscoreValue": "76"
  },
  {
    "productId": "111504",
    "technicalArticleNumber": "3032853",
    "commercialArticleNumber": "10730",
    "name": "Elzasser Flamkuche",
    "description": "*Spekreepjes,Ui,\nRoom,Kaas\n*2 x 120 g\n*5 à 7 min op 250°",
    "thumbNail": "https://static.colruytgroup.com/images/200x200/std.lang.all/10/44/asset-2351044.jpg",
    "fullImage": "https://static.colruytgroup.com/images/500x500/std.lang.all/10/44/asset-2351044.jpg",
    "squareImage": "https://static.colruytgroup.com/images/500x500sq/std.lang.all/10/44/asset-2351044.jpg",
    "content": "1 verp.=2x120g",
    "walkRouteSequenceNumber": 19335,
    "price": {
      "basicPrice": 3.95,
      "recommendedQuantity": "1.0",
      "measurementUnitPrice": 16.46,
      "measurementUnit": "K",
      "isRedPrice": false,
      "pricePerUOM": 16.46,
      "activationDate": "11-10-2023",
      "isPromoActive": "N",
      "priceChangeCode": "H"
    },
    "isAvailable": true,
    "isPriceAvailable": true,
    "inPromo": false,
    "topCategoryName": "Colruyt-beenhouwerij",
    "topCategoryId": "33",
    "businessDomain": "RETAIL_BE",
    "IsPrivateLabel": true,
    "IsBiffe": false,
    "WeightconversionFactor": "0",
    "IsWeightArticle": false,
    "IsBio": false,
    "IsExclusivelySoldInLuxembourg": false,
    "OrderUnit": "P",
    "ShortName": "ELZASSER FLAMKUCH 240G",
    "IsNew": false,
    "RecentQuanityOfStockUnits": "1,1",
    "LongName": "Elzasser Flamkuche 1 verp.=2x120g",
    "AlcoholVolume": "0",
    "FicCode": "I"
  },
  {
    "productId": "258733",
    "technicalArticleNumber": "3582495",
    "commercialArticleNumber": "17524",
    "name": "kipfilet pepersaus",
    "description": "*Voorverwarmde oven\nop 150° +-30 min.\n*Microgolf 750W\n7 tot 8 min.",
    "thumbNail": "https://static.colruytgroup.com/images/200x200/std.lang.all/59/68/asset-3275968.jpg",
    "fullImage": "https://static.colruytgroup.com/images/500x500/std.lang.all/59/68/asset-3275968.jpg",
    "squareImage": "https://static.colruytgroup.com/images/500x500sq/std.lang.all/59/68/asset-3275968.jpg",
    "content": "±600g",
    "walkRouteSequenceNumber": 19599,
    "price": {
      "basicPrice": 13.4,
      "recommendedQuantity": "0.6",
      "unit": "K",
      "measurementUnitPrice": 13.4,
      "measurementUnit": "K",
      "isRedPrice": false,
      "pricePerUOM": 13.4,
      "activationDate": "02-01-2024",
      "isPromoActive": "N",
      "priceChangeCode": "E"
    },
    "isAvailable": true,
    "isPriceAvailable": true,
    "inPromo": false,
    "topCategoryName": "Colruyt-beenhouwerij",
    "topCategoryId": "33",
    "businessDomain": "RETAIL_BE",
    "IsPrivateLabel": true,
    "IsBiffe": false,
    "WeightconversionFactor": "600",
    "IsWeightArticle": true,
    "nutriscoreLabel": "C",
    "IsBio": false,
    "IsExclusivelySoldInLuxembourg": false,
    "OrderUnit": "P",
    "ShortName": "KIPFILET PEPERSAUS...",
    "IsNew": false,
    "RecentQuanityOfStockUnits": "1,1",
    "LongName": "kipfilet pepersaus ±600g",
    "AlcoholVolume": "0",
    "FicCode": "I"
  },
  {
    "productId": "32648",
    "technicalArticleNumber": "1681995",
    "commercialArticleNumber": "10545",
    "name": "kalfsescalope",
    "description": "*dikte +- 0,5cm\n*tss 120g à 170g\n*Kort bakken\naan beide kanten",
    "thumbNail": "https://static.colruytgroup.com/images/200x200/std.lang.all/39/91/asset-333991.jpg",
    "fullImage": "https://static.colruytgroup.com/images/500x500/std.lang.all/39/91/asset-333991.jpg",
    "squareImage": "https://static.colruytgroup.com/images/500x500sq/std.lang.all/39/91/asset-333991.jpg",
    "walkRouteSequenceNumber": 19300,
    "price": {
      "basicPrice": 26.85,
      "recommendedQuantity": "0.5",
      "unit": "K",
      "measurementUnitPrice": 26.85,
      "measurementUnit": "K",
      "isRedPrice": false,
      "pricePerUOM": 26.85,
      "activationDate": "22-03-2024",
      "recordSource": "Offline",
      "isPromoActive": "N",
      "priceChangeCode": "E"
    },
    "isAvailable": true,
    "isPriceAvailable": true,
    "inPromo": false,
    "topCategoryName": "Colruyt-beenhouwerij",
    "topCategoryId": "33",
    "businessDomain": "RETAIL_BE",
    "IsPrivateLabel": true,
    "IsBiffe": false,
    "WeightconversionFactor": "100",
    "IsWeightArticle": true,
    "nutriscoreLabel": "A",
    "IsBio": false,
    "CountryOfOrigin": "BELGIË",
    "IsExclusivelySoldInLuxembourg": false,
    "OrderUnit": "P",
    "ShortName": "KALFSESCALOPE         W",
    "IsNew": false,
    "RecentQuanityOfStockUnits": "1,1",
    "LongName": "kalfsescalope",
    "AlcoholVolume": "0",
    "FicCode": "I"
  },
  {
    "productId": "455311",
    "technicalArticleNumber": "4032735",
    "commercialArticleNumber": "11372",
    "name": "salami met look",
    "brand": "COLRUYT",
    "seoBrand": "Colruyt",
    "thumbNail": "https://static.colruytgroup.com/images/200x200/std.lang.all/53/85/asset-2875385.jpg",
    "fullImage": "https://static.colruytgroup.com/images/500x500/std.lang.all/53/85/asset-2875385.jpg",
    "squareImage": "https://static.colruytgroup.com/images/500x500sq/std.lang.all/53/85/asset-2875385.jpg",
    "content": "150g",
    "walkRouteSequenceNumber": 8024,
    "price": {
      "basicPrice": 2.49,
      "recommendedQuantity": "1.0",
      "measurementUnitPrice": 16.6,
      "measurementUnit": "K",
      "isRedPrice": false,
      "pricePerUOM": 16.6,
      "activationDate": "22-03-2024",
      "recordSource": "Offline",
      "isPromoActive": "N",
      "priceChangeCode": "L"
    },
    "isAvailable": true,
    "isPriceAvailable": true,
    "inPromo": false,
    "gtin": [
      "05400141242997",
      "05400141454406",
      "05400141840049"
    ],
    "topCategoryName": "Colruyt-beenhouwerij",
    "topCategoryId": "33",
    "businessDomain": "RETAIL_BE",
    "IsPrivateLabel": true,
    "IsBiffe": false,
    "WeightconversionFactor": "0",
    "IsWeightArticle": false,
    "nutriscoreLabel": "E",
    "IsBio": false,
    "CountryOfOrigin": "BELGIË",
    "IsExclusivelySoldInLuxembourg": false,
    "OrderUnit": "P",
    "ShortName": "ZBH SALAMI LOOK 150G",
    "InSeason": true,
    "IsNew": false,
    "EcoscoreLabel": "E",
    "RecentQuanityOfStockUnits": "1",
    "LongName": "COLRUYT salami met look 150g",
    "AlcoholVolume": "0",
    "StartSeasonDate": "08/12/2021",
    "FicCode": "I",
    "EcoscoreValue": "16"
  },
  {
    "productId": "682046",
    "technicalArticleNumber": "4401749",
    "commercialArticleNumber": "24655",
    "name": "Blokpastei",
    "brand": "COLRUYT",
    "seoBrand": "Colruyt",
    "thumbNail": "https://static.colruytgroup.com/images/200x200/std.lang.all/02/02/asset-2930202.jpg",
    "fullImage": "https://static.colruytgroup.com/images/500x500/std.lang.all/02/02/asset-2930202.jpg",
    "squareImage": "https://static.colruytgroup.com/images/500x500sq/std.lang.all/02/02/asset-2930202.jpg",
    "content": "170g",
    "walkRouteSequenceNumber": 8010,
    "price": {
      "basicPrice": 2.7,
      "recommendedQuantity": "1.0",
      "measurementUnitPrice": 15.89,
      "measurementUnit": "K",
      "isRedPrice": false,
      "pricePerUOM": 15.89,
      "activationDate": "10-08-2023",
      "recordSource": "Offline",
      "isPromoActive": "N",
      "priceChangeCode": "L"
    },
    "isAvailable": true,
    "isPriceAvailable": true,
    "inPromo": false,
    "gtin": [
      "05400141731521"
    ],
    "topCategoryName": "Colruyt-beenhouwerij",
    "topCategoryId": "33",
    "businessDomain": "RETAIL_BE",
    "IsPrivateLabel": true,
    "IsBiffe": false,
    "WeightconversionFactor": "0",
    "IsWeightArticle": false,
    "nutriscoreLabel": "E",
    "IsBio": false,
    "CountryOfOrigin": "BELGIË",
    "IsExclusivelySoldInLuxembourg": false,
    "OrderUnit": "P",
    "ShortName": "ZBH BLOKPATE 170G",
    "IsNew": false,
    "EcoscoreLabel": "E",
    "RecentQuanityOfStockUnits": "1",
    "LongName": "COLRUYT Blokpastei 170g",
    "AlcoholVolume": "0",
    "FicCode": "I",
    "EcoscoreValue": "19"
  },
  {
    "productId": "899412",
    "technicalArticleNumber": "4757142",
    "commercialArticleNumber": "21300",
    "name": "GEHAKT VARKEN RUND",
    "description": "*Varken- rundsvlees\ngekruid\n*om te bakken",
    "thumbNail": "https://static.colruytgroup.com/images/200x200/std.lang.all/99/29/asset-3309929.jpg",
    "fullImage": "https://static.colruytgroup.com/images/500x500/std.lang.all/99/29/asset-3309929.jpg",
    "squareImage": "https://static.colruytgroup.com/images/500x500sq/std.lang.all/99/29/asset-3309929.jpg",
    "content": "±500g",
    "walkRouteSequenceNumber": 18768,
    "price": {
      "basicPrice": 8.3,
      "recommendedQuantity": "0.5",
      "unit": "K",
      "measurementUnitPrice": 8.3,
      "measurementUnit": "K",
      "isRedPrice": false,
      "pricePerUOM": 8.3,
      "activationDate": "21-03-2024",
      "recordSource": "Offline",
      "isPromoActive": "N",
      "priceChangeCode": "L"
    },
    "isAvailable": true,
    "isPriceAvailable": true,
    "inPromo": false,
    "gtin": [
      "95400141617972",
      "05400141617979"
    ],
    "topCategoryName": "Colruyt-beenhouwerij",
    "topCategoryId": "33",
    "businessDomain": "RETAIL_BE",
    "IsPrivateLabel": false,
    "IsBiffe": false,
    "WeightconversionFactor": "500",
    "IsWeightArticle": true,
    "nutriscoreLabel": "D",
    "IsBio": false,
    "CountryOfOrigin": "BELGIË",
    "IsExclusivelySoldInLuxembourg": false,
    "OrderUnit": "P",
    "ShortName": "GEHAKT VARK.RUND+-500GW",
    "IsNew": false,
    "EcoscoreLabel": "E",
    "RecentQuanityOfStockUnits": "1,1,1",
    "LongName": "GEHAKT VARKEN RUND ±500g",
    "FicCode": "I",
    "EcoscoreValue": "0"
  },
  {
    "productId": "225034",
    "technicalArticleNumber": "3559466",
    "commercialArticleNumber": "11374",
    "name": "gerookte paardenfilet",
    "description": "*Ambachtelijk\nproduct gezouten en\ngerookt.\n*Belgie",
    "brand": "COLRUYT",
    "seoBrand": "Colruyt",
    "thumbNail": "https://static.colruytgroup.com/images/200x200/std.lang.all/80/05/asset-2708005.jpg",
    "fullImage": "https://static.colruytgroup.com/images/500x500/std.lang.all/80/05/asset-2708005.jpg",
    "squareImage": "https://static.colruytgroup.com/images/500x500sq/std.lang.all/80/05/asset-2708005.jpg",
    "content": "160g",
    "walkRouteSequenceNumber": 7991,
    "price": {
      "basicPrice": 5.33,
      "recommendedQuantity": "1.0",
      "measurementUnitPrice": 33.32,
      "measurementUnit": "K",
      "isRedPrice": false,
      "pricePerUOM": 33.32,
      "activationDate": "16-03-2024",
      "recordSource": "Offline",
      "isPromoActive": "N",
      "priceChangeCode": "H"
    },
    "isAvailable": true,
    "isPriceAvailable": true,
    "inPromo": false,
    "gtin": [
      "05400141423556",
      "05400141291933",
      "05400141072082",
      "05400141512557"
    ],
    "topCategoryName": "Colruyt-beenhouwerij",
    "topCategoryId": "33",
    "businessDomain": "RETAIL_BE",
    "IsPrivateLabel": true,
    "IsBiffe": false,
    "WeightconversionFactor": "0",
    "IsWeightArticle": false,
    "nutriscoreLabel": "D",
    "IsBio": false,
    "CountryOfOrigin": "BELGIË",
    "IsExclusivelySoldInLuxembourg": false,
    "OrderUnit": "P",
    "ShortName": "ZBH PAARDENFILET 160G",
    "IsNew": false,
    "RecentQuanityOfStockUnits": "1",
    "LongName": "COLRUYT gerookte paardenfilet 160g",
    "AlcoholVolume": "0",
    "FicCode": "I"
  },
  {
    "productId": "641756",
    "technicalArticleNumber": "4335658",
    "commercialArticleNumber": "20194",
    "name": "tonijnsalade",
    "brand": "COLRUYT",
    "seoBrand": "Colruyt",
    "thumbNail": "https://static.colruytgroup.com/images/200x200/std.lang.all/31/28/asset-2503128.jpg",
    "fullImage": "https://static.colruytgroup.com/images/500x500/std.lang.all/31/28/asset-2503128.jpg",
    "squareImage": "https://static.colruytgroup.com/images/500x500sq/std.lang.all/31/28/asset-2503128.jpg",
    "content": "150g",
    "walkRouteSequenceNumber": 7966,
    "price": {
      "basicPrice": 3.45,
      "recommendedQuantity": "1.0",
      "measurementUnitPrice": 23,
      "measurementUnit": "K",
      "isRedPrice": false,
      "pricePerUOM": 23,
      "activationDate": "02-01-2024",
      "recordSource": "Offline",
      "isPromoActive": "N",
      "priceChangeCode": "E"
    },
    "isAvailable": true,
    "isPriceAvailable": true,
    "inPromo": false,
    "gtin": [
      "05400141827835",
      "05400141550078"
    ],
    "topCategoryName": "Colruyt-beenhouwerij",
    "topCategoryId": "33",
    "businessDomain": "RETAIL_BE",
    "IsPrivateLabel": true,
    "IsBiffe": false,
    "WeightconversionFactor": "0",
    "IsWeightArticle": false,
    "nutriscoreLabel": "D",
    "IsBio": false,
    "CountryOfOrigin": "BELGIË",
    "IsExclusivelySoldInLuxembourg": false,
    "OrderUnit": "P",
    "ShortName": "ZBH TONIJNSALADE 150G",
    "IsNew": false,
    "EcoscoreLabel": "D",
    "RecentQuanityOfStockUnits": "1",
    "LongName": "COLRUYT tonijnsalade 150g",
    "AlcoholVolume": "0",
    "FicCode": "I",
    "EcoscoreValue": "39"
  },
  {
    "productId": "232744",
    "technicalArticleNumber": "3559755",
    "commercialArticleNumber": "14651",
    "name": "gerookte speksneden dun",
    "description": "*Recept enkel met\nvlees en zout.\n*Belgie",
    "brand": "COLRUYT",
    "seoBrand": "Colruyt",
    "thumbNail": "https://static.colruytgroup.com/images/200x200/std.lang.all/99/14/asset-2709914.jpg",
    "fullImage": "https://static.colruytgroup.com/images/500x500/std.lang.all/99/14/asset-2709914.jpg",
    "squareImage": "https://static.colruytgroup.com/images/500x500sq/std.lang.all/99/14/asset-2709914.jpg",
    "content": "200g",
    "walkRouteSequenceNumber": 8005,
    "price": {
      "basicPrice": 4.66,
      "recommendedQuantity": "1.0",
      "measurementUnitPrice": 23.3,
      "measurementUnit": "K",
      "isRedPrice": false,
      "pricePerUOM": 23.3,
      "activationDate": "08-02-2023",
      "recordSource": "Offline",
      "isPromoActive": "N",
      "priceChangeCode": "H"
    },
    "isAvailable": true,
    "isPriceAvailable": true,
    "inPromo": false,
    "gtin": [
      "05400141391312",
      "05400141889093"
    ],
    "topCategoryName": "Colruyt-beenhouwerij",
    "topCategoryId": "33",
    "businessDomain": "RETAIL_BE",
    "IsPrivateLabel": true,
    "IsBiffe": false,
    "WeightconversionFactor": "0",
    "IsWeightArticle": false,
    "nutriscoreLabel": "E",
    "IsBio": false,
    "CountryOfOrigin": "BELGIË",
    "IsExclusivelySoldInLuxembourg": false,
    "OrderUnit": "P",
    "ShortName": "ZBH GER.SPEKSN.DUN 200G",
    "IsNew": false,
    "EcoscoreLabel": "C",
    "RecentQuanityOfStockUnits": "1",
    "LongName": "COLRUYT gerookte speksneden dun 200g",
    "AlcoholVolume": "0",
    "FicCode": "I",
    "EcoscoreValue": "41"
  },
  {
    "productId": "228459",
    "technicalArticleNumber": "3579184",
    "commercialArticleNumber": "14045",
    "name": "chorizo duroc",
    "description": "*Duroc vlees,Rustiek\nvarken,rode vacht\n*Spanje",
    "brand": "COLRUYT",
    "seoBrand": "Colruyt",
    "thumbNail": "https://static.colruytgroup.com/images/200x200/std.lang.all/80/59/asset-2708059.jpg",
    "fullImage": "https://static.colruytgroup.com/images/500x500/std.lang.all/80/59/asset-2708059.jpg",
    "squareImage": "https://static.colruytgroup.com/images/500x500sq/std.lang.all/80/59/asset-2708059.jpg",
    "content": "150g",
    "walkRouteSequenceNumber": 7999,
    "price": {
      "basicPrice": 3.87,
      "recommendedQuantity": "1.0",
      "measurementUnitPrice": 25.8,
      "measurementUnit": "K",
      "isRedPrice": false,
      "pricePerUOM": 25.8,
      "activationDate": "09-03-2024",
      "recordSource": "Offline",
      "isPromoActive": "N",
      "priceChangeCode": "H"
    },
    "isAvailable": true,
    "isPriceAvailable": true,
    "inPromo": false,
    "gtin": [
      "05400141423549",
      "05400141638042",
      "05400141072136",
      "05400141701173",
      "05400141391978"
    ],
    "topCategoryName": "Colruyt-beenhouwerij",
    "topCategoryId": "33",
    "businessDomain": "RETAIL_BE",
    "IsPrivateLabel": true,
    "IsBiffe": false,
    "WeightconversionFactor": "0",
    "IsWeightArticle": false,
    "nutriscoreLabel": "E",
    "IsBio": false,
    "CountryOfOrigin": "SPANJE",
    "IsExclusivelySoldInLuxembourg": false,
    "OrderUnit": "P",
    "ShortName": "ZBH CHORIZO DUROC 150G",
    "IsNew": false,
    "EcoscoreLabel": "E",
    "RecentQuanityOfStockUnits": "1",
    "LongName": "COLRUYT chorizo duroc 150g",
    "AlcoholVolume": "0",
    "FicCode": "I",
    "EcoscoreValue": "14"
  },
  {
    "productId": "257313",
    "technicalArticleNumber": "3571140",
    "commercialArticleNumber": "16612",
    "name": "gebakken gevogeltebal.",
    "description": "*Val dieu\n*Lekkere smaak door\nafwerking in de\nfrituur.\n*Belgie",
    "brand": "COLRUYT",
    "seoBrand": "Colruyt",
    "thumbNail": "https://static.colruytgroup.com/images/200x200/std.lang.all/26/55/asset-1252655.jpg",
    "fullImage": "https://static.colruytgroup.com/images/500x500/std.lang.all/26/55/asset-1252655.jpg",
    "squareImage": "https://static.colruytgroup.com/images/500x500sq/std.lang.all/26/55/asset-1252655.jpg",
    "content": "4x100g",
    "walkRouteSequenceNumber": 6751,
    "price": {
      "basicPrice": 5.99,
      "recommendedQuantity": "1.0",
      "measurementUnitPrice": 14.98,
      "measurementUnit": "K",
      "isRedPrice": false,
      "pricePerUOM": 14.98,
      "activationDate": "11-02-2023",
      "isPromoActive": "N",
      "priceChangeCode": "H"
    },
    "isAvailable": true,
    "isPriceAvailable": true,
    "inPromo": false,
    "gtin": [
      "05400141889000",
      "05400141293326",
      "15400141889007"
    ],
    "topCategoryName": "Colruyt-beenhouwerij",
    "topCategoryId": "33",
    "businessDomain": "RETAIL_BE",
    "IsPrivateLabel": true,
    "IsBiffe": false,
    "WeightconversionFactor": "0",
    "IsWeightArticle": false,
    "nutriscoreLabel": "E",
    "IsBio": false,
    "CountryOfOrigin": "BELGIË",
    "IsExclusivelySoldInLuxembourg": false,
    "OrderUnit": "P",
    "ShortName": "ZBH GEB.GEV.BAL 400G",
    "IsNew": false,
    "EcoscoreLabel": "D",
    "RecentQuanityOfStockUnits": "1",
    "LongName": "COLRUYT gebakken gevogeltebal. 4x100g",
    "AlcoholVolume": "0",
    "FicCode": "I",
    "EcoscoreValue": "30"
  },
  {
    "productId": "874505",
    "technicalArticleNumber": "4729467",
    "commercialArticleNumber": "32129",
    "name": "Welzijn kippenboomstam",
    "description": "*Bak 25 min in een\nvoorverwarmde oven\nop 180° voor een\nkrokant korstje\n*bak tot in de kern",
    "thumbNail": "https://static.colruytgroup.com/images/200x200/std.lang.all/54/82/asset-3275482.jpg",
    "fullImage": "https://static.colruytgroup.com/images/500x500/std.lang.all/54/82/asset-3275482.jpg",
    "squareImage": "https://static.colruytgroup.com/images/500x500sq/std.lang.all/54/82/asset-3275482.jpg",
    "content": "4x±150g",
    "walkRouteSequenceNumber": 18850,
    "price": {
      "basicPrice": 13.84,
      "recommendedQuantity": "1.0",
      "unit": "K",
      "measurementUnitPrice": 13.84,
      "measurementUnit": "K",
      "isRedPrice": false,
      "pricePerUOM": 13.84,
      "activationDate": "14-02-2024",
      "isPromoActive": "N",
      "priceChangeCode": "H"
    },
    "isAvailable": true,
    "isPriceAvailable": true,
    "inPromo": false,
    "gtin": [
      "95400141452993"
    ],
    "topCategoryName": "Colruyt-beenhouwerij",
    "topCategoryId": "33",
    "businessDomain": "RETAIL_BE",
    "IsPrivateLabel": false,
    "IsBiffe": false,
    "WeightconversionFactor": "600",
    "IsWeightArticle": true,
    "nutriscoreLabel": "D",
    "IsBio": false,
    "CountryOfOrigin": "BELGIË",
    "IsExclusivelySoldInLuxembourg": false,
    "OrderUnit": "P",
    "ShortName": "BH WELZ.KI.BOOMS+-600GW",
    "IsNew": false,
    "EcoscoreLabel": "D",
    "RecentQuanityOfStockUnits": "1,1,1",
    "LongName": "Welzijn kippenboomstam 4x±150g",
    "FicCode": "I",
    "EcoscoreValue": "21"
  },
  {
    "productId": "228461",
    "technicalArticleNumber": "3579188",
    "commercialArticleNumber": "14297",
    "name": "kalfsworst",
    "description": "*Subtiele smaak door\nmeer gebruik van\nkalfsvlees.\n*Belgie",
    "brand": "COLRUYT",
    "seoBrand": "Colruyt",
    "thumbNail": "https://static.colruytgroup.com/images/200x200/std.lang.all/80/60/asset-2708060.jpg",
    "fullImage": "https://static.colruytgroup.com/images/500x500/std.lang.all/80/60/asset-2708060.jpg",
    "squareImage": "https://static.colruytgroup.com/images/500x500sq/std.lang.all/80/60/asset-2708060.jpg",
    "content": "150g",
    "walkRouteSequenceNumber": 7995,
    "price": {
      "basicPrice": 2.9,
      "recommendedQuantity": "1.0",
      "measurementUnitPrice": 19.34,
      "measurementUnit": "K",
      "isRedPrice": false,
      "pricePerUOM": 19.34,
      "activationDate": "17-11-2023",
      "recordSource": "Offline",
      "isPromoActive": "N",
      "priceChangeCode": "H"
    },
    "isAvailable": true,
    "isPriceAvailable": true,
    "inPromo": false,
    "gtin": [
      "15400141426035",
      "05400141426038",
      "05400141391985"
    ],
    "topCategoryName": "Colruyt-beenhouwerij",
    "topCategoryId": "33",
    "businessDomain": "RETAIL_BE",
    "IsPrivateLabel": true,
    "IsBiffe": false,
    "WeightconversionFactor": "0",
    "IsWeightArticle": false,
    "nutriscoreLabel": "D",
    "IsBio": false,
    "CountryOfOrigin": "BELGIË",
    "IsExclusivelySoldInLuxembourg": false,
    "OrderUnit": "P",
    "ShortName": "ZBH KALFSWORST 150G",
    "IsNew": false,
    "EcoscoreLabel": "D",
    "RecentQuanityOfStockUnits": "1",
    "LongName": "COLRUYT kalfsworst 150g",
    "AlcoholVolume": "0",
    "FicCode": "I",
    "EcoscoreValue": "29"
  },
  {
    "productId": "241109",
    "technicalArticleNumber": "3559011",
    "commercialArticleNumber": "10005",
    "name": "gedroogde belgische ham",
    "description": "*Met de hand\ngezouten , min 10\nmaanden gedroogd\n*Belgie",
    "brand": "COLRUYT",
    "seoBrand": "Colruyt",
    "thumbNail": "https://static.colruytgroup.com/images/200x200/std.lang.all/80/58/asset-2708058.jpg",
    "fullImage": "https://static.colruytgroup.com/images/500x500/std.lang.all/80/58/asset-2708058.jpg",
    "squareImage": "https://static.colruytgroup.com/images/500x500sq/std.lang.all/80/58/asset-2708058.jpg",
    "content": "160g",
    "walkRouteSequenceNumber": 8003,
    "price": {
      "basicPrice": 4.71,
      "recommendedQuantity": "1.0",
      "measurementUnitPrice": 29.44,
      "measurementUnit": "K",
      "isRedPrice": false,
      "pricePerUOM": 29.44,
      "activationDate": "23-03-2024",
      "recordSource": "Offline",
      "isPromoActive": "N",
      "priceChangeCode": "H"
    },
    "isAvailable": true,
    "isPriceAvailable": true,
    "inPromo": false,
    "gtin": [
      "05400141478174",
      "05400141291780"
    ],
    "topCategoryName": "Colruyt-beenhouwerij",
    "topCategoryId": "33",
    "businessDomain": "RETAIL_BE",
    "IsPrivateLabel": true,
    "IsBiffe": false,
    "WeightconversionFactor": "0",
    "IsWeightArticle": false,
    "nutriscoreLabel": "E",
    "IsBio": false,
    "CountryOfOrigin": "BELGIË",
    "IsExclusivelySoldInLuxembourg": false,
    "OrderUnit": "P",
    "ShortName": "ZBH GEDR BELG HAM 160G",
    "IsNew": false,
    "EcoscoreLabel": "E",
    "RecentQuanityOfStockUnits": "1",
    "LongName": "COLRUYT gedroogde belgische ham 160g",
    "AlcoholVolume": "0",
    "FicCode": "I",
    "EcoscoreValue": "14"
  },
  {
    "productId": "18030",
    "technicalArticleNumber": "1710048",
    "commercialArticleNumber": "10217",
    "name": "Gehaktbal italiaanse wijze",
    "description": "*Voorverwarmde oven\nop 150° +-45 min.\n*Microgolf 750W\n9 tot 10 min.",
    "thumbNail": "https://static.colruytgroup.com/images/200x200/std.lang.all/03/96/asset-2520396.jpg",
    "fullImage": "https://static.colruytgroup.com/images/500x500/std.lang.all/03/96/asset-2520396.jpg",
    "squareImage": "https://static.colruytgroup.com/images/500x500sq/std.lang.all/03/96/asset-2520396.jpg",
    "content": "±1kg",
    "walkRouteSequenceNumber": 19232,
    "price": {
      "basicPrice": 10.45,
      "recommendedQuantity": "1.0",
      "unit": "K",
      "measurementUnitPrice": 10.45,
      "measurementUnit": "K",
      "isRedPrice": false,
      "pricePerUOM": 10.45,
      "activationDate": "14-11-2023",
      "isPromoActive": "N",
      "priceChangeCode": "E"
    },
    "isAvailable": true,
    "isPriceAvailable": true,
    "inPromo": false,
    "topCategoryName": "Colruyt-beenhouwerij",
    "topCategoryId": "33",
    "businessDomain": "RETAIL_BE",
    "IsPrivateLabel": true,
    "IsBiffe": false,
    "WeightconversionFactor": "1000",
    "IsWeightArticle": true,
    "nutriscoreLabel": "C",
    "IsBio": false,
    "CountryOfOrigin": "BELGIË",
    "IsExclusivelySoldInLuxembourg": false,
    "OrderUnit": "P",
    "ShortName": "GEHAKTBAL ITAL WIJZE",
    "IsNew": false,
    "RecentQuanityOfStockUnits": "1,1",
    "LongName": "Gehaktbal italiaanse wijze ±1kg",
    "AlcoholVolume": "0",
    "FicCode": "I"
  },
  {
    "productId": "51447",
    "technicalArticleNumber": "2393022",
    "commercialArticleNumber": "27592",
    "name": "parmaham",
    "description": "*16 maanden gedroogd\n*UIt de regio :Parma\n*Italie",
    "brand": "COLRUYT",
    "seoBrand": "Colruyt",
    "thumbNail": "https://static.colruytgroup.com/images/200x200/std.lang.all/92/57/asset-2709257.jpg",
    "fullImage": "https://static.colruytgroup.com/images/500x500/std.lang.all/92/57/asset-2709257.jpg",
    "squareImage": "https://static.colruytgroup.com/images/500x500sq/std.lang.all/92/57/asset-2709257.jpg",
    "content": "150g",
    "walkRouteSequenceNumber": 8020,
    "price": {
      "basicPrice": 6.27,
      "recommendedQuantity": "1.0",
      "measurementUnitPrice": 41.8,
      "measurementUnit": "K",
      "isRedPrice": false,
      "pricePerUOM": 41.8,
      "activationDate": "05-03-2024",
      "isPromoActive": "N",
      "priceChangeCode": "H"
    },
    "isAvailable": true,
    "isPriceAvailable": true,
    "inPromo": false,
    "gtin": [
      "05400141322781",
      "08003868268508",
      "08026627015007",
      "05424357454548",
      "15400141895916",
      "15400141421245",
      "05400141421248"
    ],
    "topCategoryName": "Colruyt-beenhouwerij",
    "topCategoryId": "33",
    "businessDomain": "RETAIL_BE",
    "IsPrivateLabel": true,
    "IsBiffe": false,
    "WeightconversionFactor": "0",
    "IsWeightArticle": false,
    "nutriscoreLabel": "E",
    "IsBio": false,
    "CountryOfOrigin": "ITALIË",
    "IsExclusivelySoldInLuxembourg": false,
    "OrderUnit": "P",
    "ShortName": "ZBH PARMAHAM 150GR",
    "IsNew": false,
    "EcoscoreLabel": "E",
    "RecentQuanityOfStockUnits": "1",
    "LongName": "COLRUYT parmaham 150g",
    "AlcoholVolume": "0",
    "FicCode": "I",
    "EcoscoreValue": "0"
  },
  {
    "productId": "254346",
    "technicalArticleNumber": "3605476",
    "commercialArticleNumber": "16564",
    "name": "salade kip andalouse",
    "description": "*Kippenvlees\nval dieu\n*Belgie",
    "brand": "COLRUYT",
    "seoBrand": "Colruyt",
    "thumbNail": "https://static.colruytgroup.com/images/200x200/std.lang.all/16/31/asset-2881631.jpg",
    "fullImage": "https://static.colruytgroup.com/images/500x500/std.lang.all/16/31/asset-2881631.jpg",
    "squareImage": "https://static.colruytgroup.com/images/500x500sq/std.lang.all/16/31/asset-2881631.jpg",
    "content": "150g",
    "walkRouteSequenceNumber": 7964,
    "price": {
      "basicPrice": 3.45,
      "recommendedQuantity": "1.0",
      "measurementUnitPrice": 23,
      "measurementUnit": "K",
      "isRedPrice": false,
      "pricePerUOM": 23,
      "activationDate": "31-01-2024",
      "recordSource": "Offline",
      "isPromoActive": "N",
      "priceChangeCode": "E"
    },
    "isAvailable": true,
    "isPriceAvailable": true,
    "inPromo": false,
    "gtin": [
      "05400141070378",
      "05400141559484",
      "05400141602494",
      "05400141406115",
      "05400141068009",
      "05400141240757"
    ],
    "topCategoryName": "Colruyt-beenhouwerij",
    "topCategoryId": "33",
    "businessDomain": "RETAIL_BE",
    "IsPrivateLabel": true,
    "IsBiffe": false,
    "WeightconversionFactor": "0",
    "IsWeightArticle": false,
    "nutriscoreLabel": "B",
    "IsBio": false,
    "CountryOfOrigin": "BELGIË",
    "IsExclusivelySoldInLuxembourg": false,
    "OrderUnit": "P",
    "ShortName": "ZBH KIP ANDALOUSE 150G",
    "IsNew": false,
    "EcoscoreLabel": "D",
    "RecentQuanityOfStockUnits": "1",
    "LongName": "COLRUYT salade kip andalouse 150g",
    "AlcoholVolume": "0",
    "FicCode": "I",
    "EcoscoreValue": "24"
  },
  {
    "productId": "36708",
    "technicalArticleNumber": "1783919",
    "commercialArticleNumber": "10837",
    "name": "Welzijns kippenworst",
    "description": "*Goed doorbakken\nvoor consumptie",
    "thumbNail": "https://static.colruytgroup.com/images/200x200/std.lang.all/35/49/asset-1493549.jpg",
    "fullImage": "https://static.colruytgroup.com/images/500x500/std.lang.all/35/49/asset-1493549.jpg",
    "squareImage": "https://static.colruytgroup.com/images/500x500sq/std.lang.all/35/49/asset-1493549.jpg",
    "content": "4x130g",
    "walkRouteSequenceNumber": 19355,
    "price": {
      "basicPrice": 13.3,
      "recommendedQuantity": "0.6",
      "unit": "K",
      "measurementUnitPrice": 13.3,
      "measurementUnit": "K",
      "isRedPrice": false,
      "pricePerUOM": 13.3,
      "activationDate": "14-11-2023",
      "isPromoActive": "N",
      "priceChangeCode": "E"
    },
    "isAvailable": true,
    "isPriceAvailable": true,
    "inPromo": false,
    "topCategoryName": "Colruyt-beenhouwerij",
    "topCategoryId": "33",
    "businessDomain": "RETAIL_BE",
    "IsPrivateLabel": true,
    "IsBiffe": false,
    "WeightconversionFactor": "520",
    "IsWeightArticle": true,
    "nutriscoreLabel": "B",
    "IsBio": false,
    "CountryOfOrigin": "BELGIË",
    "IsExclusivelySoldInLuxembourg": false,
    "OrderUnit": "P",
    "ShortName": "WELZIJN.KIP.WOR.4X13GW",
    "IsNew": false,
    "RecentQuanityOfStockUnits": "1,1",
    "LongName": "Welzijns kippenworst 4x130g",
    "AlcoholVolume": "0",
    "FicCode": "I"
  },
  {
    "productId": "895934",
    "technicalArticleNumber": "4755805",
    "commercialArticleNumber": "9694",
    "name": "Welzijn Kippendijfilet",
    "description": "*kippendijfilet vers\n*België",
    "thumbNail": "https://ecgproductmw.colruytgroup.com/ecgproductmw/noPicForArticle_2.jpg",
    "fullImage": "https://ecgproductmw.colruytgroup.com/ecgproductmw/noPicForArticle_5.jpg",
    "squareImage": "https://ecgproductmw.colruytgroup.com/ecgproductmw/noPicForArticle_5.jpg",
    "content": "±500g",
    "walkRouteSequenceNumber": 18794,
    "price": {
      "basicPrice": 12.49,
      "recommendedQuantity": "1.0",
      "unit": "K",
      "measurementUnitPrice": 12.49,
      "measurementUnit": "K",
      "isRedPrice": false,
      "pricePerUOM": 12.49,
      "activationDate": "20-02-2024",
      "isPromoActive": "N",
      "priceChangeCode": "E"
    },
    "isAvailable": true,
    "isPriceAvailable": true,
    "inPromo": false,
    "topCategoryName": "Colruyt-beenhouwerij",
    "topCategoryId": "33",
    "businessDomain": "RETAIL_BE",
    "IsPrivateLabel": false,
    "IsBiffe": false,
    "WeightconversionFactor": "500",
    "IsWeightArticle": true,
    "IsBio": false,
    "CountryOfOrigin": "BELGIË",
    "IsExclusivelySoldInLuxembourg": false,
    "OrderUnit": "Kg",
    "ShortName": "BH WELZ.KIPDIJFIL.500GW",
    "IsNew": false,
    "RecentQuanityOfStockUnits": "1,1,1",
    "LongName": "Welzijn Kippendijfilet ±500g",
    "FicCode": "I"
  },
  {
    "productId": "7766",
    "technicalArticleNumber": "1158645",
    "commercialArticleNumber": "10043",
    "name": "tournedos",
    "thumbNail": "https://static.colruytgroup.com/images/200x200/std.lang.all/23/60/asset-352360.jpg",
    "fullImage": "https://static.colruytgroup.com/images/500x500/std.lang.all/23/60/asset-352360.jpg",
    "squareImage": "https://static.colruytgroup.com/images/500x500sq/std.lang.all/23/60/asset-352360.jpg",
    "walkRouteSequenceNumber": 19143,
    "price": {
      "basicPrice": 21.79,
      "recommendedQuantity": "0.9",
      "unit": "K",
      "measurementUnitPrice": 21.79,
      "measurementUnit": "K",
      "isRedPrice": false,
      "pricePerUOM": 21.79,
      "activationDate": "15-02-2024",
      "recordSource": "Offline",
      "isPromoActive": "N",
      "priceChangeCode": "E"
    },
    "isAvailable": true,
    "isPriceAvailable": true,
    "inPromo": false,
    "topCategoryName": "Colruyt-beenhouwerij",
    "topCategoryId": "33",
    "businessDomain": "RETAIL_BE",
    "IsPrivateLabel": true,
    "IsBiffe": false,
    "WeightconversionFactor": "180",
    "IsWeightArticle": true,
    "nutriscoreLabel": "A",
    "IsBio": false,
    "CountryOfOrigin": "BELGIË",
    "IsExclusivelySoldInLuxembourg": false,
    "OrderUnit": "P",
    "ShortName": "TOURNEDOS             W",
    "IsNew": false,
    "RecentQuanityOfStockUnits": "1,1",
    "LongName": "tournedos",
    "AlcoholVolume": "0",
    "FicCode": "I"
  },
  {
    "productId": "13756",
    "technicalArticleNumber": "1230287",
    "commercialArticleNumber": "10370",
    "name": "belgische kip val dieu",
    "description": "*Traag groeiend\n*Belgisch\n*Bak +- 1u30 op\n180°",
    "thumbNail": "https://static.colruytgroup.com/images/200x200/std.lang.all/43/56/asset-2844356.jpg",
    "fullImage": "https://static.colruytgroup.com/images/500x500/std.lang.all/43/56/asset-2844356.jpg",
    "squareImage": "https://static.colruytgroup.com/images/500x500sq/std.lang.all/43/56/asset-2844356.jpg",
    "content": "±1,4kg",
    "walkRouteSequenceNumber": 19266,
    "price": {
      "basicPrice": 8.5,
      "recommendedQuantity": "1.7",
      "unit": "K",
      "measurementUnitPrice": 8.5,
      "measurementUnit": "K",
      "isRedPrice": false,
      "pricePerUOM": 8.5,
      "activationDate": "30-12-2023",
      "recordSource": "Offline",
      "isPromoActive": "N",
      "priceChangeCode": "E"
    },
    "isAvailable": true,
    "isPriceAvailable": true,
    "inPromo": false,
    "gtin": [
      "05400141113709"
    ],
    "topCategoryName": "Colruyt-beenhouwerij",
    "topCategoryId": "33",
    "businessDomain": "RETAIL_BE",
    "IsPrivateLabel": false,
    "IsBiffe": false,
    "WeightconversionFactor": "1700",
    "IsWeightArticle": true,
    "nutriscoreLabel": "A",
    "IsBio": false,
    "CountryOfOrigin": "BELGIË",
    "IsExclusivelySoldInLuxembourg": false,
    "OrderUnit": "P",
    "ShortName": "BELGISCHE KIP VAL DIEUW",
    "IsNew": false,
    "EcoscoreLabel": "D",
    "RecentQuanityOfStockUnits": "1,1",
    "LongName": "belgische kip val dieu ±1,4kg",
    "AlcoholVolume": "0",
    "FicCode": "I",
    "EcoscoreValue": "21"
  },
  {
    "productId": "7700",
    "technicalArticleNumber": "1161822",
    "commercialArticleNumber": "10350",
    "name": "gemarineerde runderbrochette",
    "description": "*Vermalste stukjes\n*Ideale Bakwijze\nGegrild of Bbq\n* ±150g",
    "thumbNail": "https://static.colruytgroup.com/images/200x200/std.lang.all/64/97/asset-1476497.jpg",
    "fullImage": "https://static.colruytgroup.com/images/500x500/std.lang.all/64/97/asset-1476497.jpg",
    "squareImage": "https://static.colruytgroup.com/images/500x500sq/std.lang.all/64/97/asset-1476497.jpg",
    "walkRouteSequenceNumber": 19260,
    "price": {
      "basicPrice": 21.49,
      "recommendedQuantity": "0.6",
      "unit": "K",
      "measurementUnitPrice": 21.49,
      "measurementUnit": "K",
      "isRedPrice": false,
      "pricePerUOM": 21.49,
      "activationDate": "13-03-2024",
      "isPromoActive": "Y",
      "priceChangeCode": "L"
    },
    "isAvailable": true,
    "isPriceAvailable": true,
    "inPromo": false,
    "topCategoryName": "Colruyt-beenhouwerij",
    "topCategoryId": "33",
    "businessDomain": "RETAIL_BE",
    "IsPrivateLabel": true,
    "IsBiffe": false,
    "WeightconversionFactor": "150",
    "IsWeightArticle": true,
    "nutriscoreLabel": "B",
    "IsBio": false,
    "CountryOfOrigin": "BELGIË",
    "IsExclusivelySoldInLuxembourg": false,
    "OrderUnit": "P",
    "ShortName": "GEMAR RUNDERBROCHETTE W",
    "InSeason": true,
    "IsNew": false,
    "RecentQuanityOfStockUnits": "1,1",
    "LongName": "gemarineerde runderbrochette",
    "AlcoholVolume": "0",
    "StartSeasonDate": "19/05/2010",
    "FicCode": "I"
  },
  {
    "productId": "182878",
    "technicalArticleNumber": "3373449",
    "commercialArticleNumber": "11363",
    "name": "stoofvlees vrouwelijk",
    "description": "*Vrouwelijk\n*Extra veel smaak\n*België\n*Kookvlees\n*1u30 à 2u",
    "thumbNail": "https://static.colruytgroup.com/images/200x200/std.lang.all/11/31/asset-971131.jpg",
    "fullImage": "https://static.colruytgroup.com/images/500x500/std.lang.all/11/31/asset-971131.jpg",
    "squareImage": "https://static.colruytgroup.com/images/500x500sq/std.lang.all/11/31/asset-971131.jpg",
    "walkRouteSequenceNumber": 19400,
    "price": {
      "basicPrice": 16.48,
      "recommendedQuantity": "1.0",
      "unit": "K",
      "measurementUnitPrice": 16.48,
      "measurementUnit": "K",
      "isRedPrice": false,
      "pricePerUOM": 16.48,
      "activationDate": "26-07-2023",
      "isPromoActive": "N",
      "priceChangeCode": "H"
    },
    "isAvailable": true,
    "isPriceAvailable": true,
    "inPromo": false,
    "topCategoryName": "Colruyt-beenhouwerij",
    "topCategoryId": "33",
    "businessDomain": "RETAIL_BE",
    "IsPrivateLabel": true,
    "IsBiffe": false,
    "WeightconversionFactor": "100",
    "IsWeightArticle": true,
    "nutriscoreLabel": "A",
    "IsBio": false,
    "IsExclusivelySoldInLuxembourg": false,
    "OrderUnit": "Kg",
    "ShortName": "STOOFVLEES VROUWELIJK",
    "IsNew": false,
    "RecentQuanityOfStockUnits": "1,1",
    "LongName": "stoofvlees vrouwelijk",
    "AlcoholVolume": "0",
    "FicCode": "I"
  },
  {
    "productId": "253715",
    "technicalArticleNumber": "3605434",
    "commercialArticleNumber": "16022",
    "name": "king krabsalade",
    "description": "*Zuiver krabvlees,\ngeen surimi.\n*Belgie",
    "brand": "COLRUYT",
    "seoBrand": "Colruyt",
    "thumbNail": "https://static.colruytgroup.com/images/200x200/std.lang.all/30/12/asset-2503012.jpg",
    "fullImage": "https://static.colruytgroup.com/images/500x500/std.lang.all/30/12/asset-2503012.jpg",
    "squareImage": "https://static.colruytgroup.com/images/500x500sq/std.lang.all/30/12/asset-2503012.jpg",
    "content": "150g",
    "walkRouteSequenceNumber": 7967,
    "price": {
      "basicPrice": 6.49,
      "recommendedQuantity": "1.0",
      "measurementUnitPrice": 43.27,
      "measurementUnit": "K",
      "isRedPrice": false,
      "pricePerUOM": 43.27,
      "activationDate": "17-11-2023",
      "isPromoActive": "N",
      "priceChangeCode": "E"
    },
    "isAvailable": true,
    "isPriceAvailable": true,
    "inPromo": false,
    "gtin": [
      "05400141559491",
      "05400141325515",
      "05400141240771",
      "05400141067903",
      "05400141406061"
    ],
    "topCategoryName": "Colruyt-beenhouwerij",
    "topCategoryId": "33",
    "businessDomain": "RETAIL_BE",
    "IsPrivateLabel": true,
    "IsBiffe": false,
    "WeightconversionFactor": "0",
    "IsWeightArticle": false,
    "nutriscoreLabel": "D",
    "IsBio": false,
    "CountryOfOrigin": "BELGIË",
    "IsExclusivelySoldInLuxembourg": false,
    "OrderUnit": "P",
    "ShortName": "ZBH KRABSALADE 150G",
    "IsNew": false,
    "EcoscoreLabel": "D",
    "RecentQuanityOfStockUnits": "1",
    "LongName": "COLRUYT king krabsalade 150g",
    "AlcoholVolume": "0",
    "FicCode": "I",
    "EcoscoreValue": "39"
  },
  {
    "productId": "184969",
    "technicalArticleNumber": "3459558",
    "commercialArticleNumber": "26125",
    "name": "saucisson cacciatore",
    "brand": "COLRUYT",
    "seoBrand": "Colruyt",
    "thumbNail": "https://static.colruytgroup.com/images/200x200/std.lang.all/04/07/asset-2700407.jpg",
    "fullImage": "https://static.colruytgroup.com/images/500x500/std.lang.all/04/07/asset-2700407.jpg",
    "squareImage": "https://static.colruytgroup.com/images/500x500sq/std.lang.all/04/07/asset-2700407.jpg",
    "content": "150g",
    "walkRouteSequenceNumber": 6765,
    "price": {
      "basicPrice": 3.99,
      "recommendedQuantity": "1.0",
      "measurementUnitPrice": 26.6,
      "measurementUnit": "K",
      "isRedPrice": false,
      "pricePerUOM": 26.6,
      "activationDate": "17-11-2023",
      "isPromoActive": "N",
      "priceChangeCode": "H"
    },
    "isAvailable": true,
    "isPriceAvailable": true,
    "inPromo": false,
    "gtin": [
      "05400141069259",
      "15400141895961",
      "15400141069256",
      "08007660235058",
      "05400141323191"
    ],
    "topCategoryName": "Colruyt-beenhouwerij",
    "topCategoryId": "33",
    "businessDomain": "RETAIL_BE",
    "IsPrivateLabel": true,
    "IsBiffe": false,
    "WeightconversionFactor": "0",
    "IsWeightArticle": false,
    "nutriscoreLabel": "E",
    "IsBio": false,
    "CountryOfOrigin": "ITALIË",
    "IsExclusivelySoldInLuxembourg": false,
    "OrderUnit": "P",
    "ShortName": "BH CACCIATORE 150G",
    "InSeason": true,
    "IsNew": false,
    "EcoscoreLabel": "E",
    "RecentQuanityOfStockUnits": "1",
    "LongName": "COLRUYT saucisson cacciatore 150g",
    "AlcoholVolume": "0",
    "StartSeasonDate": "18/09/2017",
    "FicCode": "I",
    "EcoscoreValue": "16"
  },
  {
    "productId": "233366",
    "technicalArticleNumber": "3559797",
    "commercialArticleNumber": "15652",
    "name": "gezouten speksneden dun",
    "description": "*Belgie",
    "brand": "COLRUYT",
    "seoBrand": "Colruyt",
    "thumbNail": "https://static.colruytgroup.com/images/200x200/std.lang.all/80/13/asset-2708013.jpg",
    "fullImage": "https://static.colruytgroup.com/images/500x500/std.lang.all/80/13/asset-2708013.jpg",
    "squareImage": "https://static.colruytgroup.com/images/500x500sq/std.lang.all/80/13/asset-2708013.jpg",
    "content": "200g",
    "walkRouteSequenceNumber": 8018,
    "price": {
      "basicPrice": 3.59,
      "recommendedQuantity": "1.0",
      "measurementUnitPrice": 17.95,
      "measurementUnit": "K",
      "isRedPrice": false,
      "pricePerUOM": 17.95,
      "activationDate": "24-12-2022",
      "isPromoActive": "N",
      "priceChangeCode": "H"
    },
    "isAvailable": true,
    "isPriceAvailable": true,
    "inPromo": false,
    "gtin": [
      "05400141391367",
      "05400141070644",
      "05400141889796",
      "15400141807230"
    ],
    "topCategoryName": "Colruyt-beenhouwerij",
    "topCategoryId": "33",
    "businessDomain": "RETAIL_BE",
    "IsPrivateLabel": true,
    "IsBiffe": false,
    "WeightconversionFactor": "0",
    "IsWeightArticle": false,
    "nutriscoreLabel": "E",
    "IsBio": false,
    "CountryOfOrigin": "BELGIË",
    "IsExclusivelySoldInLuxembourg": false,
    "OrderUnit": "P",
    "ShortName": "ZBH GEZ.SPEKSN.DUN 200G",
    "IsNew": false,
    "EcoscoreLabel": "D",
    "RecentQuanityOfStockUnits": "1",
    "LongName": "COLRUYT gezouten speksneden dun 200g",
    "AlcoholVolume": "0",
    "FicCode": "I",
    "EcoscoreValue": "35"
  },
  {
    "productId": "7849",
    "technicalArticleNumber": "1158656",
    "commercialArticleNumber": "10051",
    "name": "soepvlees zonder been",
    "description": "*Uit de schenkel\n*Kookvlees",
    "thumbNail": "https://static.colruytgroup.com/images/200x200/std.lang.all/26/60/asset-392660.jpg",
    "fullImage": "https://static.colruytgroup.com/images/500x500/std.lang.all/26/60/asset-392660.jpg",
    "squareImage": "https://static.colruytgroup.com/images/500x500sq/std.lang.all/26/60/asset-392660.jpg",
    "walkRouteSequenceNumber": 19151,
    "price": {
      "basicPrice": 11.49,
      "recommendedQuantity": "0.5",
      "unit": "K",
      "measurementUnitPrice": 11.49,
      "measurementUnit": "K",
      "isRedPrice": false,
      "pricePerUOM": 11.49,
      "activationDate": "12-01-2024",
      "recordSource": "Offline",
      "isPromoActive": "N",
      "priceChangeCode": "E"
    },
    "isAvailable": true,
    "isPriceAvailable": true,
    "inPromo": false,
    "topCategoryName": "Colruyt-beenhouwerij",
    "topCategoryId": "33",
    "businessDomain": "RETAIL_BE",
    "IsPrivateLabel": false,
    "IsBiffe": false,
    "WeightconversionFactor": "500",
    "IsWeightArticle": true,
    "nutriscoreLabel": "A",
    "IsBio": false,
    "CountryOfOrigin": "BELGIË",
    "IsExclusivelySoldInLuxembourg": false,
    "OrderUnit": "Kg",
    "ShortName": "SOEPVLEES ZONDER BEEN W",
    "IsNew": false,
    "EcoscoreLabel": "E",
    "RecentQuanityOfStockUnits": "1,1,1",
    "LongName": "soepvlees zonder been",
    "AlcoholVolume": "0",
    "FicCode": "I",
    "EcoscoreValue": "0"
  },
  {
    "productId": "714794",
    "technicalArticleNumber": "4459351",
    "commercialArticleNumber": "19959",
    "name": "pizza traditionale",
    "description": "*Voorverwarmde oven\n200° 8 à 10 min\n*Niet geschikt voor\nmicrogolf oven.",
    "thumbNail": "https://static.colruytgroup.com/images/200x200/std.lang.all/43/03/asset-2454303.jpg",
    "fullImage": "https://static.colruytgroup.com/images/500x500/std.lang.all/43/03/asset-2454303.jpg",
    "squareImage": "https://static.colruytgroup.com/images/500x500sq/std.lang.all/43/03/asset-2454303.jpg",
    "content": "±500g",
    "walkRouteSequenceNumber": 19067,
    "price": {
      "basicPrice": 6.49,
      "recommendedQuantity": "1.0",
      "measurementUnitPrice": 12.93,
      "measurementUnit": "K",
      "isRedPrice": false,
      "pricePerUOM": 12.93,
      "activationDate": "27-02-2024",
      "isPromoActive": "N",
      "priceChangeCode": "H"
    },
    "isAvailable": true,
    "isPriceAvailable": true,
    "inPromo": false,
    "topCategoryName": "Colruyt-beenhouwerij",
    "topCategoryId": "33",
    "businessDomain": "RETAIL_BE",
    "IsPrivateLabel": false,
    "IsBiffe": false,
    "WeightconversionFactor": "0",
    "IsWeightArticle": false,
    "nutriscoreLabel": "D",
    "IsBio": false,
    "CountryOfOrigin": "BELGIË",
    "IsExclusivelySoldInLuxembourg": false,
    "OrderUnit": "P",
    "ShortName": "PIZZA TRADITIONALE 500G",
    "IsNew": false,
    "EcoscoreLabel": "D",
    "RecentQuanityOfStockUnits": "1,1",
    "LongName": "pizza traditionale ±500g",
    "AlcoholVolume": "0",
    "FicCode": "I",
    "EcoscoreValue": "39"
  },
  {
    "productId": "6746",
    "technicalArticleNumber": "1159366",
    "commercialArticleNumber": "10137",
    "name": "spieringgebraad",
    "description": "*Stuk uit de nek\n*België\n*Bakken in de oven\n±15 min op 200°\ndan ±45 min op 180°",
    "thumbNail": "https://static.colruytgroup.com/images/200x200/std.lang.all/20/06/asset-392006.jpg",
    "fullImage": "https://static.colruytgroup.com/images/500x500/std.lang.all/20/06/asset-392006.jpg",
    "squareImage": "https://static.colruytgroup.com/images/500x500sq/std.lang.all/20/06/asset-392006.jpg",
    "walkRouteSequenceNumber": 19205,
    "price": {
      "basicPrice": 8.19,
      "recommendedQuantity": "1.0",
      "unit": "K",
      "measurementUnitPrice": 8.19,
      "measurementUnit": "K",
      "isRedPrice": false,
      "pricePerUOM": 8.19,
      "activationDate": "12-03-2024",
      "isPromoActive": "N",
      "priceChangeCode": "H"
    },
    "isAvailable": true,
    "isPriceAvailable": true,
    "inPromo": false,
    "topCategoryName": "Colruyt-beenhouwerij",
    "topCategoryId": "33",
    "businessDomain": "RETAIL_BE",
    "IsPrivateLabel": false,
    "IsBiffe": false,
    "WeightconversionFactor": "1000",
    "IsWeightArticle": true,
    "nutriscoreLabel": "B",
    "IsBio": false,
    "CountryOfOrigin": "BELGIË",
    "IsExclusivelySoldInLuxembourg": false,
    "OrderUnit": "Kg",
    "ShortName": "SPIERINGGEBRAAD W",
    "IsNew": false,
    "EcoscoreLabel": "E",
    "RecentQuanityOfStockUnits": "1,1",
    "LongName": "spieringgebraad",
    "AlcoholVolume": "0",
    "FicCode": "I",
    "EcoscoreValue": "0"
  },
  {
    "productId": "258113",
    "technicalArticleNumber": "3582459",
    "commercialArticleNumber": "17354",
    "name": "varkensgebraad champi.saus",
    "description": "*Voorverwarmde oven\nop 150° +-40 min.\n*micro-golf 750ww\n7 tot 8 min.",
    "thumbNail": "https://static.colruytgroup.com/images/200x200/std.lang.all/07/63/asset-1970763.jpg",
    "fullImage": "https://static.colruytgroup.com/images/500x500/std.lang.all/07/63/asset-1970763.jpg",
    "squareImage": "https://static.colruytgroup.com/images/500x500sq/std.lang.all/07/63/asset-1970763.jpg",
    "content": "±600g",
    "walkRouteSequenceNumber": 19595,
    "price": {
      "basicPrice": 12.25,
      "recommendedQuantity": "0.6",
      "unit": "K",
      "measurementUnitPrice": 12.25,
      "measurementUnit": "K",
      "isRedPrice": false,
      "pricePerUOM": 12.25,
      "activationDate": "18-10-2023",
      "isPromoActive": "N",
      "priceChangeCode": "E"
    },
    "isAvailable": true,
    "isPriceAvailable": true,
    "inPromo": false,
    "topCategoryName": "Colruyt-beenhouwerij",
    "topCategoryId": "33",
    "businessDomain": "RETAIL_BE",
    "IsPrivateLabel": true,
    "IsBiffe": false,
    "WeightconversionFactor": "600",
    "IsWeightArticle": true,
    "nutriscoreLabel": "C",
    "IsBio": false,
    "IsExclusivelySoldInLuxembourg": false,
    "OrderUnit": "P",
    "ShortName": "VARKENSGEBRAAD CHAMPIGN",
    "IsNew": false,
    "RecentQuanityOfStockUnits": "1,1",
    "LongName": "varkensgebraad champi.saus ±600g",
    "AlcoholVolume": "0",
    "FicCode": "I"
  },
  {
    "productId": "6856",
    "technicalArticleNumber": "1159466",
    "commercialArticleNumber": "10177",
    "name": "borstfilet van eend",
    "description": "*Frankrijk\n*±300 g\n*Bak zonder vetstof\n*8' bakken op vel-\nkant,5' andere kant",
    "thumbNail": "https://static.colruytgroup.com/images/200x200/std.lang.all/98/41/asset-2349841.jpg",
    "fullImage": "https://static.colruytgroup.com/images/500x500/std.lang.all/98/41/asset-2349841.jpg",
    "squareImage": "https://static.colruytgroup.com/images/500x500sq/std.lang.all/98/41/asset-2349841.jpg",
    "walkRouteSequenceNumber": 19223,
    "price": {
      "basicPrice": 19.9,
      "recommendedQuantity": "0.3",
      "unit": "K",
      "measurementUnitPrice": 19.9,
      "measurementUnit": "K",
      "isRedPrice": false,
      "pricePerUOM": 19.9,
      "activationDate": "06-03-2024",
      "recordSource": "Offline",
      "isPromoActive": "N",
      "priceChangeCode": "L"
    },
    "isAvailable": true,
    "isPriceAvailable": true,
    "inPromo": false,
    "gtin": [
      "05400141316001"
    ],
    "topCategoryName": "Colruyt-beenhouwerij",
    "topCategoryId": "33",
    "businessDomain": "RETAIL_BE",
    "IsPrivateLabel": true,
    "IsBiffe": false,
    "WeightconversionFactor": "400",
    "IsWeightArticle": true,
    "nutriscoreLabel": "A",
    "IsBio": false,
    "IsExclusivelySoldInLuxembourg": false,
    "OrderUnit": "P",
    "ShortName": "EENDENFILET           W",
    "IsNew": false,
    "RecentQuanityOfStockUnits": "1,1",
    "LongName": "borstfilet van eend",
    "AlcoholVolume": "0",
    "FicCode": "I"
  },
  {
    "productId": "488100",
    "technicalArticleNumber": "4038055",
    "commercialArticleNumber": "11697",
    "name": "bereid lamsstoofpotje",
    "description": "*Voorverwarmde oven\nop 150° +-35 min.\n*Microgolfoven 750W\n7 tot 8 min.",
    "thumbNail": "https://static.colruytgroup.com/images/200x200/std.lang.all/47/95/asset-2384795.jpg",
    "fullImage": "https://static.colruytgroup.com/images/500x500/std.lang.all/47/95/asset-2384795.jpg",
    "squareImage": "https://static.colruytgroup.com/images/500x500sq/std.lang.all/47/95/asset-2384795.jpg",
    "content": "±600g",
    "walkRouteSequenceNumber": 19452,
    "price": {
      "basicPrice": 18.69,
      "recommendedQuantity": "0.6",
      "unit": "K",
      "measurementUnitPrice": 18.69,
      "measurementUnit": "K",
      "isRedPrice": false,
      "pricePerUOM": 18.69,
      "activationDate": "13-03-2024",
      "isPromoActive": "Y",
      "priceChangeCode": "E"
    },
    "isAvailable": true,
    "isPriceAvailable": true,
    "inPromo": false,
    "topCategoryName": "Colruyt-beenhouwerij",
    "topCategoryId": "33",
    "businessDomain": "RETAIL_BE",
    "IsPrivateLabel": false,
    "IsBiffe": false,
    "WeightconversionFactor": "600",
    "IsWeightArticle": true,
    "nutriscoreLabel": "C",
    "IsBio": false,
    "CountryOfOrigin": "BELGIË",
    "IsExclusivelySoldInLuxembourg": false,
    "OrderUnit": "P",
    "ShortName": "BEREID LAMSSTOOFPOTJE W",
    "IsNew": false,
    "EcoscoreLabel": "E",
    "RecentQuanityOfStockUnits": "1,1",
    "LongName": "bereid lamsstoofpotje ±600g",
    "AlcoholVolume": "0",
    "FicCode": "I",
    "EcoscoreValue": "0"
  },
  {
    "productId": "40355",
    "technicalArticleNumber": "2477684",
    "commercialArticleNumber": "39155",
    "name": "ambacht .worst pur porc st",
    "description": "*Rood label.\n*Tradioneel recept.\n*Frankrijk",
    "brand": "COLRUYT",
    "seoBrand": "Colruyt",
    "thumbNail": "https://static.colruytgroup.com/images/200x200/std.lang.all/26/43/asset-1252643.jpg",
    "fullImage": "https://static.colruytgroup.com/images/500x500/std.lang.all/26/43/asset-1252643.jpg",
    "squareImage": "https://static.colruytgroup.com/images/500x500sq/std.lang.all/26/43/asset-1252643.jpg",
    "content": "350g",
    "walkRouteSequenceNumber": 6763,
    "price": {
      "basicPrice": 7.19,
      "recommendedQuantity": "1.0",
      "measurementUnitPrice": 20.55,
      "measurementUnit": "K",
      "isRedPrice": false,
      "pricePerUOM": 20.55,
      "activationDate": "17-11-2023",
      "isPromoActive": "N",
      "priceChangeCode": "H"
    },
    "isAvailable": true,
    "isPriceAvailable": true,
    "inPromo": false,
    "gtin": [
      "15400141856184",
      "05400141323139"
    ],
    "topCategoryName": "Colruyt-beenhouwerij",
    "topCategoryId": "33",
    "businessDomain": "RETAIL_BE",
    "IsPrivateLabel": true,
    "IsBiffe": false,
    "WeightconversionFactor": "0",
    "IsWeightArticle": false,
    "nutriscoreLabel": "E",
    "IsBio": false,
    "CountryOfOrigin": "BELGIË",
    "IsExclusivelySoldInLuxembourg": false,
    "OrderUnit": "P",
    "ShortName": "BH AMB PUR PORC ST 350G",
    "IsNew": false,
    "EcoscoreLabel": "D",
    "RecentQuanityOfStockUnits": "1",
    "LongName": "COLRUYT ambacht .worst pur porc st 350g",
    "AlcoholVolume": "0",
    "FicCode": "I",
    "EcoscoreValue": "21"
  },
  {
    "productId": "40742",
    "technicalArticleNumber": "2476629",
    "commercialArticleNumber": "10917",
    "name": "epigram",
    "description": "*Schaap en Varken\n*±65gr\n*Te bakken ±10'",
    "thumbNail": "https://static.colruytgroup.com/images/200x200/std.lang.all/40/88/asset-394088.jpg",
    "fullImage": "https://static.colruytgroup.com/images/500x500/std.lang.all/40/88/asset-394088.jpg",
    "squareImage": "https://static.colruytgroup.com/images/500x500sq/std.lang.all/40/88/asset-394088.jpg",
    "content": "1 verp.=6 st",
    "walkRouteSequenceNumber": 19366,
    "price": {
      "basicPrice": 15.99,
      "recommendedQuantity": "0.1",
      "unit": "K",
      "measurementUnitPrice": 15.99,
      "measurementUnit": "K",
      "isRedPrice": false,
      "pricePerUOM": 15.99,
      "activationDate": "23-11-2023",
      "recordSource": "Offline",
      "isPromoActive": "N",
      "priceChangeCode": "H"
    },
    "isAvailable": true,
    "isPriceAvailable": true,
    "inPromo": false,
    "topCategoryName": "Colruyt-beenhouwerij",
    "topCategoryId": "33",
    "businessDomain": "RETAIL_BE",
    "IsPrivateLabel": true,
    "IsBiffe": false,
    "WeightconversionFactor": "420",
    "IsWeightArticle": true,
    "IsBio": false,
    "IsExclusivelySoldInLuxembourg": false,
    "OrderUnit": "P",
    "ShortName": "EPIGRAM",
    "InSeason": true,
    "IsNew": false,
    "RecentQuanityOfStockUnits": "1,1",
    "LongName": "epigram 1 verp.=6 st",
    "AlcoholVolume": "0",
    "StartSeasonDate": "17/01/2020",
    "FicCode": "I"
  },
  {
    "productId": "714764",
    "technicalArticleNumber": "4459321",
    "commercialArticleNumber": "19707",
    "name": "pizza kip kebab",
    "description": "*Voorverwarmde oven\n200° 8 à 10 min\n*Niet geschikt voor\nmicrogolf oven.",
    "thumbNail": "https://static.colruytgroup.com/images/200x200/std.lang.all/39/77/asset-2453977.jpg",
    "fullImage": "https://static.colruytgroup.com/images/500x500/std.lang.all/39/77/asset-2453977.jpg",
    "squareImage": "https://static.colruytgroup.com/images/500x500sq/std.lang.all/39/77/asset-2453977.jpg",
    "content": "±590g",
    "walkRouteSequenceNumber": 19064,
    "price": {
      "basicPrice": 6.49,
      "recommendedQuantity": "1.0",
      "measurementUnitPrice": 10.88,
      "measurementUnit": "K",
      "isRedPrice": false,
      "pricePerUOM": 10.88,
      "activationDate": "27-02-2024",
      "isPromoActive": "N",
      "priceChangeCode": "H"
    },
    "isAvailable": true,
    "isPriceAvailable": true,
    "inPromo": false,
    "topCategoryName": "Colruyt-beenhouwerij",
    "topCategoryId": "33",
    "businessDomain": "RETAIL_BE",
    "IsPrivateLabel": false,
    "IsBiffe": false,
    "WeightconversionFactor": "0",
    "IsWeightArticle": false,
    "nutriscoreLabel": "D",
    "IsBio": false,
    "CountryOfOrigin": "BELGIË",
    "IsExclusivelySoldInLuxembourg": false,
    "OrderUnit": "P",
    "ShortName": "PIZZA KIP KEBAB.590G",
    "IsNew": false,
    "EcoscoreLabel": "D",
    "RecentQuanityOfStockUnits": "1,1",
    "LongName": "pizza kip kebab ±590g",
    "AlcoholVolume": "0",
    "FicCode": "I",
    "EcoscoreValue": "39"
  },
  {
    "productId": "218712",
    "technicalArticleNumber": "3506756",
    "commercialArticleNumber": "14857",
    "name": "involtini",
    "description": "*Gerookte ham,kaas\n*Oven voorverwarmen\nBak minimum 15 min\nop 180°",
    "thumbNail": "https://static.colruytgroup.com/images/200x200/std.lang.all/82/63/asset-1028263.jpg",
    "fullImage": "https://static.colruytgroup.com/images/500x500/std.lang.all/82/63/asset-1028263.jpg",
    "squareImage": "https://static.colruytgroup.com/images/500x500sq/std.lang.all/82/63/asset-1028263.jpg",
    "walkRouteSequenceNumber": 19560,
    "price": {
      "basicPrice": 13.99,
      "recommendedQuantity": "1.0",
      "unit": "K",
      "measurementUnitPrice": 13.99,
      "measurementUnit": "K",
      "isRedPrice": false,
      "pricePerUOM": 13.99,
      "activationDate": "28-02-2024",
      "isPromoActive": "N",
      "priceChangeCode": "H"
    },
    "isAvailable": true,
    "isPriceAvailable": true,
    "inPromo": false,
    "topCategoryName": "Colruyt-beenhouwerij",
    "topCategoryId": "33",
    "businessDomain": "RETAIL_BE",
    "IsPrivateLabel": true,
    "IsBiffe": false,
    "WeightconversionFactor": "200",
    "IsWeightArticle": true,
    "nutriscoreLabel": "D",
    "IsBio": false,
    "IsExclusivelySoldInLuxembourg": false,
    "OrderUnit": "P",
    "ShortName": "INVOLTINI             W",
    "IsNew": false,
    "RecentQuanityOfStockUnits": "1,1",
    "LongName": "involtini",
    "AlcoholVolume": "0",
    "FicCode": "I"
  },
  {
    "productId": "6848",
    "technicalArticleNumber": "1159439",
    "commercialArticleNumber": "10150",
    "name": "varkensstoofvlees",
    "description": "*Varkensstoofvlees\n*België",
    "thumbNail": "https://static.colruytgroup.com/images/200x200/std.lang.all/68/50/asset-736850.jpg",
    "fullImage": "https://static.colruytgroup.com/images/500x500/std.lang.all/68/50/asset-736850.jpg",
    "squareImage": "https://static.colruytgroup.com/images/500x500sq/std.lang.all/68/50/asset-736850.jpg",
    "walkRouteSequenceNumber": 19217,
    "price": {
      "basicPrice": 5.44,
      "recommendedQuantity": "0.8",
      "unit": "K",
      "measurementUnitPrice": 5.44,
      "measurementUnit": "K",
      "isRedPrice": false,
      "pricePerUOM": 5.44,
      "activationDate": "19-03-2024",
      "recordSource": "Folder",
      "isPromoActive": "N",
      "priceChangeCode": "L"
    },
    "isAvailable": true,
    "isPriceAvailable": true,
    "inPromo": false,
    "topCategoryName": "Colruyt-beenhouwerij",
    "topCategoryId": "33",
    "businessDomain": "RETAIL_BE",
    "IsPrivateLabel": false,
    "IsBiffe": false,
    "WeightconversionFactor": "1000",
    "IsWeightArticle": true,
    "nutriscoreLabel": "A",
    "IsBio": false,
    "CountryOfOrigin": "BELGIË",
    "IsExclusivelySoldInLuxembourg": false,
    "OrderUnit": "Kg",
    "ShortName": "VARKENSSTOOFVLEES W",
    "IsNew": false,
    "EcoscoreLabel": "E",
    "RecentQuanityOfStockUnits": "1,1",
    "LongName": "varkensstoofvlees",
    "AlcoholVolume": "0",
    "FicCode": "I",
    "EcoscoreValue": "0"
  },
  {
    "productId": "2997",
    "technicalArticleNumber": "1043481",
    "commercialArticleNumber": "27445",
    "name": "gaumais worst",
    "description": "*Geen aditieven\nenkel nitri zout\n*Artisanale product\n*Belgie",
    "brand": "COLRUYT",
    "seoBrand": "Colruyt",
    "thumbNail": "https://static.colruytgroup.com/images/200x200/std.lang.all/27/92/asset-1252792.jpg",
    "fullImage": "https://static.colruytgroup.com/images/500x500/std.lang.all/27/92/asset-1252792.jpg",
    "squareImage": "https://static.colruytgroup.com/images/500x500sq/std.lang.all/27/92/asset-1252792.jpg",
    "content": "370g",
    "walkRouteSequenceNumber": 6766,
    "price": {
      "basicPrice": 5.95,
      "recommendedQuantity": "1.0",
      "measurementUnitPrice": 16.09,
      "measurementUnit": "K",
      "isRedPrice": false,
      "pricePerUOM": 16.09,
      "activationDate": "17-11-2023",
      "isPromoActive": "N",
      "priceChangeCode": "E"
    },
    "isAvailable": true,
    "isPriceAvailable": true,
    "inPromo": false,
    "gtin": [
      "05400141274455",
      "05400141324334"
    ],
    "topCategoryName": "Colruyt-beenhouwerij",
    "topCategoryId": "33",
    "businessDomain": "RETAIL_BE",
    "IsPrivateLabel": true,
    "IsBiffe": false,
    "WeightconversionFactor": "0",
    "IsWeightArticle": false,
    "nutriscoreLabel": "E",
    "IsBio": false,
    "CountryOfOrigin": "BELGIË",
    "IsExclusivelySoldInLuxembourg": false,
    "OrderUnit": "P",
    "ShortName": "BH GAUMAIS WORST 370G",
    "InSeason": true,
    "IsNew": false,
    "EcoscoreLabel": "D",
    "RecentQuanityOfStockUnits": "1",
    "LongName": "COLRUYT gaumais worst 370g",
    "AlcoholVolume": "0",
    "StartSeasonDate": "27/03/2001",
    "FicCode": "I",
    "EcoscoreValue": "35"
  },
  {
    "productId": "7756",
    "technicalArticleNumber": "1158630",
    "commercialArticleNumber": "10027",
    "name": "rosbief chateaubriand",
    "description": "*Mals stuk uit de\nbil\n*Bak aan in de pan\n+-25min in oven 180°",
    "thumbNail": "https://static.colruytgroup.com/images/200x200/std.lang.all/11/13/asset-351113.jpg",
    "fullImage": "https://static.colruytgroup.com/images/500x500/std.lang.all/11/13/asset-351113.jpg",
    "squareImage": "https://static.colruytgroup.com/images/500x500sq/std.lang.all/11/13/asset-351113.jpg",
    "walkRouteSequenceNumber": 19132,
    "price": {
      "basicPrice": 20.49,
      "recommendedQuantity": "1.0",
      "unit": "K",
      "measurementUnitPrice": 20.49,
      "measurementUnit": "K",
      "isRedPrice": false,
      "pricePerUOM": 20.49,
      "activationDate": "01-03-2024",
      "isPromoActive": "N",
      "priceChangeCode": "E"
    },
    "isAvailable": true,
    "isPriceAvailable": true,
    "inPromo": false,
    "gtin": [
      "05400141305876"
    ],
    "topCategoryName": "Colruyt-beenhouwerij",
    "topCategoryId": "33",
    "businessDomain": "RETAIL_BE",
    "IsPrivateLabel": false,
    "IsBiffe": false,
    "WeightconversionFactor": "1000",
    "IsWeightArticle": true,
    "nutriscoreLabel": "A",
    "IsBio": false,
    "CountryOfOrigin": "BELGIË",
    "IsExclusivelySoldInLuxembourg": false,
    "OrderUnit": "Kg",
    "ShortName": "ROSBIEF CHATEAUBRIAND W",
    "IsNew": false,
    "EcoscoreLabel": "E",
    "RecentQuanityOfStockUnits": "1,1,1",
    "LongName": "rosbief chateaubriand",
    "AlcoholVolume": "0",
    "FicCode": "I",
    "EcoscoreValue": "0"
  },
  {
    "productId": "86062",
    "technicalArticleNumber": "2927914",
    "commercialArticleNumber": "11221",
    "name": "kleine balletjes in tomatensaus",
    "description": "*Gekookte balletjes\n*België",
    "thumbNail": "https://static.colruytgroup.com/images/200x200/std.lang.all/80/68/asset-348068.jpg",
    "fullImage": "https://static.colruytgroup.com/images/500x500/std.lang.all/80/68/asset-348068.jpg",
    "squareImage": "https://static.colruytgroup.com/images/500x500sq/std.lang.all/80/68/asset-348068.jpg",
    "walkRouteSequenceNumber": 19385,
    "price": {
      "basicPrice": 13,
      "recommendedQuantity": "0.2",
      "unit": "K",
      "measurementUnitPrice": 13,
      "measurementUnit": "K",
      "isRedPrice": false,
      "pricePerUOM": 13,
      "activationDate": "08-03-2024",
      "isPromoActive": "N",
      "priceChangeCode": "E"
    },
    "isAvailable": true,
    "isPriceAvailable": true,
    "inPromo": false,
    "gtin": [
      "05400141316681"
    ],
    "topCategoryName": "Colruyt-beenhouwerij",
    "topCategoryId": "33",
    "businessDomain": "RETAIL_BE",
    "IsPrivateLabel": false,
    "IsBiffe": false,
    "WeightconversionFactor": "200",
    "IsWeightArticle": true,
    "nutriscoreLabel": "C",
    "IsBio": false,
    "CountryOfOrigin": "BELGIË",
    "IsExclusivelySoldInLuxembourg": false,
    "OrderUnit": "Kg",
    "ShortName": "KLEIN BALLETJE TOM W",
    "IsNew": false,
    "EcoscoreLabel": "E",
    "RecentQuanityOfStockUnits": "1",
    "LongName": "kleine balletjes in tomatensaus",
    "AlcoholVolume": "0",
    "FicCode": "I",
    "EcoscoreValue": "7"
  },
  {
    "productId": "101883",
    "technicalArticleNumber": "3088495",
    "commercialArticleNumber": "27191",
    "name": "salami boerke",
    "description": "Gefermenteerde ambachtelijke droge\nworst op basis van gekruid\nvarkensvlees.",
    "thumbNail": "https://static.colruytgroup.com/images/200x200/std.lang.all/26/44/asset-1252644.jpg",
    "fullImage": "https://static.colruytgroup.com/images/500x500/std.lang.all/26/44/asset-1252644.jpg",
    "squareImage": "https://static.colruytgroup.com/images/500x500sq/std.lang.all/26/44/asset-1252644.jpg",
    "content": "400g",
    "walkRouteSequenceNumber": 6762,
    "price": {
      "basicPrice": 6.19,
      "recommendedQuantity": "1.0",
      "measurementUnitPrice": 15.48,
      "measurementUnit": "K",
      "isRedPrice": false,
      "pricePerUOM": 15.48,
      "activationDate": "14-12-2023",
      "isPromoActive": "N",
      "priceChangeCode": "E"
    },
    "isAvailable": true,
    "isPriceAvailable": true,
    "inPromo": false,
    "gtin": [
      "05413131080981",
      "15400141323310",
      "00321564123166"
    ],
    "topCategoryName": "Colruyt-beenhouwerij",
    "topCategoryId": "33",
    "businessDomain": "RETAIL_BE",
    "IsPrivateLabel": false,
    "IsBiffe": false,
    "WeightconversionFactor": "0",
    "IsWeightArticle": false,
    "nutriscoreLabel": "E",
    "IsBio": false,
    "CountryOfOrigin": "BELGIË",
    "IsExclusivelySoldInLuxembourg": false,
    "OrderUnit": "P",
    "ShortName": "BH BOERKE 400GR",
    "IsNew": false,
    "EcoscoreLabel": "C",
    "RecentQuanityOfStockUnits": "1",
    "LongName": "salami boerke 400g",
    "AlcoholVolume": "0",
    "FicCode": "E",
    "EcoscoreValue": "47"
  },
  {
    "productId": "258119",
    "technicalArticleNumber": "3582465",
    "commercialArticleNumber": "17356",
    "name": "varkensgebraad pepersaus",
    "description": "*Voorverwarmde oven\nop 150° +-40 min.\n*Micro golf 750w\n7 tot 8 min.",
    "thumbNail": "https://static.colruytgroup.com/images/200x200/std.lang.all/80/73/asset-1178073.jpg",
    "fullImage": "https://static.colruytgroup.com/images/500x500/std.lang.all/80/73/asset-1178073.jpg",
    "squareImage": "https://static.colruytgroup.com/images/500x500sq/std.lang.all/80/73/asset-1178073.jpg",
    "content": "±600g",
    "walkRouteSequenceNumber": 19596,
    "price": {
      "basicPrice": 12.25,
      "recommendedQuantity": "0.6",
      "unit": "K",
      "measurementUnitPrice": 12.25,
      "measurementUnit": "K",
      "isRedPrice": false,
      "pricePerUOM": 12.25,
      "activationDate": "18-10-2023",
      "isPromoActive": "N",
      "priceChangeCode": "E"
    },
    "isAvailable": true,
    "isPriceAvailable": true,
    "inPromo": false,
    "topCategoryName": "Colruyt-beenhouwerij",
    "topCategoryId": "33",
    "businessDomain": "RETAIL_BE",
    "IsPrivateLabel": true,
    "IsBiffe": false,
    "WeightconversionFactor": "600",
    "IsWeightArticle": true,
    "nutriscoreLabel": "D",
    "IsBio": false,
    "IsExclusivelySoldInLuxembourg": false,
    "OrderUnit": "P",
    "ShortName": "VARKENSGEBRAAD PEPERSAU",
    "IsNew": false,
    "RecentQuanityOfStockUnits": "1,1",
    "LongName": "varkensgebraad pepersaus ±600g",
    "AlcoholVolume": "0",
    "FicCode": "I"
  },
  {
    "productId": "259346",
    "technicalArticleNumber": "3582527",
    "commercialArticleNumber": "17617",
    "name": "scharfiletrol witte wijnsaus",
    "description": "*Voorverwarmde oven\nop 150° 20 à 25 min\n*Microgolf 750W\n5 tot 6 min.(±600g)",
    "thumbNail": "https://static.colruytgroup.com/images/200x200/std.lang.all/52/91/asset-2355291.jpg",
    "fullImage": "https://static.colruytgroup.com/images/500x500/std.lang.all/52/91/asset-2355291.jpg",
    "squareImage": "https://static.colruytgroup.com/images/500x500sq/std.lang.all/52/91/asset-2355291.jpg",
    "content": "±600g",
    "walkRouteSequenceNumber": 19601,
    "price": {
      "basicPrice": 19.55,
      "recommendedQuantity": "0.6",
      "unit": "K",
      "measurementUnitPrice": 19.55,
      "measurementUnit": "K",
      "isRedPrice": false,
      "pricePerUOM": 19.55,
      "activationDate": "02-01-2024",
      "isPromoActive": "N",
      "priceChangeCode": "E"
    },
    "isAvailable": true,
    "isPriceAvailable": true,
    "inPromo": false,
    "topCategoryName": "Colruyt-beenhouwerij",
    "topCategoryId": "33",
    "businessDomain": "RETAIL_BE",
    "IsPrivateLabel": true,
    "IsBiffe": false,
    "WeightconversionFactor": "600",
    "IsWeightArticle": true,
    "nutriscoreLabel": "C",
    "IsBio": false,
    "IsExclusivelySoldInLuxembourg": false,
    "OrderUnit": "P",
    "ShortName": "SCHAR WIT WIJN SAUS",
    "IsNew": false,
    "RecentQuanityOfStockUnits": "1,1",
    "LongName": "scharfiletrol witte wijnsaus ±600g",
    "AlcoholVolume": "0",
    "FicCode": "I"
  },
  {
    "productId": "6747",
    "technicalArticleNumber": "1159368",
    "commercialArticleNumber": "10138",
    "name": "gebraad van koteletten",
    "description": "*Mager\n*België\n*Bakken in de oven\n±15 min op 200°\ndan ±45 min op 180°",
    "thumbNail": "https://static.colruytgroup.com/images/200x200/std.lang.all/87/78/asset-2528778.jpg",
    "fullImage": "https://static.colruytgroup.com/images/500x500/std.lang.all/87/78/asset-2528778.jpg",
    "squareImage": "https://static.colruytgroup.com/images/500x500sq/std.lang.all/87/78/asset-2528778.jpg",
    "walkRouteSequenceNumber": 19206,
    "price": {
      "basicPrice": 8.35,
      "recommendedQuantity": "0.8",
      "unit": "K",
      "measurementUnitPrice": 8.35,
      "measurementUnit": "K",
      "isRedPrice": false,
      "pricePerUOM": 8.35,
      "activationDate": "20-03-2024",
      "recordSource": "Folder",
      "isPromoActive": "N",
      "priceChangeCode": "L"
    },
    "isAvailable": true,
    "isPriceAvailable": true,
    "inPromo": false,
    "topCategoryName": "Colruyt-beenhouwerij",
    "topCategoryId": "33",
    "businessDomain": "RETAIL_BE",
    "IsPrivateLabel": false,
    "IsBiffe": false,
    "WeightconversionFactor": "1000",
    "IsWeightArticle": true,
    "nutriscoreLabel": "B",
    "IsBio": false,
    "CountryOfOrigin": "BELGIË",
    "IsExclusivelySoldInLuxembourg": false,
    "OrderUnit": "Kg",
    "ShortName": "GEBRAAD VAN KOTELETTENW",
    "IsNew": false,
    "EcoscoreLabel": "E",
    "RecentQuanityOfStockUnits": "1,1",
    "LongName": "gebraad van koteletten",
    "AlcoholVolume": "0",
    "FicCode": "I",
    "EcoscoreValue": "0"
  },
  {
    "productId": "23049",
    "technicalArticleNumber": "1925731",
    "commercialArticleNumber": "12988",
    "name": "gevulde aardappel",
    "description": "*Met spekblokjes\n*Voorverwarmde oven\nop 200°.\n*Bak 15 à 20 min",
    "thumbNail": "https://static.colruytgroup.com/images/200x200/std.lang.all/06/48/asset-650648.jpg",
    "fullImage": "https://static.colruytgroup.com/images/500x500/std.lang.all/06/48/asset-650648.jpg",
    "squareImage": "https://static.colruytgroup.com/images/500x500sq/std.lang.all/06/48/asset-650648.jpg",
    "content": "1verp.=4 st",
    "walkRouteSequenceNumber": 19510,
    "price": {
      "basicPrice": 11.78,
      "recommendedQuantity": "0.8",
      "unit": "K",
      "measurementUnitPrice": 11.78,
      "measurementUnit": "K",
      "isRedPrice": false,
      "pricePerUOM": 11.78,
      "activationDate": "03-01-2023",
      "isPromoActive": "N",
      "priceChangeCode": "H"
    },
    "isAvailable": true,
    "isPriceAvailable": true,
    "inPromo": false,
    "topCategoryName": "Colruyt-beenhouwerij",
    "topCategoryId": "33",
    "businessDomain": "RETAIL_BE",
    "IsPrivateLabel": true,
    "IsBiffe": false,
    "WeightconversionFactor": "800",
    "IsWeightArticle": true,
    "nutriscoreLabel": "C",
    "IsBio": false,
    "CountryOfOrigin": "BELGIË",
    "IsExclusivelySoldInLuxembourg": false,
    "OrderUnit": "P",
    "ShortName": "GEVULDE AARDAPPEL     W",
    "IsNew": false,
    "RecentQuanityOfStockUnits": "1,1",
    "LongName": "gevulde aardappel 1verp.=4 st",
    "AlcoholVolume": "0",
    "FicCode": "I"
  },
  {
    "productId": "8249",
    "technicalArticleNumber": "1159200",
    "commercialArticleNumber": "10119",
    "name": "gevulde tomaten",
    "description": "*Voorverwarmde oven\n180° Bak ±30min",
    "thumbNail": "https://static.colruytgroup.com/images/200x200/std.lang.all/06/36/asset-340636.jpg",
    "fullImage": "https://static.colruytgroup.com/images/500x500/std.lang.all/06/36/asset-340636.jpg",
    "squareImage": "https://static.colruytgroup.com/images/500x500sq/std.lang.all/06/36/asset-340636.jpg",
    "walkRouteSequenceNumber": 19190,
    "price": {
      "basicPrice": 11.49,
      "recommendedQuantity": "0.4",
      "unit": "K",
      "measurementUnitPrice": 11.49,
      "measurementUnit": "K",
      "isRedPrice": false,
      "pricePerUOM": 11.49,
      "activationDate": "23-03-2024",
      "isPromoActive": "N",
      "priceChangeCode": "H"
    },
    "isAvailable": true,
    "isPriceAvailable": true,
    "inPromo": false,
    "topCategoryName": "Colruyt-beenhouwerij",
    "topCategoryId": "33",
    "businessDomain": "RETAIL_BE",
    "IsPrivateLabel": false,
    "IsBiffe": false,
    "WeightconversionFactor": "250",
    "IsWeightArticle": true,
    "nutriscoreLabel": "C",
    "IsBio": false,
    "CountryOfOrigin": "BELGIË",
    "IsExclusivelySoldInLuxembourg": false,
    "OrderUnit": "P",
    "ShortName": "GEVULDE TOMATEN W",
    "IsNew": false,
    "EcoscoreLabel": "D",
    "RecentQuanityOfStockUnits": "1,1",
    "LongName": "gevulde tomaten",
    "AlcoholVolume": "0",
    "FicCode": "I",
    "EcoscoreValue": "27"
  },
  {
    "productId": "7936",
    "technicalArticleNumber": "1158797",
    "commercialArticleNumber": "10063",
    "name": "kalfsblanquette extra zonder been",
    "description": "*Magere blokjes\nzonder been\n*Aanbakken en stoven\n+-1,5 uur sudderen",
    "thumbNail": "https://static.colruytgroup.com/images/200x200/std.lang.all/99/85/asset-1599985.jpg",
    "fullImage": "https://static.colruytgroup.com/images/500x500/std.lang.all/99/85/asset-1599985.jpg",
    "squareImage": "https://static.colruytgroup.com/images/500x500sq/std.lang.all/99/85/asset-1599985.jpg",
    "walkRouteSequenceNumber": 19161,
    "price": {
      "basicPrice": 18.15,
      "recommendedQuantity": "0.9",
      "unit": "K",
      "measurementUnitPrice": 18.15,
      "measurementUnit": "K",
      "isRedPrice": false,
      "pricePerUOM": 18.15,
      "activationDate": "21-03-2024",
      "recordSource": "Offline",
      "isPromoActive": "N",
      "priceChangeCode": "E"
    },
    "isAvailable": true,
    "isPriceAvailable": true,
    "inPromo": false,
    "topCategoryName": "Colruyt-beenhouwerij",
    "topCategoryId": "33",
    "businessDomain": "RETAIL_BE",
    "IsPrivateLabel": false,
    "IsBiffe": false,
    "WeightconversionFactor": "1000",
    "IsWeightArticle": true,
    "nutriscoreLabel": "B",
    "IsBio": false,
    "CountryOfOrigin": "BELGIË",
    "IsExclusivelySoldInLuxembourg": false,
    "OrderUnit": "Kg",
    "ShortName": "EXTRA KALFSBLANQUETTE W",
    "IsNew": false,
    "EcoscoreLabel": "E",
    "RecentQuanityOfStockUnits": "1,1",
    "LongName": "kalfsblanquette extra zonder been",
    "AlcoholVolume": "0",
    "FicCode": "I",
    "EcoscoreValue": "0"
  },
  {
    "productId": "254332",
    "technicalArticleNumber": "3605458",
    "commercialArticleNumber": "16463",
    "name": "kipsalade",
    "description": "*Kippenvlees\nval dieu\n*Belgie",
    "brand": "COLRUYT",
    "seoBrand": "Colruyt",
    "thumbNail": "https://static.colruytgroup.com/images/200x200/std.lang.all/31/22/asset-2503122.jpg",
    "fullImage": "https://static.colruytgroup.com/images/500x500/std.lang.all/31/22/asset-2503122.jpg",
    "squareImage": "https://static.colruytgroup.com/images/500x500sq/std.lang.all/31/22/asset-2503122.jpg",
    "content": "150g",
    "walkRouteSequenceNumber": 7962,
    "price": {
      "basicPrice": 3.45,
      "recommendedQuantity": "1.0",
      "measurementUnitPrice": 23,
      "measurementUnit": "K",
      "isRedPrice": false,
      "pricePerUOM": 23,
      "activationDate": "31-01-2024",
      "recordSource": "Offline",
      "isPromoActive": "N",
      "priceChangeCode": "E"
    },
    "isAvailable": true,
    "isPriceAvailable": true,
    "inPromo": false,
    "gtin": [
      "05400141406139",
      "05400141240610",
      "05400141550085",
      "05400141067972"
    ],
    "topCategoryName": "Colruyt-beenhouwerij",
    "topCategoryId": "33",
    "businessDomain": "RETAIL_BE",
    "IsPrivateLabel": true,
    "IsBiffe": false,
    "WeightconversionFactor": "0",
    "IsWeightArticle": false,
    "nutriscoreLabel": "D",
    "IsBio": false,
    "CountryOfOrigin": "BELGIË",
    "IsExclusivelySoldInLuxembourg": false,
    "OrderUnit": "P",
    "ShortName": "ZBH KIPSALADE 150G",
    "IsNew": false,
    "EcoscoreLabel": "D",
    "RecentQuanityOfStockUnits": "1",
    "LongName": "COLRUYT kipsalade 150g",
    "AlcoholVolume": "0",
    "FicCode": "I",
    "EcoscoreValue": "35"
  },
  {
    "productId": "909993",
    "technicalArticleNumber": "4759391",
    "commercialArticleNumber": "6594",
    "name": "Welzijn kippenvleugel",
    "description": "*Kippenvleugel\n*België\n*Welzijn",
    "thumbNail": "https://static.colruytgroup.com/images/200x200/std.lang.all/65/83/asset-3346583.jpg",
    "fullImage": "https://static.colruytgroup.com/images/500x500/std.lang.all/65/83/asset-3346583.jpg",
    "squareImage": "https://static.colruytgroup.com/images/500x500sq/std.lang.all/65/83/asset-3346583.jpg",
    "content": "±600g",
    "walkRouteSequenceNumber": 18781,
    "price": {
      "basicPrice": 6.82,
      "recommendedQuantity": "1.0",
      "unit": "K",
      "measurementUnitPrice": 6.82,
      "measurementUnit": "K",
      "isRedPrice": false,
      "pricePerUOM": 6.82,
      "activationDate": "23-03-2024",
      "recordSource": "Offline",
      "isPromoActive": "N",
      "priceChangeCode": "E"
    },
    "isAvailable": true,
    "isPriceAvailable": true,
    "inPromo": false,
    "gtin": [
      "95400141502704",
      "05400141502701"
    ],
    "topCategoryName": "Colruyt-beenhouwerij",
    "topCategoryId": "33",
    "businessDomain": "RETAIL_BE",
    "IsPrivateLabel": false,
    "IsBiffe": false,
    "WeightconversionFactor": "600",
    "IsWeightArticle": true,
    "nutriscoreLabel": "A",
    "IsBio": false,
    "CountryOfOrigin": "BELGIË",
    "IsExclusivelySoldInLuxembourg": false,
    "OrderUnit": "P",
    "ShortName": "BH WELZ.KIP.VLEU+-600GW",
    "IsNew": false,
    "EcoscoreLabel": "E",
    "RecentQuanityOfStockUnits": "1,1,1",
    "LongName": "Welzijn kippenvleugel ±600g",
    "AlcoholVolume": "0",
    "FicCode": "I",
    "EcoscoreValue": "15"
  },
  {
    "productId": "6752",
    "technicalArticleNumber": "1159394",
    "commercialArticleNumber": "10141",
    "name": "varkens lage rib",
    "description": "*Malse kotelet\n*Met been ±160g\n*België\n*4' à 5' bakken\naan beide kanten",
    "thumbNail": "https://static.colruytgroup.com/images/200x200/std.lang.all/48/19/asset-334819.jpg",
    "fullImage": "https://static.colruytgroup.com/images/500x500/std.lang.all/48/19/asset-334819.jpg",
    "squareImage": "https://static.colruytgroup.com/images/500x500sq/std.lang.all/48/19/asset-334819.jpg",
    "walkRouteSequenceNumber": 19209,
    "price": {
      "basicPrice": 7.71,
      "recommendedQuantity": "0.9",
      "unit": "K",
      "measurementUnitPrice": 7.71,
      "measurementUnit": "K",
      "isRedPrice": false,
      "pricePerUOM": 7.71,
      "activationDate": "14-11-2023",
      "isPromoActive": "N",
      "priceChangeCode": "E"
    },
    "isAvailable": true,
    "isPriceAvailable": true,
    "inPromo": false,
    "topCategoryName": "Colruyt-beenhouwerij",
    "topCategoryId": "33",
    "businessDomain": "RETAIL_BE",
    "IsPrivateLabel": false,
    "IsBiffe": false,
    "WeightconversionFactor": "180",
    "IsWeightArticle": true,
    "nutriscoreLabel": "A",
    "IsBio": false,
    "CountryOfOrigin": "BELGIË",
    "IsExclusivelySoldInLuxembourg": false,
    "OrderUnit": "P",
    "ShortName": "VARKENS LAGE RIB W",
    "IsNew": false,
    "EcoscoreLabel": "E",
    "RecentQuanityOfStockUnits": "1,1",
    "LongName": "varkens lage rib",
    "AlcoholVolume": "0",
    "FicCode": "I",
    "EcoscoreValue": "0"
  },
  {
    "productId": "182875",
    "technicalArticleNumber": "3373446",
    "commercialArticleNumber": "10462",
    "name": "dunne lende vrouwelijk",
    "description": "*Vrouwelijk\n*Extra veel smaak\n*België\n*2cm +-500g",
    "thumbNail": "https://static.colruytgroup.com/images/200x200/std.lang.all/00/98/asset-690098.jpg",
    "fullImage": "https://static.colruytgroup.com/images/500x500/std.lang.all/00/98/asset-690098.jpg",
    "squareImage": "https://static.colruytgroup.com/images/500x500sq/std.lang.all/00/98/asset-690098.jpg",
    "walkRouteSequenceNumber": 19287,
    "price": {
      "basicPrice": 18.95,
      "recommendedQuantity": "1.0",
      "unit": "K",
      "measurementUnitPrice": 18.95,
      "measurementUnit": "K",
      "isRedPrice": false,
      "pricePerUOM": 18.95,
      "activationDate": "20-03-2024",
      "recordSource": "Folder",
      "isPromoActive": "N",
      "priceChangeCode": "L"
    },
    "isAvailable": true,
    "isPriceAvailable": true,
    "inPromo": false,
    "topCategoryName": "Colruyt-beenhouwerij",
    "topCategoryId": "33",
    "businessDomain": "RETAIL_BE",
    "IsPrivateLabel": true,
    "IsBiffe": false,
    "WeightconversionFactor": "100",
    "IsWeightArticle": true,
    "nutriscoreLabel": "A",
    "IsBio": false,
    "IsExclusivelySoldInLuxembourg": false,
    "OrderUnit": "Kg",
    "ShortName": "DUNNE LENDE VROUWELIJK",
    "IsNew": false,
    "RecentQuanityOfStockUnits": "1,1",
    "LongName": "dunne lende vrouwelijk",
    "AlcoholVolume": "0",
    "FicCode": "I"
  },
  {
    "productId": "122550",
    "technicalArticleNumber": "3191847",
    "commercialArticleNumber": "11523",
    "name": "familiegourmet",
    "description": "*Chipolata,merguez,\nvarkensvlees,\nkalkoen,burger\n*±300g per pers",
    "thumbNail": "https://static.colruytgroup.com/images/200x200/std.lang.all/31/48/asset-3323148.jpg",
    "fullImage": "https://static.colruytgroup.com/images/500x500/std.lang.all/31/48/asset-3323148.jpg",
    "squareImage": "https://static.colruytgroup.com/images/500x500sq/std.lang.all/31/48/asset-3323148.jpg",
    "walkRouteSequenceNumber": 19429,
    "price": {
      "basicPrice": 15.95,
      "recommendedQuantity": "0.5",
      "unit": "K",
      "measurementUnitPrice": 15.95,
      "measurementUnit": "K",
      "isRedPrice": false,
      "pricePerUOM": 15.95,
      "activationDate": "15-02-2024",
      "recordSource": "Offline",
      "isPromoActive": "N",
      "priceChangeCode": "H"
    },
    "isAvailable": true,
    "isPriceAvailable": true,
    "inPromo": false,
    "topCategoryName": "Colruyt-beenhouwerij",
    "topCategoryId": "33",
    "businessDomain": "RETAIL_BE",
    "IsPrivateLabel": false,
    "IsBiffe": false,
    "WeightconversionFactor": "1500",
    "IsWeightArticle": true,
    "nutriscoreLabel": "C",
    "IsBio": false,
    "IsExclusivelySoldInLuxembourg": false,
    "OrderUnit": "Kg",
    "ShortName": "FAMILIE GOURMET       W",
    "IsNew": false,
    "RecentQuanityOfStockUnits": "1",
    "LongName": "familiegourmet",
    "AlcoholVolume": "0",
    "FicCode": "I"
  },
  {
    "productId": "876422",
    "technicalArticleNumber": "4732021",
    "commercialArticleNumber": "5048",
    "name": "Pizza 4 kazen",
    "description": "*Voorverwarmde oven\nop 200° 8 à 10 Min\n*Niet voor\nmicro-golf",
    "thumbNail": "https://static.colruytgroup.com/images/200x200/std.lang.all/79/26/asset-3377926.jpg",
    "fullImage": "https://static.colruytgroup.com/images/500x500/std.lang.all/79/26/asset-3377926.jpg",
    "squareImage": "https://static.colruytgroup.com/images/500x500sq/std.lang.all/79/26/asset-3377926.jpg",
    "content": "495g",
    "walkRouteSequenceNumber": 18843,
    "price": {
      "basicPrice": 6.49,
      "recommendedQuantity": "1.0",
      "measurementUnitPrice": 12.81,
      "measurementUnit": "K",
      "isRedPrice": false,
      "pricePerUOM": 12.81,
      "activationDate": "04-03-2024",
      "isPromoActive": "N",
      "priceChangeCode": "E"
    },
    "isAvailable": true,
    "isPriceAvailable": true,
    "inPromo": false,
    "topCategoryName": "Colruyt-beenhouwerij",
    "topCategoryId": "33",
    "businessDomain": "RETAIL_BE",
    "IsPrivateLabel": false,
    "IsBiffe": false,
    "WeightconversionFactor": "0",
    "IsWeightArticle": false,
    "nutriscoreLabel": "D",
    "IsBio": false,
    "CountryOfOrigin": "BELGIË",
    "IsExclusivelySoldInLuxembourg": false,
    "OrderUnit": "P",
    "ShortName": "PIZZA 4 KAZEN 495GR",
    "IsNew": false,
    "EcoscoreLabel": "D",
    "RecentQuanityOfStockUnits": "1,1",
    "LongName": "Pizza 4 kazen 495g",
    "FicCode": "I",
    "EcoscoreValue": "37"
  },
  {
    "productId": "6846",
    "technicalArticleNumber": "1159436",
    "commercialArticleNumber": "10149",
    "name": "ribbetjes",
    "description": "*Carréribben\n*België\n*Stoven, Bakken\nin oven, braadpan",
    "thumbNail": "https://static.colruytgroup.com/images/200x200/std.lang.all/32/77/asset-333277.jpg",
    "fullImage": "https://static.colruytgroup.com/images/500x500/std.lang.all/32/77/asset-333277.jpg",
    "squareImage": "https://static.colruytgroup.com/images/500x500sq/std.lang.all/32/77/asset-333277.jpg",
    "walkRouteSequenceNumber": 19216,
    "price": {
      "basicPrice": 10.65,
      "recommendedQuantity": "0.7",
      "unit": "K",
      "measurementUnitPrice": 10.65,
      "measurementUnit": "K",
      "isRedPrice": false,
      "pricePerUOM": 10.65,
      "activationDate": "15-02-2024",
      "recordSource": "Offline",
      "isPromoActive": "N",
      "priceChangeCode": "E"
    },
    "isAvailable": true,
    "isPriceAvailable": true,
    "inPromo": false,
    "topCategoryName": "Colruyt-beenhouwerij",
    "topCategoryId": "33",
    "businessDomain": "RETAIL_BE",
    "IsPrivateLabel": false,
    "IsBiffe": false,
    "WeightconversionFactor": "200",
    "IsWeightArticle": true,
    "nutriscoreLabel": "C",
    "IsBio": false,
    "CountryOfOrigin": "BELGIË",
    "IsExclusivelySoldInLuxembourg": false,
    "OrderUnit": "P",
    "ShortName": "RIBBETJES W",
    "IsNew": false,
    "EcoscoreLabel": "E",
    "RecentQuanityOfStockUnits": "1,1",
    "LongName": "ribbetjes",
    "AlcoholVolume": "0",
    "FicCode": "I",
    "EcoscoreValue": "0"
  },
  {
    "productId": "689896",
    "technicalArticleNumber": "4415784",
    "commercialArticleNumber": "15799",
    "name": "carpaccio",
    "description": "*Fijne sneetjes rund\n*kaasschilfers\n*olijfolie\n*flapulle goed schudden\n*Om rauw te eten",
    "thumbNail": "https://static.colruytgroup.com/images/200x200/std.lang.all/78/99/asset-2397899.jpg",
    "fullImage": "https://static.colruytgroup.com/images/500x500/std.lang.all/78/99/asset-2397899.jpg",
    "squareImage": "https://static.colruytgroup.com/images/500x500sq/std.lang.all/78/99/asset-2397899.jpg",
    "content": "±230g",
    "walkRouteSequenceNumber": 19081,
    "price": {
      "basicPrice": 25.25,
      "recommendedQuantity": "0.2",
      "unit": "K",
      "measurementUnitPrice": 25.25,
      "measurementUnit": "K",
      "isRedPrice": false,
      "pricePerUOM": 25.25,
      "activationDate": "19-03-2024",
      "recordSource": "Offline",
      "isPromoActive": "N",
      "priceChangeCode": "E"
    },
    "isAvailable": true,
    "isPriceAvailable": true,
    "inPromo": false,
    "topCategoryName": "Colruyt-beenhouwerij",
    "topCategoryId": "33",
    "businessDomain": "RETAIL_BE",
    "IsPrivateLabel": false,
    "IsBiffe": false,
    "WeightconversionFactor": "240",
    "IsWeightArticle": true,
    "nutriscoreLabel": "B",
    "IsBio": false,
    "CountryOfOrigin": "BELGIË",
    "IsExclusivelySoldInLuxembourg": false,
    "OrderUnit": "P",
    "ShortName": "CARPACCIO 230G.",
    "IsNew": false,
    "EcoscoreLabel": "E",
    "RecentQuanityOfStockUnits": "1,1",
    "LongName": "carpaccio ±230g",
    "AlcoholVolume": "0",
    "FicCode": "I",
    "EcoscoreValue": "0"
  },
  {
    "productId": "10618",
    "technicalArticleNumber": "1363510",
    "commercialArticleNumber": "10414",
    "name": "kipfilet val dieu",
    "description": "*Met vel ,\nstevig vlees\n*België\n*+-650g/verpakking\n*±3stuks",
    "thumbNail": "https://static.colruytgroup.com/images/200x200/std.lang.all/61/97/asset-2756197.jpg",
    "fullImage": "https://static.colruytgroup.com/images/500x500/std.lang.all/61/97/asset-2756197.jpg",
    "squareImage": "https://static.colruytgroup.com/images/500x500sq/std.lang.all/61/97/asset-2756197.jpg",
    "content": "±650g",
    "walkRouteSequenceNumber": 19282,
    "price": {
      "basicPrice": 13.99,
      "recommendedQuantity": "0.7",
      "unit": "K",
      "measurementUnitPrice": 13.99,
      "measurementUnit": "K",
      "isRedPrice": false,
      "pricePerUOM": 13.99,
      "activationDate": "14-11-2023",
      "isPromoActive": "N",
      "priceChangeCode": "L"
    },
    "isAvailable": true,
    "isPriceAvailable": true,
    "inPromo": false,
    "topCategoryName": "Colruyt-beenhouwerij",
    "topCategoryId": "33",
    "businessDomain": "RETAIL_BE",
    "IsPrivateLabel": false,
    "IsBiffe": false,
    "WeightconversionFactor": "650",
    "IsWeightArticle": true,
    "IsBio": false,
    "CountryOfOrigin": "BELGIË",
    "IsExclusivelySoldInLuxembourg": false,
    "OrderUnit": "P",
    "ShortName": "KIPFILET VALDIEU +-650G",
    "IsNew": false,
    "RecentQuanityOfStockUnits": "1,1",
    "LongName": "kipfilet val dieu ±650g",
    "AlcoholVolume": "0",
    "FicCode": "E"
  },
  {
    "productId": "353103",
    "technicalArticleNumber": "3858709",
    "commercialArticleNumber": "22181",
    "name": "mortadella de bologna",
    "description": "*Zeer fijn gemalen,\nspecifieke kruiden\n*Typische\ncharcuterie van\nBologna",
    "brand": "COLRUYT",
    "seoBrand": "Colruyt",
    "thumbNail": "https://static.colruytgroup.com/images/200x200/std.lang.all/80/64/asset-2708064.jpg",
    "fullImage": "https://static.colruytgroup.com/images/500x500/std.lang.all/80/64/asset-2708064.jpg",
    "squareImage": "https://static.colruytgroup.com/images/500x500sq/std.lang.all/80/64/asset-2708064.jpg",
    "content": "130g",
    "walkRouteSequenceNumber": 8021,
    "price": {
      "basicPrice": 3.62,
      "recommendedQuantity": "1.0",
      "measurementUnitPrice": 27.85,
      "measurementUnit": "K",
      "isRedPrice": false,
      "pricePerUOM": 27.85,
      "activationDate": "13-03-2024",
      "recordSource": "Offline",
      "isPromoActive": "N",
      "priceChangeCode": "L"
    },
    "isAvailable": true,
    "isPriceAvailable": true,
    "inPromo": false,
    "gtin": [
      "08003868272215",
      "05400141143393",
      "15400141422556",
      "05400141422559"
    ],
    "topCategoryName": "Colruyt-beenhouwerij",
    "topCategoryId": "33",
    "businessDomain": "RETAIL_BE",
    "IsPrivateLabel": true,
    "IsBiffe": false,
    "WeightconversionFactor": "0",
    "IsWeightArticle": false,
    "nutriscoreLabel": "E",
    "IsBio": false,
    "CountryOfOrigin": "BELGIË",
    "IsExclusivelySoldInLuxembourg": false,
    "OrderUnit": "P",
    "ShortName": "ZBH MORTADELLA 130GR",
    "IsNew": false,
    "EcoscoreLabel": "E",
    "RecentQuanityOfStockUnits": "1",
    "LongName": "COLRUYT mortadella de bologna 130g",
    "AlcoholVolume": "0",
    "FicCode": "I",
    "EcoscoreValue": "4"
  },
  {
    "productId": "231409",
    "technicalArticleNumber": "3559619",
    "commercialArticleNumber": "12352",
    "name": "boulogne in sneetjes",
    "description": "*Ambachtelijk recept\nsinds 1898 met de\nhand gemaakt.\n*±5 weken gerijpt\n*Belgie",
    "brand": "COLRUYT",
    "seoBrand": "Colruyt",
    "thumbNail": "https://static.colruytgroup.com/images/200x200/std.lang.all/80/07/asset-2708007.jpg",
    "fullImage": "https://static.colruytgroup.com/images/500x500/std.lang.all/80/07/asset-2708007.jpg",
    "squareImage": "https://static.colruytgroup.com/images/500x500sq/std.lang.all/80/07/asset-2708007.jpg",
    "content": "150g",
    "walkRouteSequenceNumber": 7998,
    "price": {
      "basicPrice": 3.48,
      "recommendedQuantity": "1.0",
      "measurementUnitPrice": 23.2,
      "measurementUnit": "K",
      "isRedPrice": false,
      "pricePerUOM": 23.2,
      "activationDate": "03-06-2023",
      "isPromoActive": "N",
      "priceChangeCode": "E"
    },
    "isAvailable": true,
    "isPriceAvailable": true,
    "inPromo": false,
    "gtin": [
      "05400141456783",
      "05400141391787",
      "15400141807179"
    ],
    "topCategoryName": "Colruyt-beenhouwerij",
    "topCategoryId": "33",
    "businessDomain": "RETAIL_BE",
    "IsPrivateLabel": true,
    "IsBiffe": false,
    "WeightconversionFactor": "0",
    "IsWeightArticle": false,
    "nutriscoreLabel": "E",
    "IsBio": false,
    "CountryOfOrigin": "BELGIË",
    "IsExclusivelySoldInLuxembourg": false,
    "OrderUnit": "P",
    "ShortName": "ZBH BOULOGNE SN. 150G",
    "IsNew": false,
    "EcoscoreLabel": "D",
    "RecentQuanityOfStockUnits": "1",
    "LongName": "COLRUYT boulogne in sneetjes 150g",
    "AlcoholVolume": "0",
    "FicCode": "I",
    "EcoscoreValue": "34"
  },
  {
    "productId": "228444",
    "technicalArticleNumber": "3579160",
    "commercialArticleNumber": "12742",
    "name": "serranoham duroc",
    "description": "*Duroc vlees,rustiek\nvarken,rode vacht\n*Gerijpt 12 maanden\n*Spanje",
    "brand": "COLRUYT",
    "seoBrand": "Colruyt",
    "thumbNail": "https://static.colruytgroup.com/images/200x200/std.lang.all/80/17/asset-2708017.jpg",
    "fullImage": "https://static.colruytgroup.com/images/500x500/std.lang.all/80/17/asset-2708017.jpg",
    "squareImage": "https://static.colruytgroup.com/images/500x500sq/std.lang.all/80/17/asset-2708017.jpg",
    "content": "160g",
    "walkRouteSequenceNumber": 8017,
    "price": {
      "basicPrice": 6.24,
      "recommendedQuantity": "1.0",
      "measurementUnitPrice": 39,
      "measurementUnit": "K",
      "isRedPrice": false,
      "pricePerUOM": 39,
      "activationDate": "23-03-2024",
      "recordSource": "Offline",
      "isPromoActive": "N",
      "priceChangeCode": "H"
    },
    "isAvailable": true,
    "isPriceAvailable": true,
    "inPromo": false,
    "gtin": [
      "05400141312232",
      "05400141391886",
      "05400141528756"
    ],
    "topCategoryName": "Colruyt-beenhouwerij",
    "topCategoryId": "33",
    "businessDomain": "RETAIL_BE",
    "IsPrivateLabel": true,
    "IsBiffe": false,
    "WeightconversionFactor": "0",
    "IsWeightArticle": false,
    "nutriscoreLabel": "E",
    "IsBio": false,
    "CountryOfOrigin": "SPANJE",
    "IsExclusivelySoldInLuxembourg": false,
    "OrderUnit": "P",
    "ShortName": "ZBH SERRANO DUROC 160G",
    "IsNew": false,
    "EcoscoreLabel": "E",
    "RecentQuanityOfStockUnits": "1",
    "LongName": "COLRUYT serranoham duroc 160g",
    "AlcoholVolume": "0",
    "FicCode": "I",
    "EcoscoreValue": "2"
  },
  {
    "productId": "342881",
    "technicalArticleNumber": "3822047",
    "commercialArticleNumber": "21075",
    "name": "rundburger vrouwelijk",
    "description": "*Iets grovere korrel\n*Zuiver rundvlees\n*Rijk aan omega 3\nen 6\n*Belgie",
    "thumbNail": "https://static.colruytgroup.com/images/200x200/std.lang.all/76/04/asset-1687604.jpg",
    "fullImage": "https://static.colruytgroup.com/images/500x500/std.lang.all/76/04/asset-1687604.jpg",
    "squareImage": "https://static.colruytgroup.com/images/500x500sq/std.lang.all/76/04/asset-1687604.jpg",
    "content": "2x150g",
    "walkRouteSequenceNumber": 19639,
    "price": {
      "basicPrice": 4.7,
      "recommendedQuantity": "1.0",
      "measurementUnitPrice": 15.67,
      "measurementUnit": "K",
      "isRedPrice": false,
      "pricePerUOM": 15.67,
      "activationDate": "19-03-2024",
      "isPromoActive": "N",
      "priceChangeCode": "H"
    },
    "isAvailable": true,
    "isPriceAvailable": true,
    "inPromo": false,
    "topCategoryName": "Colruyt-beenhouwerij",
    "topCategoryId": "33",
    "businessDomain": "RETAIL_BE",
    "IsPrivateLabel": false,
    "IsBiffe": false,
    "WeightconversionFactor": "0",
    "IsWeightArticle": false,
    "nutriscoreLabel": "D",
    "IsBio": false,
    "CountryOfOrigin": "BELGIË",
    "IsExclusivelySoldInLuxembourg": false,
    "OrderUnit": "P",
    "ShortName": "RUNDBURGER VROUWELIJK",
    "IsNew": false,
    "EcoscoreLabel": "E",
    "RecentQuanityOfStockUnits": "1,1",
    "LongName": "rundburger vrouwelijk 2x150g",
    "AlcoholVolume": "0",
    "FicCode": "I",
    "EcoscoreValue": "0"
  },
  {
    "productId": "14177",
    "technicalArticleNumber": "1587764",
    "commercialArticleNumber": "11448",
    "name": "schotel mexicaanse wijze",
    "description": "*Gemarineerde runds-\nreepjes ,Wraps ,\nGroenten en looksaus\n*België",
    "thumbNail": "https://static.colruytgroup.com/images/200x200/std.lang.all/04/56/asset-2670456.jpg",
    "fullImage": "https://static.colruytgroup.com/images/500x500/std.lang.all/04/56/asset-2670456.jpg",
    "squareImage": "https://static.colruytgroup.com/images/500x500sq/std.lang.all/04/56/asset-2670456.jpg",
    "content": "1st=2p",
    "walkRouteSequenceNumber": 19416,
    "price": {
      "basicPrice": 13,
      "recommendedQuantity": "1.0",
      "measurementUnitPrice": 11.82,
      "measurementUnit": "K",
      "isRedPrice": false,
      "pricePerUOM": 11.82,
      "activationDate": "14-11-2023",
      "isPromoActive": "N",
      "priceChangeCode": "E"
    },
    "isAvailable": true,
    "isPriceAvailable": true,
    "inPromo": false,
    "topCategoryName": "Colruyt-beenhouwerij",
    "topCategoryId": "33",
    "businessDomain": "RETAIL_BE",
    "IsPrivateLabel": true,
    "IsBiffe": false,
    "WeightconversionFactor": "0",
    "IsWeightArticle": false,
    "nutriscoreLabel": "C",
    "IsBio": false,
    "CountryOfOrigin": "BELGIË",
    "IsExclusivelySoldInLuxembourg": false,
    "OrderUnit": "P",
    "ShortName": "MEXICAANSE SCHOTEL",
    "IsNew": false,
    "RecentQuanityOfStockUnits": "1,1",
    "LongName": "schotel mexicaanse wijze 1st=2p",
    "AlcoholVolume": "0",
    "FicCode": "I"
  },
  {
    "productId": "512117",
    "technicalArticleNumber": "4077241",
    "commercialArticleNumber": "27793",
    "name": "pepersaus",
    "thumbNail": "https://static.colruytgroup.com/images/200x200/std.lang.all/14/42/asset-2311442.jpg",
    "fullImage": "https://static.colruytgroup.com/images/500x500/std.lang.all/14/42/asset-2311442.jpg",
    "squareImage": "https://static.colruytgroup.com/images/500x500sq/std.lang.all/14/42/asset-2311442.jpg",
    "content": "500g",
    "walkRouteSequenceNumber": 6747,
    "price": {
      "basicPrice": 4.05,
      "recommendedQuantity": "1.0",
      "measurementUnitPrice": 8.1,
      "measurementUnit": "K",
      "isRedPrice": false,
      "pricePerUOM": 8.1,
      "activationDate": "15-06-2023",
      "isPromoActive": "N",
      "priceChangeCode": "H"
    },
    "isAvailable": true,
    "isPriceAvailable": true,
    "inPromo": false,
    "gtin": [
      "05400141928990",
      "15400141366355",
      "05400141366358",
      "05400141274981",
      "05400141624625"
    ],
    "topCategoryName": "Colruyt-beenhouwerij",
    "topCategoryId": "33",
    "businessDomain": "RETAIL_BE",
    "IsPrivateLabel": false,
    "IsBiffe": false,
    "WeightconversionFactor": "0",
    "IsWeightArticle": false,
    "nutriscoreLabel": "C",
    "IsBio": false,
    "CountryOfOrigin": "BELGIË",
    "IsExclusivelySoldInLuxembourg": false,
    "OrderUnit": "P",
    "ShortName": "BH PEPERSAUS 500G",
    "IsNew": false,
    "EcoscoreLabel": "B",
    "RecentQuanityOfStockUnits": "1",
    "LongName": "pepersaus 500g",
    "AlcoholVolume": "0",
    "FicCode": "I",
    "EcoscoreValue": "75"
  },
  {
    "productId": "7939",
    "technicalArticleNumber": "1158819",
    "commercialArticleNumber": "10066",
    "name": "kalfsmedaillon",
    "description": "*Edele magere snede\n*+-150g\n*+-5 min bakken\naan beide kanten",
    "thumbNail": "https://static.colruytgroup.com/images/200x200/std.lang.all/36/12/asset-393612.jpg",
    "fullImage": "https://static.colruytgroup.com/images/500x500/std.lang.all/36/12/asset-393612.jpg",
    "squareImage": "https://static.colruytgroup.com/images/500x500sq/std.lang.all/36/12/asset-393612.jpg",
    "walkRouteSequenceNumber": 19163,
    "price": {
      "basicPrice": 24.39,
      "recommendedQuantity": "0.9",
      "unit": "K",
      "measurementUnitPrice": 24.39,
      "measurementUnit": "K",
      "isRedPrice": false,
      "pricePerUOM": 24.39,
      "activationDate": "22-03-2024",
      "recordSource": "Offline",
      "isPromoActive": "N",
      "priceChangeCode": "H"
    },
    "isAvailable": true,
    "isPriceAvailable": true,
    "inPromo": false,
    "topCategoryName": "Colruyt-beenhouwerij",
    "topCategoryId": "33",
    "businessDomain": "RETAIL_BE",
    "IsPrivateLabel": false,
    "IsBiffe": false,
    "WeightconversionFactor": "180",
    "IsWeightArticle": true,
    "nutriscoreLabel": "A",
    "IsBio": false,
    "CountryOfOrigin": "BELGIË",
    "IsExclusivelySoldInLuxembourg": false,
    "OrderUnit": "P",
    "ShortName": "KALFSMEDAILLON W",
    "IsNew": false,
    "EcoscoreLabel": "E",
    "RecentQuanityOfStockUnits": "1,1",
    "LongName": "kalfsmedaillon",
    "AlcoholVolume": "0",
    "FicCode": "I",
    "EcoscoreValue": "0"
  },
  {
    "productId": "896503",
    "technicalArticleNumber": "4756216",
    "commercialArticleNumber": "12112",
    "name": "Merguez",
    "description": "*Lams- varkensvlees\n*Licht pikant\n*±70gr\n*Te bakken ±6'",
    "thumbNail": "https://static.colruytgroup.com/images/200x200/std.lang.all/70/41/asset-3347041.jpg",
    "fullImage": "https://static.colruytgroup.com/images/500x500/std.lang.all/70/41/asset-3347041.jpg",
    "squareImage": "https://static.colruytgroup.com/images/500x500sq/std.lang.all/70/41/asset-3347041.jpg",
    "content": "±350g",
    "walkRouteSequenceNumber": 18791,
    "price": {
      "basicPrice": 14.29,
      "recommendedQuantity": "1.0",
      "unit": "K",
      "measurementUnitPrice": 14.29,
      "measurementUnit": "K",
      "isRedPrice": false,
      "pricePerUOM": 14.29,
      "activationDate": "15-03-2024",
      "recordSource": "Offline",
      "isPromoActive": "N",
      "priceChangeCode": "H"
    },
    "isAvailable": true,
    "isPriceAvailable": true,
    "inPromo": false,
    "gtin": [
      "95400141618023",
      "05400141618020"
    ],
    "topCategoryName": "Colruyt-beenhouwerij",
    "topCategoryId": "33",
    "businessDomain": "RETAIL_BE",
    "IsPrivateLabel": false,
    "IsBiffe": false,
    "WeightconversionFactor": "350",
    "IsWeightArticle": true,
    "nutriscoreLabel": "D",
    "IsBio": false,
    "CountryOfOrigin": "BELGIË",
    "IsExclusivelySoldInLuxembourg": false,
    "OrderUnit": "P",
    "ShortName": "BH MERGUEZ +-350GW",
    "IsNew": false,
    "RecentQuanityOfStockUnits": "1,1,1",
    "LongName": "Merguez ±350g",
    "AlcoholVolume": "0",
    "FicCode": "I"
  },
  {
    "productId": "775370",
    "technicalArticleNumber": "4565902",
    "commercialArticleNumber": "3858",
    "name": "Flammkuch tartiflette",
    "description": "*Voorverwarmde oven\n240°\nBak 6 à 8 minuten\ntot garnituur smelt\nen goudbruin wordt",
    "thumbNail": "https://static.colruytgroup.com/images/200x200/std.lang.all/73/94/asset-2747394.jpg",
    "fullImage": "https://static.colruytgroup.com/images/500x500/std.lang.all/73/94/asset-2747394.jpg",
    "squareImage": "https://static.colruytgroup.com/images/500x500sq/std.lang.all/73/94/asset-2747394.jpg",
    "content": "180g",
    "walkRouteSequenceNumber": 18994,
    "price": {
      "basicPrice": 3.95,
      "recommendedQuantity": "1.0",
      "measurementUnitPrice": 21.95,
      "measurementUnit": "K",
      "isRedPrice": false,
      "pricePerUOM": 21.95,
      "activationDate": "11-10-2023",
      "isPromoActive": "N",
      "priceChangeCode": "H"
    },
    "isAvailable": true,
    "isPriceAvailable": true,
    "inPromo": false,
    "gtin": [
      "03234510065816"
    ],
    "topCategoryName": "Colruyt-beenhouwerij",
    "topCategoryId": "33",
    "businessDomain": "RETAIL_BE",
    "IsPrivateLabel": false,
    "IsBiffe": false,
    "WeightconversionFactor": "0",
    "IsWeightArticle": false,
    "nutriscoreLabel": "D",
    "IsBio": false,
    "CountryOfOrigin": "BELGIË",
    "IsExclusivelySoldInLuxembourg": false,
    "OrderUnit": "P",
    "ShortName": "BH FLAMM. TART. 180G",
    "InSeason": true,
    "IsNew": false,
    "EcoscoreLabel": "D",
    "RecentQuanityOfStockUnits": "1",
    "LongName": "Flammkuch tartiflette 180g",
    "StartSeasonDate": "07/08/2023",
    "FicCode": "E",
    "EcoscoreValue": "30"
  },
  {
    "productId": "663082",
    "technicalArticleNumber": "4370090",
    "commercialArticleNumber": "10325",
    "name": "Kalkoenhaas.Champignonssaus",
    "description": "*Voorverwarmde Oven\n150° ±30Min\n*Microgolf 750W\n±7 à 8 Min",
    "thumbNail": "https://static.colruytgroup.com/images/200x200/std.lang.all/64/75/asset-2366475.jpg",
    "fullImage": "https://static.colruytgroup.com/images/500x500/std.lang.all/64/75/asset-2366475.jpg",
    "squareImage": "https://static.colruytgroup.com/images/500x500sq/std.lang.all/64/75/asset-2366475.jpg",
    "content": "±600g",
    "walkRouteSequenceNumber": 19110,
    "price": {
      "basicPrice": 15.74,
      "recommendedQuantity": "0.6",
      "unit": "K",
      "measurementUnitPrice": 15.74,
      "measurementUnit": "K",
      "isRedPrice": false,
      "pricePerUOM": 15.74,
      "activationDate": "29-11-2023",
      "isPromoActive": "N",
      "priceChangeCode": "E"
    },
    "isAvailable": true,
    "isPriceAvailable": true,
    "inPromo": false,
    "topCategoryName": "Colruyt-beenhouwerij",
    "topCategoryId": "33",
    "businessDomain": "RETAIL_BE",
    "IsPrivateLabel": false,
    "IsBiffe": false,
    "WeightconversionFactor": "600",
    "IsWeightArticle": true,
    "nutriscoreLabel": "A",
    "IsBio": false,
    "CountryOfOrigin": "BELGIË",
    "IsExclusivelySoldInLuxembourg": false,
    "OrderUnit": "P",
    "ShortName": "KALKOENHAAS CHAMP.S.600",
    "IsNew": false,
    "EcoscoreLabel": "D",
    "RecentQuanityOfStockUnits": "1,1",
    "LongName": "Kalkoenhaas.Champignonssaus ±600g",
    "AlcoholVolume": "0",
    "FicCode": "I",
    "EcoscoreValue": "21"
  },
  {
    "productId": "916562",
    "technicalArticleNumber": "4760867",
    "commercialArticleNumber": "10822",
    "name": "Welzijn Kippenbil",
    "description": "*Hele dij van\nbraadkip\n*België\n*Welzijn",
    "thumbNail": "https://static.colruytgroup.com/images/200x200/std.lang.all/37/08/asset-3343708.jpg",
    "fullImage": "https://static.colruytgroup.com/images/500x500/std.lang.all/37/08/asset-3343708.jpg",
    "squareImage": "https://static.colruytgroup.com/images/500x500sq/std.lang.all/37/08/asset-3343708.jpg",
    "content": "±1kg",
    "walkRouteSequenceNumber": 18773,
    "price": {
      "basicPrice": 5.99,
      "recommendedQuantity": "1.0",
      "unit": "K",
      "measurementUnitPrice": 5.99,
      "measurementUnit": "K",
      "isRedPrice": false,
      "pricePerUOM": 5.99,
      "activationDate": "13-03-2024",
      "recordSource": "Offline",
      "isPromoActive": "N",
      "priceChangeCode": "E"
    },
    "isAvailable": true,
    "isPriceAvailable": true,
    "inPromo": false,
    "gtin": [
      "95400141501820",
      "05400141501827"
    ],
    "topCategoryName": "Colruyt-beenhouwerij",
    "topCategoryId": "33",
    "businessDomain": "RETAIL_BE",
    "IsPrivateLabel": false,
    "IsBiffe": false,
    "WeightconversionFactor": "1000",
    "IsWeightArticle": true,
    "nutriscoreLabel": "A",
    "IsBio": false,
    "CountryOfOrigin": "BELGIË",
    "IsExclusivelySoldInLuxembourg": false,
    "OrderUnit": "P",
    "ShortName": "BH WELZIJN KIP.BIL+-1KW",
    "IsNew": false,
    "EcoscoreLabel": "E",
    "RecentQuanityOfStockUnits": "1,1,1",
    "LongName": "Welzijn Kippenbil ±1kg",
    "FicCode": "I",
    "EcoscoreValue": "15"
  },
  {
    "productId": "860773",
    "technicalArticleNumber": "4711662",
    "commercialArticleNumber": "12823",
    "name": "BH Vol-au-vent",
    "description": "*Voorverwarmde oven\n150° +-35Min\n*In micro-golf\n9 à 10 Min 750W",
    "thumbNail": "https://static.colruytgroup.com/images/200x200/std.lang.all/27/35/asset-3452735.jpg",
    "fullImage": "https://static.colruytgroup.com/images/500x500/std.lang.all/27/35/asset-3452735.jpg",
    "squareImage": "https://static.colruytgroup.com/images/500x500sq/std.lang.all/27/35/asset-3452735.jpg",
    "content": "±600g",
    "walkRouteSequenceNumber": 18888,
    "price": {
      "basicPrice": 11.66,
      "recommendedQuantity": "0.7",
      "unit": "K",
      "measurementUnitPrice": 11.66,
      "measurementUnit": "K",
      "isRedPrice": false,
      "pricePerUOM": 11.66,
      "activationDate": "15-02-2024",
      "recordSource": "Offline",
      "isPromoActive": "N",
      "priceChangeCode": "E"
    },
    "isAvailable": true,
    "isPriceAvailable": true,
    "inPromo": false,
    "topCategoryName": "Colruyt-beenhouwerij",
    "topCategoryId": "33",
    "businessDomain": "RETAIL_BE",
    "IsPrivateLabel": false,
    "IsBiffe": false,
    "WeightconversionFactor": "600",
    "IsWeightArticle": true,
    "nutriscoreLabel": "C",
    "IsBio": false,
    "CountryOfOrigin": "BELGIË",
    "IsExclusivelySoldInLuxembourg": false,
    "OrderUnit": "P",
    "ShortName": "VOL-AU-VENT +-600G",
    "IsNew": false,
    "EcoscoreLabel": "D",
    "RecentQuanityOfStockUnits": "1,1",
    "LongName": "BH Vol-au-vent ±600g",
    "FicCode": "I",
    "EcoscoreValue": "21"
  },
  {
    "productId": "257324",
    "technicalArticleNumber": "3571154",
    "commercialArticleNumber": "16677",
    "name": "cervelas",
    "description": "*Typische gekende\nkookworst,licht\ngerookt.\n*Belgie",
    "brand": "COLRUYT",
    "seoBrand": "Colruyt",
    "thumbNail": "https://static.colruytgroup.com/images/200x200/std.lang.all/26/56/asset-1252656.jpg",
    "fullImage": "https://static.colruytgroup.com/images/500x500/std.lang.all/26/56/asset-1252656.jpg",
    "squareImage": "https://static.colruytgroup.com/images/500x500sq/std.lang.all/26/56/asset-1252656.jpg",
    "content": "2x150g",
    "walkRouteSequenceNumber": 6758,
    "price": {
      "basicPrice": 3.19,
      "recommendedQuantity": "1.0",
      "measurementUnitPrice": 10.64,
      "measurementUnit": "K",
      "isRedPrice": false,
      "pricePerUOM": 10.64,
      "activationDate": "22-03-2024",
      "recordSource": "Offline",
      "isPromoActive": "N",
      "priceChangeCode": "H"
    },
    "isAvailable": true,
    "isPriceAvailable": true,
    "inPromo": false,
    "gtin": [
      "05400141426021",
      "05400141293357",
      "05400141437553"
    ],
    "topCategoryName": "Colruyt-beenhouwerij",
    "topCategoryId": "33",
    "businessDomain": "RETAIL_BE",
    "IsPrivateLabel": true,
    "IsBiffe": false,
    "WeightconversionFactor": "0",
    "IsWeightArticle": false,
    "nutriscoreLabel": "D",
    "IsBio": false,
    "CountryOfOrigin": "BELGIË",
    "IsExclusivelySoldInLuxembourg": false,
    "OrderUnit": "P",
    "ShortName": "ZBH CERVELAS V 300G",
    "IsNew": false,
    "EcoscoreLabel": "E",
    "RecentQuanityOfStockUnits": "1",
    "LongName": "COLRUYT cervelas 2x150g",
    "AlcoholVolume": "0",
    "FicCode": "I",
    "EcoscoreValue": "11"
  },
  {
    "productId": "863131",
    "technicalArticleNumber": "4714586",
    "commercialArticleNumber": "31904",
    "name": "kippenchipolata worst",
    "description": "*Belgie\n*7 x +-85g\n*Bakken in de pan\n*Goed doorbakken\ntot in de kern",
    "thumbNail": "https://static.colruytgroup.com/images/200x200/std.lang.all/07/57/asset-3220757.jpg",
    "fullImage": "https://static.colruytgroup.com/images/500x500/std.lang.all/07/57/asset-3220757.jpg",
    "squareImage": "https://static.colruytgroup.com/images/500x500sq/std.lang.all/07/57/asset-3220757.jpg",
    "content": "±600g",
    "walkRouteSequenceNumber": 18882,
    "price": {
      "basicPrice": 9.48,
      "recommendedQuantity": "0.5",
      "unit": "K",
      "quantityPrice": 7.49,
      "quantityPriceQuantity": "1.0",
      "measurementUnitPrice": 9.48,
      "measurementUnitQuantityPrice": 7.49,
      "measurementUnit": "K",
      "isRedPrice": false,
      "pricePerUOM": 9.48,
      "activationDate": "20-03-2024",
      "recordSource": "Offline",
      "isPromoActive": "N",
      "priceChangeCode": "E",
      "quantityPricePerUOM": 7.49,
      "quantityActivationDate": "20-03-2024",
      "quantityPriceChangeCode": "L"
    },
    "isAvailable": true,
    "isPriceAvailable": true,
    "inPromo": false,
    "gtin": [
      "95400141386274",
      "95400141572202"
    ],
    "topCategoryName": "Colruyt-beenhouwerij",
    "topCategoryId": "33",
    "businessDomain": "RETAIL_BE",
    "IsPrivateLabel": false,
    "IsBiffe": false,
    "WeightconversionFactor": "600",
    "IsWeightArticle": true,
    "nutriscoreLabel": "C",
    "IsBio": false,
    "CountryOfOrigin": "BELGIË",
    "IsExclusivelySoldInLuxembourg": false,
    "OrderUnit": "P",
    "ShortName": "BH KIP.CHIP.WOR+-600GW",
    "IsNew": false,
    "EcoscoreLabel": "E",
    "RecentQuanityOfStockUnits": "1,1,1",
    "LongName": "kippenchipolata worst ±600g",
    "FicCode": "I",
    "EcoscoreValue": "0"
  },
  {
    "productId": "192862",
    "technicalArticleNumber": "3454256",
    "commercialArticleNumber": "26082",
    "name": "beretta salami",
    "thumbNail": "https://static.colruytgroup.com/images/200x200/std.lang.all/20/48/asset-842048.jpg",
    "fullImage": "https://static.colruytgroup.com/images/500x500/std.lang.all/20/48/asset-842048.jpg",
    "squareImage": "https://static.colruytgroup.com/images/500x500sq/std.lang.all/20/48/asset-842048.jpg",
    "content": "200g",
    "walkRouteSequenceNumber": 19662,
    "price": {
      "basicPrice": 4.29,
      "recommendedQuantity": "1.0",
      "measurementUnitPrice": 21.45,
      "measurementUnit": "K",
      "isRedPrice": false,
      "pricePerUOM": 21.45,
      "activationDate": "01-02-2024",
      "isPromoActive": "N",
      "priceChangeCode": "H"
    },
    "isAvailable": true,
    "isPriceAvailable": true,
    "inPromo": false,
    "gtin": [
      "08007660915363",
      "08007660065822"
    ],
    "topCategoryName": "Colruyt-beenhouwerij",
    "topCategoryId": "33",
    "businessDomain": "RETAIL_BE",
    "IsPrivateLabel": false,
    "IsBiffe": false,
    "WeightconversionFactor": "0",
    "IsWeightArticle": false,
    "IsBio": false,
    "CountryOfOrigin": "ITALIË",
    "IsExclusivelySoldInLuxembourg": false,
    "OrderUnit": "P",
    "ShortName": "BH BERETTA SAL MIL 200G",
    "InSeason": true,
    "IsNew": false,
    "RecentQuanityOfStockUnits": "1",
    "LongName": "beretta salami 200g",
    "AlcoholVolume": "0",
    "StartSeasonDate": "23/10/2023",
    "FicCode": "E"
  },
  {
    "productId": "262185",
    "technicalArticleNumber": "3594892",
    "commercialArticleNumber": "15073",
    "name": "kalfskop in tomatensaus",
    "description": "*Enkel kalfsvlees\n*Zachtere smaak door\nandere kruiding.\n*Belgie",
    "brand": "COLRUYT",
    "seoBrand": "Colruyt",
    "thumbNail": "https://static.colruytgroup.com/images/200x200/std.lang.all/80/19/asset-2708019.jpg",
    "fullImage": "https://static.colruytgroup.com/images/500x500/std.lang.all/80/19/asset-2708019.jpg",
    "squareImage": "https://static.colruytgroup.com/images/500x500sq/std.lang.all/80/19/asset-2708019.jpg",
    "content": "200g",
    "walkRouteSequenceNumber": 8029,
    "price": {
      "basicPrice": 3.2,
      "recommendedQuantity": "1.0",
      "measurementUnitPrice": 16,
      "measurementUnit": "K",
      "isRedPrice": false,
      "pricePerUOM": 16,
      "activationDate": "24-11-2022",
      "isPromoActive": "N",
      "priceChangeCode": "H"
    },
    "isAvailable": true,
    "isPriceAvailable": true,
    "inPromo": false,
    "gtin": [
      "15400141426011",
      "15400141853299",
      "05400141426014",
      "05400141889963",
      "05400141392586"
    ],
    "topCategoryName": "Colruyt-beenhouwerij",
    "topCategoryId": "33",
    "businessDomain": "RETAIL_BE",
    "IsPrivateLabel": true,
    "IsBiffe": false,
    "WeightconversionFactor": "0",
    "IsWeightArticle": false,
    "nutriscoreLabel": "C",
    "IsBio": false,
    "CountryOfOrigin": "BELGIË",
    "IsExclusivelySoldInLuxembourg": false,
    "OrderUnit": "P",
    "ShortName": "ZBH KALFSKOP TOM 200G",
    "IsNew": false,
    "EcoscoreLabel": "C",
    "RecentQuanityOfStockUnits": "1",
    "LongName": "COLRUYT kalfskop in tomatensaus 200g",
    "AlcoholVolume": "0",
    "FicCode": "I",
    "EcoscoreValue": "40"
  },
  {
    "productId": "8352",
    "technicalArticleNumber": "1159235",
    "commercialArticleNumber": "10134",
    "name": "hespengebraad",
    "description": "*Mager gebraad\n*België\n*Bakken in de oven\n±15 min op 200°\ndan ±45min op 180°",
    "thumbNail": "https://static.colruytgroup.com/images/200x200/std.lang.all/92/29/asset-339229.jpg",
    "fullImage": "https://static.colruytgroup.com/images/500x500/std.lang.all/92/29/asset-339229.jpg",
    "squareImage": "https://static.colruytgroup.com/images/500x500sq/std.lang.all/92/29/asset-339229.jpg",
    "walkRouteSequenceNumber": 19204,
    "price": {
      "basicPrice": 6.45,
      "recommendedQuantity": "0.9",
      "unit": "K",
      "quantityPrice": 6.15,
      "quantityPriceQuantity": "2.0",
      "measurementUnitPrice": 6.45,
      "measurementUnitQuantityPrice": 6.15,
      "measurementUnit": "K",
      "isRedPrice": false,
      "pricePerUOM": 6.45,
      "activationDate": "19-03-2024",
      "recordSource": "Folder",
      "isPromoActive": "N",
      "priceChangeCode": "L",
      "quantityPricePerUOM": 6.15,
      "quantityActivationDate": "19-03-2024",
      "quantityPriceChangeCode": "L"
    },
    "isAvailable": true,
    "isPriceAvailable": true,
    "inPromo": false,
    "topCategoryName": "Colruyt-beenhouwerij",
    "topCategoryId": "33",
    "businessDomain": "RETAIL_BE",
    "IsPrivateLabel": false,
    "IsBiffe": false,
    "WeightconversionFactor": "1000",
    "IsWeightArticle": true,
    "nutriscoreLabel": "A",
    "IsBio": false,
    "CountryOfOrigin": "BELGIË",
    "IsExclusivelySoldInLuxembourg": false,
    "OrderUnit": "Kg",
    "ShortName": "HESPENGEBRAAD W",
    "IsNew": false,
    "EcoscoreLabel": "E",
    "RecentQuanityOfStockUnits": "1,1",
    "LongName": "hespengebraad",
    "AlcoholVolume": "0",
    "FicCode": "I",
    "EcoscoreValue": "0"
  },
  {
    "productId": "7053",
    "technicalArticleNumber": "1160045",
    "commercialArticleNumber": "10230",
    "name": "maiskip val dieu",
    "description": "*Traag groeiend\n*Gevoed met mäis\n*België\n*Bak +-1u30 op 180°",
    "thumbNail": "https://static.colruytgroup.com/images/200x200/std.lang.all/19/36/asset-2951936.jpg",
    "fullImage": "https://static.colruytgroup.com/images/500x500/std.lang.all/19/36/asset-2951936.jpg",
    "squareImage": "https://static.colruytgroup.com/images/500x500sq/std.lang.all/19/36/asset-2951936.jpg",
    "content": "±1,4kg",
    "walkRouteSequenceNumber": 19235,
    "price": {
      "basicPrice": 8.99,
      "recommendedQuantity": "1.3",
      "unit": "K",
      "measurementUnitPrice": 8.99,
      "measurementUnit": "K",
      "isRedPrice": false,
      "pricePerUOM": 8.99,
      "activationDate": "14-11-2023",
      "recordSource": "Offline",
      "isPromoActive": "N",
      "priceChangeCode": "E"
    },
    "isAvailable": true,
    "isPriceAvailable": true,
    "inPromo": false,
    "topCategoryName": "Colruyt-beenhouwerij",
    "topCategoryId": "33",
    "businessDomain": "RETAIL_BE",
    "IsPrivateLabel": false,
    "IsBiffe": false,
    "WeightconversionFactor": "1300",
    "IsWeightArticle": true,
    "nutriscoreLabel": "A",
    "IsBio": false,
    "CountryOfOrigin": "BELGIË",
    "IsExclusivelySoldInLuxembourg": false,
    "OrderUnit": "P",
    "ShortName": "MAISKIP W",
    "IsNew": false,
    "EcoscoreLabel": "D",
    "RecentQuanityOfStockUnits": "1,1",
    "LongName": "maiskip val dieu ±1,4kg",
    "AlcoholVolume": "0",
    "FicCode": "I",
    "EcoscoreValue": "21"
  },
  {
    "productId": "663075",
    "technicalArticleNumber": "4370083",
    "commercialArticleNumber": "10274",
    "name": "Kalkoenhaasje pepersaus",
    "description": "*Voorverwarmde Oven\n150° ±30Min\n*Microgolf 750W\n±7 à 8 Min",
    "thumbNail": "https://static.colruytgroup.com/images/200x200/std.lang.all/64/74/asset-2366474.jpg",
    "fullImage": "https://static.colruytgroup.com/images/500x500/std.lang.all/64/74/asset-2366474.jpg",
    "squareImage": "https://static.colruytgroup.com/images/500x500sq/std.lang.all/64/74/asset-2366474.jpg",
    "content": "±600g",
    "walkRouteSequenceNumber": 19109,
    "price": {
      "basicPrice": 15.74,
      "recommendedQuantity": "0.6",
      "unit": "K",
      "measurementUnitPrice": 15.74,
      "measurementUnit": "K",
      "isRedPrice": false,
      "pricePerUOM": 15.74,
      "activationDate": "29-11-2023",
      "isPromoActive": "N",
      "priceChangeCode": "E"
    },
    "isAvailable": true,
    "isPriceAvailable": true,
    "inPromo": false,
    "topCategoryName": "Colruyt-beenhouwerij",
    "topCategoryId": "33",
    "businessDomain": "RETAIL_BE",
    "IsPrivateLabel": false,
    "IsBiffe": false,
    "WeightconversionFactor": "600",
    "IsWeightArticle": true,
    "nutriscoreLabel": "C",
    "IsBio": false,
    "CountryOfOrigin": "BELGIË",
    "IsExclusivelySoldInLuxembourg": false,
    "OrderUnit": "P",
    "ShortName": "KALKOENHAAS PEPERS.600G",
    "IsNew": false,
    "EcoscoreLabel": "D",
    "RecentQuanityOfStockUnits": "1,1",
    "LongName": "Kalkoenhaasje pepersaus ±600g",
    "AlcoholVolume": "0",
    "FicCode": "I",
    "EcoscoreValue": "21"
  },
  {
    "productId": "572121",
    "technicalArticleNumber": "4218173",
    "commercialArticleNumber": "17212",
    "name": "ardeense ham st hubert",
    "description": "*±15 Min op kamer-\ntemperatuur leggen\nvoor consumptie.",
    "brand": "COLRUYT",
    "seoBrand": "Colruyt",
    "thumbNail": "https://static.colruytgroup.com/images/200x200/std.lang.all/80/22/asset-2708022.jpg",
    "fullImage": "https://static.colruytgroup.com/images/500x500/std.lang.all/80/22/asset-2708022.jpg",
    "squareImage": "https://static.colruytgroup.com/images/500x500sq/std.lang.all/80/22/asset-2708022.jpg",
    "content": "200g",
    "walkRouteSequenceNumber": 7993,
    "price": {
      "basicPrice": 5.7,
      "recommendedQuantity": "1.0",
      "measurementUnitPrice": 28.5,
      "measurementUnit": "K",
      "isRedPrice": false,
      "pricePerUOM": 28.5,
      "activationDate": "23-03-2024",
      "recordSource": "Offline",
      "isPromoActive": "N",
      "priceChangeCode": "H"
    },
    "isAvailable": true,
    "isPriceAvailable": true,
    "inPromo": false,
    "gtin": [
      "05400141633030",
      "05400141353419",
      "05400141528732"
    ],
    "topCategoryName": "Colruyt-beenhouwerij",
    "topCategoryId": "33",
    "businessDomain": "RETAIL_BE",
    "IsPrivateLabel": true,
    "IsBiffe": false,
    "WeightconversionFactor": "0",
    "IsWeightArticle": false,
    "nutriscoreLabel": "E",
    "IsBio": false,
    "CountryOfOrigin": "BELGIË",
    "IsExclusivelySoldInLuxembourg": false,
    "OrderUnit": "P",
    "ShortName": "ZBH HAM ST HUBERT 200G",
    "IsNew": false,
    "EcoscoreLabel": "E",
    "RecentQuanityOfStockUnits": "1",
    "LongName": "COLRUYT ardeense ham st hubert 200g",
    "AlcoholVolume": "0",
    "FicCode": "I",
    "EcoscoreValue": "0"
  },
  {
    "productId": "67160",
    "technicalArticleNumber": "2758837",
    "commercialArticleNumber": "11132",
    "name": "supreme varkensgebraad",
    "description": "*Mals licht gezouten\n*België\n*In de oven\n±15 min op 200°\ndan ±45 min op 180°",
    "thumbNail": "https://static.colruytgroup.com/images/200x200/std.lang.all/92/13/asset-339213.jpg",
    "fullImage": "https://static.colruytgroup.com/images/500x500/std.lang.all/92/13/asset-339213.jpg",
    "squareImage": "https://static.colruytgroup.com/images/500x500sq/std.lang.all/92/13/asset-339213.jpg",
    "content": "±1kg",
    "walkRouteSequenceNumber": 6770,
    "price": {
      "basicPrice": 12.99,
      "recommendedQuantity": "1.0",
      "unit": "K",
      "measurementUnitPrice": 12.99,
      "measurementUnit": "K",
      "isRedPrice": false,
      "pricePerUOM": 12.99,
      "activationDate": "13-11-2023",
      "isPromoActive": "N",
      "priceChangeCode": "E"
    },
    "isAvailable": true,
    "isPriceAvailable": true,
    "inPromo": false,
    "topCategoryName": "Colruyt-beenhouwerij",
    "topCategoryId": "33",
    "businessDomain": "RETAIL_BE",
    "IsPrivateLabel": true,
    "IsBiffe": false,
    "WeightconversionFactor": "1000",
    "IsWeightArticle": true,
    "nutriscoreLabel": "B",
    "IsBio": false,
    "CountryOfOrigin": "BELGIË",
    "IsExclusivelySoldInLuxembourg": false,
    "OrderUnit": "P",
    "ShortName": "SUPREME VARKENSGEBRAAD",
    "IsNew": false,
    "RecentQuanityOfStockUnits": "1,1",
    "LongName": "supreme varkensgebraad ±1kg",
    "AlcoholVolume": "0",
    "FicCode": "I"
  },
  {
    "productId": "7843",
    "technicalArticleNumber": "1158647",
    "commercialArticleNumber": "10045",
    "name": "klein zenuwstuk",
    "description": "*Uitgesproken smaak\n*2cm +-250g\n*Bakken naar wens",
    "thumbNail": "https://static.colruytgroup.com/images/200x200/std.lang.all/25/20/asset-392520.jpg",
    "fullImage": "https://static.colruytgroup.com/images/500x500/std.lang.all/25/20/asset-392520.jpg",
    "squareImage": "https://static.colruytgroup.com/images/500x500sq/std.lang.all/25/20/asset-392520.jpg",
    "walkRouteSequenceNumber": 19145,
    "price": {
      "basicPrice": 15.95,
      "recommendedQuantity": "1.3",
      "unit": "K",
      "measurementUnitPrice": 15.95,
      "measurementUnit": "K",
      "isRedPrice": false,
      "pricePerUOM": 15.95,
      "activationDate": "25-01-2024",
      "recordSource": "Offline",
      "isPromoActive": "N",
      "priceChangeCode": "E"
    },
    "isAvailable": true,
    "isPriceAvailable": true,
    "inPromo": false,
    "topCategoryName": "Colruyt-beenhouwerij",
    "topCategoryId": "33",
    "businessDomain": "RETAIL_BE",
    "IsPrivateLabel": false,
    "IsBiffe": false,
    "WeightconversionFactor": "250",
    "IsWeightArticle": true,
    "nutriscoreLabel": "A",
    "IsBio": false,
    "CountryOfOrigin": "BELGIË",
    "IsExclusivelySoldInLuxembourg": false,
    "OrderUnit": "Kg",
    "ShortName": "KLEIN ZENUWSTUK W",
    "IsNew": false,
    "EcoscoreLabel": "E",
    "RecentQuanityOfStockUnits": "1,1,1",
    "LongName": "klein zenuwstuk",
    "AlcoholVolume": "0",
    "FicCode": "I",
    "EcoscoreValue": "0"
  },
  {
    "productId": "623012",
    "technicalArticleNumber": "4303799",
    "commercialArticleNumber": "23678",
    "name": "wraps maaltijd kebab 4pers.",
    "description": "*Vlees Opwarmen\n*In Pan ±10 MIN\n*Microgolf ±3 Min\n750W.",
    "thumbNail": "https://static.colruytgroup.com/images/200x200/std.lang.all/04/60/asset-2670460.jpg",
    "fullImage": "https://static.colruytgroup.com/images/500x500/std.lang.all/04/60/asset-2670460.jpg",
    "squareImage": "https://static.colruytgroup.com/images/500x500sq/std.lang.all/04/60/asset-2670460.jpg",
    "walkRouteSequenceNumber": 19651,
    "price": {
      "basicPrice": 14.95,
      "recommendedQuantity": "1.0",
      "measurementUnitPrice": 8.9,
      "measurementUnit": "K",
      "isRedPrice": false,
      "pricePerUOM": 8.9,
      "activationDate": "10-11-2023",
      "isPromoActive": "N",
      "priceChangeCode": "E"
    },
    "isAvailable": true,
    "isPriceAvailable": true,
    "inPromo": false,
    "topCategoryName": "Colruyt-beenhouwerij",
    "topCategoryId": "33",
    "businessDomain": "RETAIL_BE",
    "IsPrivateLabel": false,
    "IsBiffe": false,
    "WeightconversionFactor": "0",
    "IsWeightArticle": false,
    "nutriscoreLabel": "B",
    "IsBio": false,
    "CountryOfOrigin": "BELGIË",
    "IsExclusivelySoldInLuxembourg": false,
    "OrderUnit": "P",
    "ShortName": "WRAPS MAALTIJD KEBAB",
    "IsNew": false,
    "EcoscoreLabel": "E",
    "RecentQuanityOfStockUnits": "1,1",
    "LongName": "wraps maaltijd kebab 4pers.",
    "AlcoholVolume": "0",
    "FicCode": "I",
    "EcoscoreValue": "2"
  },
  {
    "productId": "623183",
    "technicalArticleNumber": "4303972",
    "commercialArticleNumber": "23685",
    "name": "kipfilet bearnaise",
    "description": "*Voorverwarmde oven\n150° ±30 Min\n*Micro-Golf 750W\n7 à 8 Min.",
    "thumbNail": "https://static.colruytgroup.com/images/200x200/std.lang.all/02/64/asset-2930264.jpg",
    "fullImage": "https://static.colruytgroup.com/images/500x500/std.lang.all/02/64/asset-2930264.jpg",
    "squareImage": "https://static.colruytgroup.com/images/500x500sq/std.lang.all/02/64/asset-2930264.jpg",
    "content": "±600g",
    "walkRouteSequenceNumber": 19652,
    "price": {
      "basicPrice": 13.4,
      "recommendedQuantity": "0.6",
      "unit": "K",
      "measurementUnitPrice": 13.4,
      "measurementUnit": "K",
      "isRedPrice": false,
      "pricePerUOM": 13.4,
      "activationDate": "02-01-2024",
      "isPromoActive": "N",
      "priceChangeCode": "E"
    },
    "isAvailable": true,
    "isPriceAvailable": true,
    "inPromo": false,
    "topCategoryName": "Colruyt-beenhouwerij",
    "topCategoryId": "33",
    "businessDomain": "RETAIL_BE",
    "IsPrivateLabel": false,
    "IsBiffe": false,
    "WeightconversionFactor": "600",
    "IsWeightArticle": true,
    "nutriscoreLabel": "B",
    "IsBio": false,
    "CountryOfOrigin": "BELGIË",
    "IsExclusivelySoldInLuxembourg": false,
    "OrderUnit": "P",
    "ShortName": "KIPFILET BEARNAISE",
    "IsNew": false,
    "EcoscoreLabel": "D",
    "RecentQuanityOfStockUnits": "1,1",
    "LongName": "kipfilet bearnaise ±600g",
    "AlcoholVolume": "0",
    "FicCode": "I",
    "EcoscoreValue": "21"
  },
  {
    "productId": "775343",
    "technicalArticleNumber": "4565873",
    "commercialArticleNumber": "3696",
    "name": "Flammkuch.tomaat-geitenkaas",
    "description": "*Voorverwarmde oven\n240° 6 à 8 min\nBak 6 à 8 minuten\ntot garnituur smelt\nen goudbruin wordt",
    "thumbNail": "https://static.colruytgroup.com/images/200x200/std.lang.all/73/92/asset-2747392.jpg",
    "fullImage": "https://static.colruytgroup.com/images/500x500/std.lang.all/73/92/asset-2747392.jpg",
    "squareImage": "https://static.colruytgroup.com/images/500x500sq/std.lang.all/73/92/asset-2747392.jpg",
    "content": "180g",
    "walkRouteSequenceNumber": 18993,
    "price": {
      "basicPrice": 3.95,
      "recommendedQuantity": "1.0",
      "measurementUnitPrice": 21.95,
      "measurementUnit": "K",
      "isRedPrice": false,
      "pricePerUOM": 21.95,
      "activationDate": "11-10-2023",
      "isPromoActive": "N",
      "priceChangeCode": "H"
    },
    "isAvailable": true,
    "isPriceAvailable": true,
    "inPromo": false,
    "gtin": [
      "03234510065830"
    ],
    "topCategoryName": "Colruyt-beenhouwerij",
    "topCategoryId": "33",
    "businessDomain": "RETAIL_BE",
    "IsPrivateLabel": false,
    "IsBiffe": false,
    "WeightconversionFactor": "0",
    "IsWeightArticle": false,
    "nutriscoreLabel": "D",
    "IsBio": false,
    "CountryOfOrigin": "BELGIË",
    "IsExclusivelySoldInLuxembourg": false,
    "OrderUnit": "P",
    "ShortName": "BH FLAM. TOMAAT 180G",
    "InSeason": true,
    "IsNew": false,
    "EcoscoreLabel": "D",
    "RecentQuanityOfStockUnits": "1",
    "LongName": "Flammkuch.tomaat-geitenkaas 180g",
    "StartSeasonDate": "07/08/2023",
    "FicCode": "E",
    "EcoscoreValue": "30"
  },
  {
    "productId": "465012",
    "technicalArticleNumber": "3964845",
    "commercialArticleNumber": "27627",
    "name": "coppa met kruiden",
    "description": "Met kruiden gearomatiseerde coppa",
    "brand": "COLRUYT",
    "seoBrand": "Colruyt",
    "thumbNail": "https://static.colruytgroup.com/images/200x200/std.lang.all/01/95/asset-2930195.jpg",
    "fullImage": "https://static.colruytgroup.com/images/500x500/std.lang.all/01/95/asset-2930195.jpg",
    "squareImage": "https://static.colruytgroup.com/images/500x500sq/std.lang.all/01/95/asset-2930195.jpg",
    "content": "150g",
    "walkRouteSequenceNumber": 7985,
    "price": {
      "basicPrice": 4.8,
      "recommendedQuantity": "1.0",
      "measurementUnitPrice": 32,
      "measurementUnit": "K",
      "isRedPrice": false,
      "pricePerUOM": 32,
      "activationDate": "17-11-2023",
      "isPromoActive": "N",
      "priceChangeCode": "E"
    },
    "isAvailable": true,
    "isPriceAvailable": true,
    "inPromo": false,
    "gtin": [
      "05400141072198",
      "15400141072195",
      "05400141423501",
      "05400141777680"
    ],
    "topCategoryName": "Colruyt-beenhouwerij",
    "topCategoryId": "33",
    "businessDomain": "RETAIL_BE",
    "IsPrivateLabel": true,
    "IsBiffe": false,
    "WeightconversionFactor": "0",
    "IsWeightArticle": false,
    "nutriscoreLabel": "E",
    "IsBio": false,
    "CountryOfOrigin": "BELGIË",
    "IsExclusivelySoldInLuxembourg": false,
    "OrderUnit": "P",
    "ShortName": "ZBH COPPA KRUIDEN150GR",
    "IsNew": false,
    "EcoscoreLabel": "E",
    "RecentQuanityOfStockUnits": "1",
    "LongName": "COLRUYT coppa met kruiden 150g",
    "AlcoholVolume": "0",
    "FicCode": "I",
    "EcoscoreValue": "0"
  },
  {
    "productId": "8346",
    "technicalArticleNumber": "1159219",
    "commercialArticleNumber": "10025",
    "name": "BH Lamsmanchettes",
    "description": "*Met rib, rug, mager\n*+-300g\n*Bak in de pan,\n+-10min in de oven\n*Wordt rosé gegeten",
    "thumbNail": "https://static.colruytgroup.com/images/200x200/std.lang.all/39/16/asset-2513916.jpg",
    "fullImage": "https://static.colruytgroup.com/images/500x500/std.lang.all/39/16/asset-2513916.jpg",
    "squareImage": "https://static.colruytgroup.com/images/500x500sq/std.lang.all/39/16/asset-2513916.jpg",
    "walkRouteSequenceNumber": 19131,
    "price": {
      "basicPrice": 34.45,
      "recommendedQuantity": "0.6",
      "unit": "K",
      "measurementUnitPrice": 34.45,
      "measurementUnit": "K",
      "isRedPrice": false,
      "pricePerUOM": 34.45,
      "activationDate": "05-03-2024",
      "recordSource": "Offline",
      "isPromoActive": "N",
      "priceChangeCode": "H"
    },
    "isAvailable": true,
    "isPriceAvailable": true,
    "inPromo": false,
    "topCategoryName": "Colruyt-beenhouwerij",
    "topCategoryId": "33",
    "businessDomain": "RETAIL_BE",
    "IsPrivateLabel": false,
    "IsBiffe": false,
    "WeightconversionFactor": "300",
    "IsWeightArticle": true,
    "nutriscoreLabel": "C",
    "IsBio": false,
    "CountryOfOrigin": "VERENIGD KONINKRIJK",
    "IsExclusivelySoldInLuxembourg": false,
    "OrderUnit": "P",
    "ShortName": "BH LAMSMANCHETTES W",
    "IsNew": false,
    "EcoscoreLabel": "E",
    "RecentQuanityOfStockUnits": "1",
    "LongName": "BH Lamsmanchettes",
    "AlcoholVolume": "0",
    "FicCode": "I",
    "EcoscoreValue": "0"
  },
  {
    "productId": "456880",
    "technicalArticleNumber": "3964707",
    "commercialArticleNumber": "27393",
    "name": "ovengebakken kalkoenfilet",
    "description": "Gekookte charcuterie op basis van\nkalkoenfilet met zachte kruiden",
    "brand": "COLRUYT",
    "seoBrand": "Colruyt",
    "thumbNail": "https://static.colruytgroup.com/images/200x200/std.lang.all/80/20/asset-2708020.jpg",
    "fullImage": "https://static.colruytgroup.com/images/500x500/std.lang.all/80/20/asset-2708020.jpg",
    "squareImage": "https://static.colruytgroup.com/images/500x500sq/std.lang.all/80/20/asset-2708020.jpg",
    "content": "150g",
    "walkRouteSequenceNumber": 8000,
    "price": {
      "basicPrice": 4.62,
      "recommendedQuantity": "1.0",
      "measurementUnitPrice": 30.8,
      "measurementUnit": "K",
      "isRedPrice": false,
      "pricePerUOM": 30.8,
      "activationDate": "31-03-2023",
      "recordSource": "Offline",
      "isPromoActive": "N",
      "priceChangeCode": "H"
    },
    "isAvailable": true,
    "isPriceAvailable": true,
    "inPromo": false,
    "gtin": [
      "15400141071679",
      "05400141071672",
      "05400141423495"
    ],
    "topCategoryName": "Colruyt-beenhouwerij",
    "topCategoryId": "33",
    "businessDomain": "RETAIL_BE",
    "IsPrivateLabel": true,
    "IsBiffe": false,
    "WeightconversionFactor": "0",
    "IsWeightArticle": false,
    "nutriscoreLabel": "D",
    "IsBio": false,
    "CountryOfOrigin": "BELGIË",
    "IsExclusivelySoldInLuxembourg": false,
    "OrderUnit": "P",
    "ShortName": "ZBH OVENGEBAK KALK 150G",
    "IsNew": false,
    "EcoscoreLabel": "D",
    "RecentQuanityOfStockUnits": "1",
    "LongName": "COLRUYT ovengebakken kalkoenfilet 150g",
    "AlcoholVolume": "0",
    "FicCode": "I",
    "EcoscoreValue": "25"
  },
  {
    "productId": "513278",
    "technicalArticleNumber": "4079585",
    "commercialArticleNumber": "7561",
    "name": "Sala.del.Fatt.",
    "description": "*Puur varkensvlees",
    "brand": "LA FATTORIA DI PARMA",
    "seoBrand": "La Fattoria di Parma",
    "thumbNail": "https://static.colruytgroup.com/images/200x200/std.lang.all/18/78/asset-3141878.jpg",
    "fullImage": "https://static.colruytgroup.com/images/500x500/std.lang.all/18/78/asset-3141878.jpg",
    "squareImage": "https://static.colruytgroup.com/images/500x500sq/std.lang.all/18/78/asset-3141878.jpg",
    "content": "230g",
    "walkRouteSequenceNumber": 6756,
    "price": {
      "basicPrice": 7.74,
      "recommendedQuantity": "1.0",
      "measurementUnitPrice": 33.66,
      "measurementUnit": "K",
      "isRedPrice": false,
      "pricePerUOM": 33.66,
      "activationDate": "01-02-2024",
      "isPromoActive": "N",
      "priceChangeCode": "H"
    },
    "isAvailable": true,
    "isPriceAvailable": true,
    "inPromo": false,
    "gtin": [
      "08033254291087",
      "08033254292084"
    ],
    "topCategoryName": "Colruyt-beenhouwerij",
    "topCategoryId": "33",
    "businessDomain": "RETAIL_BE",
    "IsPrivateLabel": false,
    "IsBiffe": false,
    "WeightconversionFactor": "0",
    "IsWeightArticle": false,
    "IsBio": false,
    "CountryOfOrigin": "ITALIË",
    "IsExclusivelySoldInLuxembourg": false,
    "OrderUnit": "P",
    "ShortName": "BH FAPA.SAL.DEL.FAT230G",
    "InSeason": true,
    "IsNew": false,
    "RecentQuanityOfStockUnits": "1",
    "LongName": "LA FATTORIA DI PARMA Sala.del.Fatt. 230g",
    "StartSeasonDate": "18/02/2021",
    "FicCode": "E"
  },
  {
    "productId": "14716",
    "technicalArticleNumber": "1577506",
    "commercialArticleNumber": "11377",
    "name": "BH gemarineerde kippenpilons",
    "description": "*Marinade met\npaprika smaak\n*Bakken tot de kern\nop bbq of ±30min in\nde oven op 220°",
    "thumbNail": "https://static.colruytgroup.com/images/200x200/std.lang.all/86/48/asset-1488648.jpg",
    "fullImage": "https://static.colruytgroup.com/images/500x500/std.lang.all/86/48/asset-1488648.jpg",
    "squareImage": "https://static.colruytgroup.com/images/500x500sq/std.lang.all/86/48/asset-1488648.jpg",
    "walkRouteSequenceNumber": 19401,
    "price": {
      "basicPrice": 6.13,
      "recommendedQuantity": "0.4",
      "unit": "K",
      "measurementUnitPrice": 6.13,
      "measurementUnit": "K",
      "isRedPrice": false,
      "pricePerUOM": 6.13,
      "activationDate": "27-12-2023",
      "isPromoActive": "N",
      "priceChangeCode": "H"
    },
    "isAvailable": true,
    "isPriceAvailable": true,
    "inPromo": false,
    "topCategoryName": "Colruyt-beenhouwerij",
    "topCategoryId": "33",
    "businessDomain": "RETAIL_BE",
    "IsPrivateLabel": true,
    "IsBiffe": false,
    "WeightconversionFactor": "100",
    "IsWeightArticle": true,
    "nutriscoreLabel": "A",
    "IsBio": false,
    "IsExclusivelySoldInLuxembourg": false,
    "OrderUnit": "P",
    "ShortName": "BH GEMAR KIPPENPILONS W",
    "InSeason": true,
    "IsNew": false,
    "RecentQuanityOfStockUnits": "1,1",
    "LongName": "BH gemarineerde kippenpilons",
    "AlcoholVolume": "0",
    "StartSeasonDate": "10/05/2016",
    "FicCode": "I"
  },
  {
    "productId": "860761",
    "technicalArticleNumber": "4711646",
    "commercialArticleNumber": "12588",
    "name": "BH Balletjes Tomatensaus",
    "description": "*Voorverwarmde oven\n150° +-35min.\n*In micro-golf\n9 à 10 Min 750W",
    "thumbNail": "https://static.colruytgroup.com/images/200x200/std.lang.all/05/13/asset-3290513.jpg",
    "fullImage": "https://static.colruytgroup.com/images/500x500/std.lang.all/05/13/asset-3290513.jpg",
    "squareImage": "https://static.colruytgroup.com/images/500x500sq/std.lang.all/05/13/asset-3290513.jpg",
    "content": "±700g",
    "walkRouteSequenceNumber": 18887,
    "price": {
      "basicPrice": 13.98,
      "recommendedQuantity": "1.0",
      "unit": "K",
      "measurementUnitPrice": 13.98,
      "measurementUnit": "K",
      "isRedPrice": false,
      "pricePerUOM": 13.98,
      "activationDate": "01-03-2024",
      "recordSource": "Offline",
      "isPromoActive": "N",
      "priceChangeCode": "H"
    },
    "isAvailable": true,
    "isPriceAvailable": true,
    "inPromo": false,
    "topCategoryName": "Colruyt-beenhouwerij",
    "topCategoryId": "33",
    "businessDomain": "RETAIL_BE",
    "IsPrivateLabel": false,
    "IsBiffe": false,
    "WeightconversionFactor": "700",
    "IsWeightArticle": true,
    "nutriscoreLabel": "C",
    "IsBio": false,
    "CountryOfOrigin": "BELGIË",
    "IsExclusivelySoldInLuxembourg": false,
    "OrderUnit": "P",
    "ShortName": "BAL.TOMATENSAUS +-700G",
    "IsNew": false,
    "EcoscoreLabel": "E",
    "RecentQuanityOfStockUnits": "1,1",
    "LongName": "BH Balletjes Tomatensaus ±700g",
    "FicCode": "I",
    "EcoscoreValue": "7"
  },
  {
    "productId": "621788",
    "technicalArticleNumber": "4301562",
    "commercialArticleNumber": "23617",
    "name": "cannelloni",
    "description": "*Voorverwarmde oven\nop 180° +-20 min.\n*Micro golf 750w\n5 tot 6 min.",
    "thumbNail": "https://static.colruytgroup.com/images/200x200/std.lang.all/54/79/asset-3275479.jpg",
    "fullImage": "https://static.colruytgroup.com/images/500x500/std.lang.all/54/79/asset-3275479.jpg",
    "squareImage": "https://static.colruytgroup.com/images/500x500sq/std.lang.all/54/79/asset-3275479.jpg",
    "content": "±875g",
    "walkRouteSequenceNumber": 19650,
    "price": {
      "basicPrice": 14.98,
      "recommendedQuantity": "0.6",
      "unit": "K",
      "measurementUnitPrice": 14.98,
      "measurementUnit": "K",
      "isRedPrice": false,
      "pricePerUOM": 14.98,
      "activationDate": "14-02-2024",
      "isPromoActive": "N",
      "priceChangeCode": "H"
    },
    "isAvailable": true,
    "isPriceAvailable": true,
    "inPromo": false,
    "topCategoryName": "Colruyt-beenhouwerij",
    "topCategoryId": "33",
    "businessDomain": "RETAIL_BE",
    "IsPrivateLabel": false,
    "IsBiffe": false,
    "WeightconversionFactor": "600",
    "IsWeightArticle": true,
    "nutriscoreLabel": "D",
    "IsBio": false,
    "CountryOfOrigin": "BELGIË",
    "IsExclusivelySoldInLuxembourg": false,
    "OrderUnit": "P",
    "ShortName": "CANNELONI",
    "IsNew": false,
    "EcoscoreLabel": "D",
    "RecentQuanityOfStockUnits": "1,1",
    "LongName": "cannelloni ±875g",
    "AlcoholVolume": "0",
    "FicCode": "I",
    "EcoscoreValue": "29"
  },
  {
    "productId": "7940",
    "technicalArticleNumber": "1158821",
    "commercialArticleNumber": "10067",
    "name": "parkkonijn",
    "description": "*Versneden met kop\n*±1,5 kg",
    "thumbNail": "https://static.colruytgroup.com/images/200x200/std.lang.all/71/34/asset-757134.jpg",
    "fullImage": "https://static.colruytgroup.com/images/500x500/std.lang.all/71/34/asset-757134.jpg",
    "squareImage": "https://static.colruytgroup.com/images/500x500sq/std.lang.all/71/34/asset-757134.jpg",
    "walkRouteSequenceNumber": 6808,
    "price": {
      "basicPrice": 7.19,
      "recommendedQuantity": "0.9",
      "unit": "K",
      "measurementUnitPrice": 7.19,
      "measurementUnit": "K",
      "isRedPrice": false,
      "pricePerUOM": 7.19,
      "activationDate": "19-03-2024",
      "recordSource": "Folder",
      "isPromoActive": "N",
      "priceChangeCode": "L"
    },
    "isAvailable": true,
    "isPriceAvailable": true,
    "inPromo": false,
    "topCategoryName": "Colruyt-beenhouwerij",
    "topCategoryId": "33",
    "businessDomain": "RETAIL_BE",
    "IsPrivateLabel": false,
    "IsBiffe": false,
    "WeightconversionFactor": "1400",
    "IsWeightArticle": true,
    "nutriscoreLabel": "A",
    "IsBio": false,
    "CountryOfOrigin": "BELGIË",
    "IsExclusivelySoldInLuxembourg": false,
    "OrderUnit": "P",
    "ShortName": "KONIJN W",
    "IsNew": false,
    "EcoscoreLabel": "E",
    "RecentQuanityOfStockUnits": "1,1",
    "LongName": "parkkonijn",
    "AlcoholVolume": "0",
    "FicCode": "I",
    "EcoscoreValue": "15"
  },
  {
    "productId": "52867",
    "technicalArticleNumber": "2403595",
    "commercialArticleNumber": "1269",
    "name": "bearnaisesaus",
    "description": "Deze bearnaisesaus om op te warmen is\neen geëmulgeerde saus met een\nuitgesproken estragonsmaak. Deze\n\"blonde\" saus past uitstekend bij\nvlees en grilgerechten.",
    "thumbNail": "https://static.colruytgroup.com/images/200x200/std.lang.all/36/65/asset-393665.jpg",
    "fullImage": "https://static.colruytgroup.com/images/500x500/std.lang.all/36/65/asset-393665.jpg",
    "squareImage": "https://static.colruytgroup.com/images/500x500sq/std.lang.all/36/65/asset-393665.jpg",
    "content": "400g",
    "walkRouteSequenceNumber": 6745,
    "price": {
      "basicPrice": 4.05,
      "recommendedQuantity": "1.0",
      "measurementUnitPrice": 10.13,
      "measurementUnit": "K",
      "isRedPrice": false,
      "pricePerUOM": 10.13,
      "activationDate": "14-11-2023",
      "isPromoActive": "N",
      "priceChangeCode": "E"
    },
    "isAvailable": true,
    "isPriceAvailable": true,
    "inPromo": false,
    "gtin": [
      "05420030611635",
      "05420030611642"
    ],
    "topCategoryName": "Colruyt-beenhouwerij",
    "topCategoryId": "33",
    "businessDomain": "RETAIL_BE",
    "IsPrivateLabel": false,
    "IsBiffe": false,
    "WeightconversionFactor": "0",
    "IsWeightArticle": false,
    "nutriscoreLabel": "C",
    "IsBio": false,
    "CountryOfOrigin": "BELGIË",
    "IsExclusivelySoldInLuxembourg": false,
    "OrderUnit": "P",
    "ShortName": "BH BEARNAISE WARM 400G",
    "IsNew": false,
    "EcoscoreLabel": "C",
    "RecentQuanityOfStockUnits": "1",
    "LongName": "bearnaisesaus 400g",
    "AlcoholVolume": "0",
    "FicCode": "I",
    "EcoscoreValue": "40"
  },
  {
    "productId": "591320",
    "technicalArticleNumber": "4249806",
    "commercialArticleNumber": "10475",
    "name": "carpaccio natuur",
    "description": "*Fijne sneetjes rund\n*Met Balsamico olijfolie\n*De flapulle goed schudden alvorens te\ngebruiken.\n*Om rauw te eten",
    "thumbNail": "https://static.colruytgroup.com/images/200x200/std.lang.all/78/96/asset-2397896.jpg",
    "fullImage": "https://static.colruytgroup.com/images/500x500/std.lang.all/78/96/asset-2397896.jpg",
    "squareImage": "https://static.colruytgroup.com/images/500x500sq/std.lang.all/78/96/asset-2397896.jpg",
    "content": "±210g",
    "walkRouteSequenceNumber": 19289,
    "price": {
      "basicPrice": 25.25,
      "recommendedQuantity": "0.2",
      "unit": "K",
      "measurementUnitPrice": 25.25,
      "measurementUnit": "K",
      "isRedPrice": false,
      "pricePerUOM": 25.25,
      "activationDate": "19-03-2024",
      "recordSource": "Offline",
      "isPromoActive": "N",
      "priceChangeCode": "E"
    },
    "isAvailable": true,
    "isPriceAvailable": true,
    "inPromo": false,
    "topCategoryName": "Colruyt-beenhouwerij",
    "topCategoryId": "33",
    "businessDomain": "RETAIL_BE",
    "IsPrivateLabel": false,
    "IsBiffe": false,
    "WeightconversionFactor": "240",
    "IsWeightArticle": true,
    "nutriscoreLabel": "A",
    "IsBio": false,
    "CountryOfOrigin": "BELGIË",
    "IsExclusivelySoldInLuxembourg": false,
    "OrderUnit": "P",
    "ShortName": "CARPACCIO NATUUR 210G",
    "IsNew": false,
    "EcoscoreLabel": "E",
    "RecentQuanityOfStockUnits": "1,1",
    "LongName": "carpaccio natuur ±210g",
    "AlcoholVolume": "0",
    "FicCode": "I",
    "EcoscoreValue": "0"
  },
  {
    "productId": "31405",
    "technicalArticleNumber": "1650694",
    "commercialArticleNumber": "11753",
    "name": "gevogeltepitamaaltijd",
    "description": "*Gevogeltepita,\ngroenten,pikante\nMexicaanse saus en 6\nWraps\n*±400g gevogeltepita",
    "thumbNail": "https://static.colruytgroup.com/images/200x200/std.lang.all/04/58/asset-2670458.jpg",
    "fullImage": "https://static.colruytgroup.com/images/500x500/std.lang.all/04/58/asset-2670458.jpg",
    "squareImage": "https://static.colruytgroup.com/images/500x500sq/std.lang.all/04/58/asset-2670458.jpg",
    "content": "1st=2pers",
    "walkRouteSequenceNumber": 19457,
    "price": {
      "basicPrice": 11.45,
      "recommendedQuantity": "1.0",
      "measurementUnitPrice": 10.41,
      "measurementUnit": "K",
      "isRedPrice": false,
      "pricePerUOM": 10.41,
      "activationDate": "14-11-2023",
      "isPromoActive": "N",
      "priceChangeCode": "E"
    },
    "isAvailable": true,
    "isPriceAvailable": true,
    "inPromo": false,
    "topCategoryName": "Colruyt-beenhouwerij",
    "topCategoryId": "33",
    "businessDomain": "RETAIL_BE",
    "IsPrivateLabel": true,
    "IsBiffe": false,
    "WeightconversionFactor": "0",
    "IsWeightArticle": false,
    "nutriscoreLabel": "C",
    "IsBio": false,
    "IsExclusivelySoldInLuxembourg": false,
    "OrderUnit": "P",
    "ShortName": "GEVOGELTE PITAMAALTIJD",
    "IsNew": false,
    "RecentQuanityOfStockUnits": "1,1",
    "LongName": "gevogeltepitamaaltijd 1st=2pers",
    "AlcoholVolume": "0",
    "FicCode": "I"
  },
  {
    "productId": "578190",
    "technicalArticleNumber": "4228350",
    "commercialArticleNumber": "29080",
    "name": "FFM Toscaans gebraad",
    "description": "*Licht gekruid en\ngezouten.\n*Voorverwarmde oven\n200° ±15'bakken\ndaarna ±45'op 180°",
    "thumbNail": "https://static.colruytgroup.com/images/200x200/std.lang.all/01/79/asset-2520179.jpg",
    "fullImage": "https://static.colruytgroup.com/images/500x500/std.lang.all/01/79/asset-2520179.jpg",
    "squareImage": "https://static.colruytgroup.com/images/500x500sq/std.lang.all/01/79/asset-2520179.jpg",
    "content": "±1kg",
    "walkRouteSequenceNumber": 19799,
    "price": {
      "basicPrice": 13.85,
      "recommendedQuantity": "1.0",
      "unit": "K",
      "measurementUnitPrice": 13.85,
      "measurementUnit": "K",
      "isRedPrice": false,
      "pricePerUOM": 13.85,
      "activationDate": "13-03-2024",
      "isPromoActive": "Y",
      "priceChangeCode": "E"
    },
    "isAvailable": true,
    "isPriceAvailable": true,
    "inPromo": false,
    "gtin": [
      "05400141431599",
      "95400141793096",
      "95400141358417",
      "05400141358414"
    ],
    "topCategoryName": "Colruyt-beenhouwerij",
    "topCategoryId": "33",
    "businessDomain": "RETAIL_BE",
    "IsPrivateLabel": false,
    "IsBiffe": false,
    "WeightconversionFactor": "1000",
    "IsWeightArticle": true,
    "nutriscoreLabel": "C",
    "IsBio": false,
    "CountryOfOrigin": "BELGIË",
    "IsExclusivelySoldInLuxembourg": false,
    "OrderUnit": "Kg",
    "ShortName": "FFM TOSCAANS GEBR.1K W",
    "InSeason": true,
    "IsNew": false,
    "EcoscoreLabel": "E",
    "RecentQuanityOfStockUnits": "1,1,1",
    "LongName": "FFM Toscaans gebraad ±1kg",
    "AlcoholVolume": "0",
    "StartSeasonDate": "06/02/2024",
    "FicCode": "I",
    "EcoscoreValue": "0"
  },
  {
    "productId": "7935",
    "technicalArticleNumber": "1158796",
    "commercialArticleNumber": "10062",
    "name": "kalfskoteletten",
    "description": "*Snede met been\n*±300g\n*2 à 3 min bakken\naan beide kanten",
    "thumbNail": "https://static.colruytgroup.com/images/200x200/std.lang.all/60/24/asset-396024.jpg",
    "fullImage": "https://static.colruytgroup.com/images/500x500/std.lang.all/60/24/asset-396024.jpg",
    "squareImage": "https://static.colruytgroup.com/images/500x500sq/std.lang.all/60/24/asset-396024.jpg",
    "walkRouteSequenceNumber": 19160,
    "price": {
      "basicPrice": 22.99,
      "recommendedQuantity": "1.0",
      "unit": "K",
      "measurementUnitPrice": 22.99,
      "measurementUnit": "K",
      "isRedPrice": false,
      "pricePerUOM": 22.99,
      "activationDate": "14-11-2023",
      "recordSource": "Offline",
      "isPromoActive": "N",
      "priceChangeCode": "E"
    },
    "isAvailable": true,
    "isPriceAvailable": true,
    "inPromo": false,
    "topCategoryName": "Colruyt-beenhouwerij",
    "topCategoryId": "33",
    "businessDomain": "RETAIL_BE",
    "IsPrivateLabel": false,
    "IsBiffe": false,
    "WeightconversionFactor": "300",
    "IsWeightArticle": true,
    "nutriscoreLabel": "B",
    "IsBio": false,
    "CountryOfOrigin": "BELGIË",
    "IsExclusivelySoldInLuxembourg": false,
    "OrderUnit": "P",
    "ShortName": "KALFSKOTELETTEN W",
    "IsNew": false,
    "EcoscoreLabel": "E",
    "RecentQuanityOfStockUnits": "1,1",
    "LongName": "kalfskoteletten",
    "AlcoholVolume": "0",
    "FicCode": "I",
    "EcoscoreValue": "0"
  },
  {
    "productId": "23769",
    "technicalArticleNumber": "1953127",
    "commercialArticleNumber": "10919",
    "name": "rundescalope",
    "description": "*Dun Gesneden\n±0,5cm\n*Ideaal voor\nsteengrill",
    "thumbNail": "https://static.colruytgroup.com/images/200x200/std.lang.all/92/71/asset-649271.jpg",
    "fullImage": "https://static.colruytgroup.com/images/500x500/std.lang.all/92/71/asset-649271.jpg",
    "squareImage": "https://static.colruytgroup.com/images/500x500sq/std.lang.all/92/71/asset-649271.jpg",
    "walkRouteSequenceNumber": 19367,
    "price": {
      "basicPrice": 19.98,
      "recommendedQuantity": "0.5",
      "unit": "K",
      "measurementUnitPrice": 19.98,
      "measurementUnit": "K",
      "isRedPrice": false,
      "pricePerUOM": 19.98,
      "activationDate": "14-11-2023",
      "isPromoActive": "N",
      "priceChangeCode": "E"
    },
    "isAvailable": true,
    "isPriceAvailable": true,
    "inPromo": false,
    "topCategoryName": "Colruyt-beenhouwerij",
    "topCategoryId": "33",
    "businessDomain": "RETAIL_BE",
    "IsPrivateLabel": true,
    "IsBiffe": false,
    "WeightconversionFactor": "100",
    "IsWeightArticle": true,
    "nutriscoreLabel": "A",
    "IsBio": false,
    "CountryOfOrigin": "BELGIË",
    "IsExclusivelySoldInLuxembourg": false,
    "OrderUnit": "P",
    "ShortName": "RUNDSESCALOPE         W",
    "IsNew": false,
    "RecentQuanityOfStockUnits": "1,1,1",
    "LongName": "rundescalope",
    "AlcoholVolume": "0",
    "FicCode": "I"
  },
  {
    "productId": "8345",
    "technicalArticleNumber": "1159218",
    "commercialArticleNumber": "10128",
    "name": "BH Lamsboutsneden zonder Been",
    "description": "*Ontbeend\n*+-200g\n*Bak in de pan\n2 à 4 min\naan beide kanten",
    "thumbNail": "https://static.colruytgroup.com/images/200x200/std.lang.all/01/92/asset-380192.jpg",
    "fullImage": "https://static.colruytgroup.com/images/500x500/std.lang.all/01/92/asset-380192.jpg",
    "squareImage": "https://static.colruytgroup.com/images/500x500sq/std.lang.all/01/92/asset-380192.jpg",
    "walkRouteSequenceNumber": 19198,
    "price": {
      "basicPrice": 24.1,
      "recommendedQuantity": "1.0",
      "unit": "K",
      "measurementUnitPrice": 24.1,
      "measurementUnit": "K",
      "isRedPrice": false,
      "pricePerUOM": 24.1,
      "activationDate": "14-11-2023",
      "recordSource": "Offline",
      "isPromoActive": "N",
      "priceChangeCode": "E"
    },
    "isAvailable": true,
    "isPriceAvailable": true,
    "inPromo": false,
    "topCategoryName": "Colruyt-beenhouwerij",
    "topCategoryId": "33",
    "businessDomain": "RETAIL_BE",
    "IsPrivateLabel": false,
    "IsBiffe": false,
    "WeightconversionFactor": "200",
    "IsWeightArticle": true,
    "nutriscoreLabel": "B",
    "IsBio": false,
    "CountryOfOrigin": "BELGIË",
    "IsExclusivelySoldInLuxembourg": false,
    "OrderUnit": "P,Kg",
    "ShortName": "BH LAMSBOUTSNEDEN W",
    "IsNew": false,
    "EcoscoreLabel": "E",
    "RecentQuanityOfStockUnits": "1,1",
    "LongName": "BH Lamsboutsneden zonder Been",
    "AlcoholVolume": "0",
    "FicCode": "I",
    "EcoscoreValue": "0"
  },
  {
    "productId": "860789",
    "technicalArticleNumber": "4711684",
    "commercialArticleNumber": "13720",
    "name": "BH Spaghettisaus",
    "description": "*Voorverwarmde oven\n150° +-35Min\n*In micro-golf\n9 à 10 Min 750W",
    "thumbNail": "https://static.colruytgroup.com/images/200x200/std.lang.all/05/15/asset-3290515.jpg",
    "fullImage": "https://static.colruytgroup.com/images/500x500/std.lang.all/05/15/asset-3290515.jpg",
    "squareImage": "https://static.colruytgroup.com/images/500x500sq/std.lang.all/05/15/asset-3290515.jpg",
    "content": "±600g",
    "walkRouteSequenceNumber": 18890,
    "price": {
      "basicPrice": 8.48,
      "recommendedQuantity": "1.0",
      "unit": "K",
      "measurementUnitPrice": 8.48,
      "measurementUnit": "K",
      "isRedPrice": false,
      "pricePerUOM": 8.48,
      "activationDate": "16-02-2024",
      "recordSource": "Offline",
      "isPromoActive": "N",
      "priceChangeCode": "H"
    },
    "isAvailable": true,
    "isPriceAvailable": true,
    "inPromo": false,
    "topCategoryName": "Colruyt-beenhouwerij",
    "topCategoryId": "33",
    "businessDomain": "RETAIL_BE",
    "IsPrivateLabel": false,
    "IsBiffe": false,
    "WeightconversionFactor": "600",
    "IsWeightArticle": true,
    "nutriscoreLabel": "B",
    "IsBio": false,
    "CountryOfOrigin": "BELGIË",
    "IsExclusivelySoldInLuxembourg": false,
    "OrderUnit": "P",
    "ShortName": "SPAGHETTISAUS +-600G",
    "IsNew": false,
    "EcoscoreLabel": "E",
    "RecentQuanityOfStockUnits": "1,1",
    "LongName": "BH Spaghettisaus ±600g",
    "FicCode": "I",
    "EcoscoreValue": "5"
  },
  {
    "productId": "59133",
    "technicalArticleNumber": "2278605",
    "commercialArticleNumber": "11000",
    "name": "varkensescalope",
    "description": "*Magere hespesnede\nzonder been ±0,5cm\n*België\n*4 à 5 min bakken\naan beide kanten",
    "thumbNail": "https://static.colruytgroup.com/images/200x200/std.lang.all/16/82/asset-2921682.jpg",
    "fullImage": "https://static.colruytgroup.com/images/500x500/std.lang.all/16/82/asset-2921682.jpg",
    "squareImage": "https://static.colruytgroup.com/images/500x500sq/std.lang.all/16/82/asset-2921682.jpg",
    "walkRouteSequenceNumber": 19378,
    "price": {
      "basicPrice": 15.99,
      "recommendedQuantity": "0.1",
      "unit": "K",
      "measurementUnitPrice": 15.99,
      "measurementUnit": "K",
      "isRedPrice": false,
      "pricePerUOM": 15.99,
      "activationDate": "28-02-2024",
      "recordSource": "Offline",
      "isPromoActive": "N",
      "priceChangeCode": "H"
    },
    "isAvailable": true,
    "isPriceAvailable": true,
    "inPromo": false,
    "gtin": [
      "05400141313567"
    ],
    "topCategoryName": "Colruyt-beenhouwerij",
    "topCategoryId": "33",
    "businessDomain": "RETAIL_BE",
    "IsPrivateLabel": false,
    "IsBiffe": false,
    "WeightconversionFactor": "120",
    "IsWeightArticle": true,
    "nutriscoreLabel": "B",
    "IsBio": false,
    "CountryOfOrigin": "BELGIË",
    "IsExclusivelySoldInLuxembourg": false,
    "OrderUnit": "P,Kg",
    "ShortName": "VARKENSESCALOPE W",
    "IsNew": false,
    "EcoscoreLabel": "E",
    "RecentQuanityOfStockUnits": "1,1",
    "LongName": "varkensescalope",
    "AlcoholVolume": "0",
    "FicCode": "I",
    "EcoscoreValue": "0"
  },
  {
    "productId": "140667",
    "technicalArticleNumber": "3204601",
    "commercialArticleNumber": "18265",
    "name": "provencaals gebraad",
    "description": "*Gemarineerd 1,2kg\n*België\n*Bakken in de oven\n±15 min op 200°\ndan ±45 min op 180°",
    "thumbNail": "https://static.colruytgroup.com/images/200x200/std.lang.all/90/04/asset-1779004.jpg",
    "fullImage": "https://static.colruytgroup.com/images/500x500/std.lang.all/90/04/asset-1779004.jpg",
    "squareImage": "https://static.colruytgroup.com/images/500x500sq/std.lang.all/90/04/asset-1779004.jpg",
    "walkRouteSequenceNumber": 19611,
    "price": {
      "basicPrice": 10.4,
      "recommendedQuantity": "1.0",
      "unit": "K",
      "measurementUnitPrice": 10.4,
      "measurementUnit": "K",
      "isRedPrice": false,
      "pricePerUOM": 10.4,
      "activationDate": "28-02-2024",
      "isPromoActive": "N",
      "priceChangeCode": "E"
    },
    "isAvailable": true,
    "isPriceAvailable": true,
    "inPromo": false,
    "topCategoryName": "Colruyt-beenhouwerij",
    "topCategoryId": "33",
    "businessDomain": "RETAIL_BE",
    "IsPrivateLabel": true,
    "IsBiffe": false,
    "WeightconversionFactor": "1000",
    "IsWeightArticle": true,
    "nutriscoreLabel": "D",
    "IsBio": false,
    "IsExclusivelySoldInLuxembourg": false,
    "OrderUnit": "P",
    "ShortName": "PROVENCAALS GEBRAAD   W",
    "IsNew": false,
    "RecentQuanityOfStockUnits": "1,1",
    "LongName": "provencaals gebraad",
    "AlcoholVolume": "0",
    "FicCode": "I"
  },
  {
    "productId": "714753",
    "technicalArticleNumber": "4459310",
    "commercialArticleNumber": "19493",
    "name": "pizza chorizo",
    "description": "*Voorverwarmde oven\n200° 8 à 10 min\n*Niet geschikt voor\nmicrogolf oven.",
    "thumbNail": "https://static.colruytgroup.com/images/200x200/std.lang.all/40/95/asset-2454095.jpg",
    "fullImage": "https://static.colruytgroup.com/images/500x500/std.lang.all/40/95/asset-2454095.jpg",
    "squareImage": "https://static.colruytgroup.com/images/500x500sq/std.lang.all/40/95/asset-2454095.jpg",
    "content": "±470g",
    "walkRouteSequenceNumber": 19062,
    "price": {
      "basicPrice": 6.49,
      "recommendedQuantity": "1.0",
      "measurementUnitPrice": 13.75,
      "measurementUnit": "K",
      "isRedPrice": false,
      "pricePerUOM": 13.75,
      "activationDate": "27-02-2024",
      "isPromoActive": "N",
      "priceChangeCode": "H"
    },
    "isAvailable": true,
    "isPriceAvailable": true,
    "inPromo": false,
    "topCategoryName": "Colruyt-beenhouwerij",
    "topCategoryId": "33",
    "businessDomain": "RETAIL_BE",
    "IsPrivateLabel": false,
    "IsBiffe": false,
    "WeightconversionFactor": "0",
    "IsWeightArticle": false,
    "nutriscoreLabel": "D",
    "IsBio": false,
    "CountryOfOrigin": "BELGIË",
    "IsExclusivelySoldInLuxembourg": false,
    "OrderUnit": "P",
    "ShortName": "PIZZA CHORIZO 470G",
    "IsNew": false,
    "EcoscoreLabel": "C",
    "RecentQuanityOfStockUnits": "1,1",
    "LongName": "pizza chorizo ±470g",
    "AlcoholVolume": "0",
    "FicCode": "I",
    "EcoscoreValue": "50"
  },
  {
    "productId": "686464",
    "technicalArticleNumber": "4409959",
    "commercialArticleNumber": "24950",
    "name": "panchetta cotta",
    "brand": "COLRUYT",
    "seoBrand": "Colruyt",
    "thumbNail": "https://static.colruytgroup.com/images/200x200/std.lang.all/04/04/asset-2930404.jpg",
    "fullImage": "https://static.colruytgroup.com/images/500x500/std.lang.all/04/04/asset-2930404.jpg",
    "squareImage": "https://static.colruytgroup.com/images/500x500sq/std.lang.all/04/04/asset-2930404.jpg",
    "content": "160g",
    "walkRouteSequenceNumber": 8022,
    "price": {
      "basicPrice": 4.24,
      "recommendedQuantity": "1.0",
      "measurementUnitPrice": 26.5,
      "measurementUnit": "K",
      "isRedPrice": false,
      "pricePerUOM": 26.5,
      "activationDate": "25-01-2024",
      "recordSource": "Offline",
      "isPromoActive": "N",
      "priceChangeCode": "L"
    },
    "isAvailable": true,
    "isPriceAvailable": true,
    "inPromo": false,
    "gtin": [
      "05400141888836"
    ],
    "topCategoryName": "Colruyt-beenhouwerij",
    "topCategoryId": "33",
    "businessDomain": "RETAIL_BE",
    "IsPrivateLabel": true,
    "IsBiffe": false,
    "WeightconversionFactor": "0",
    "IsWeightArticle": false,
    "nutriscoreLabel": "E",
    "IsBio": false,
    "CountryOfOrigin": "BELGIË",
    "IsExclusivelySoldInLuxembourg": false,
    "OrderUnit": "P",
    "ShortName": "ZBH PANCHETTA 160G",
    "IsNew": false,
    "EcoscoreLabel": "E",
    "RecentQuanityOfStockUnits": "1",
    "LongName": "COLRUYT panchetta cotta 160g",
    "AlcoholVolume": "0",
    "FicCode": "I",
    "EcoscoreValue": "0"
  },
  {
    "productId": "7937",
    "technicalArticleNumber": "1158817",
    "commercialArticleNumber": "10065",
    "name": "kalfsschenkel osso buco",
    "description": "*Smaakvolle sneden\nmet been\n*Aanbakken en stoven\n+-1,5 uur sudderen",
    "thumbNail": "https://static.colruytgroup.com/images/200x200/std.lang.all/21/23/asset-2052123.jpg",
    "fullImage": "https://static.colruytgroup.com/images/500x500/std.lang.all/21/23/asset-2052123.jpg",
    "squareImage": "https://static.colruytgroup.com/images/500x500sq/std.lang.all/21/23/asset-2052123.jpg",
    "walkRouteSequenceNumber": 19162,
    "price": {
      "basicPrice": 20.69,
      "recommendedQuantity": "0.6",
      "unit": "K",
      "measurementUnitPrice": 20.69,
      "measurementUnit": "K",
      "isRedPrice": false,
      "pricePerUOM": 20.69,
      "activationDate": "21-03-2024",
      "recordSource": "Offline",
      "isPromoActive": "N",
      "priceChangeCode": "L"
    },
    "isAvailable": true,
    "isPriceAvailable": true,
    "inPromo": false,
    "topCategoryName": "Colruyt-beenhouwerij",
    "topCategoryId": "33",
    "businessDomain": "RETAIL_BE",
    "IsPrivateLabel": false,
    "IsBiffe": false,
    "WeightconversionFactor": "300",
    "IsWeightArticle": true,
    "nutriscoreLabel": "A",
    "IsBio": false,
    "CountryOfOrigin": "BELGIË",
    "IsExclusivelySoldInLuxembourg": false,
    "OrderUnit": "P",
    "ShortName": "OSSO BUCO W",
    "InSeason": true,
    "IsNew": false,
    "EcoscoreLabel": "E",
    "RecentQuanityOfStockUnits": "1,1",
    "LongName": "kalfsschenkel osso buco",
    "AlcoholVolume": "0",
    "StartSeasonDate": "05/03/2014",
    "FicCode": "I",
    "EcoscoreValue": "0"
  },
  {
    "productId": "775341",
    "technicalArticleNumber": "4565806",
    "commercialArticleNumber": "3683",
    "name": "Flammkuch.courg-geitk.-basili",
    "description": "*Voorverwarmde oven\n240° 6 à 8 min\nBak 6 à 8 minuten\ntot garnituur smelt\nen goudbruin wordt",
    "thumbNail": "https://static.colruytgroup.com/images/200x200/std.lang.all/73/91/asset-2747391.jpg",
    "fullImage": "https://static.colruytgroup.com/images/500x500/std.lang.all/73/91/asset-2747391.jpg",
    "squareImage": "https://static.colruytgroup.com/images/500x500sq/std.lang.all/73/91/asset-2747391.jpg",
    "content": "180g",
    "walkRouteSequenceNumber": 18992,
    "price": {
      "basicPrice": 3.95,
      "recommendedQuantity": "1.0",
      "measurementUnitPrice": 21.95,
      "measurementUnit": "K",
      "isRedPrice": false,
      "pricePerUOM": 21.95,
      "activationDate": "11-10-2023",
      "isPromoActive": "N",
      "priceChangeCode": "H"
    },
    "isAvailable": true,
    "isPriceAvailable": true,
    "inPromo": false,
    "gtin": [
      "03234510065809"
    ],
    "topCategoryName": "Colruyt-beenhouwerij",
    "topCategoryId": "33",
    "businessDomain": "RETAIL_BE",
    "IsPrivateLabel": false,
    "IsBiffe": false,
    "WeightconversionFactor": "0",
    "IsWeightArticle": false,
    "nutriscoreLabel": "D",
    "IsBio": false,
    "CountryOfOrigin": "BELGIË",
    "IsExclusivelySoldInLuxembourg": false,
    "OrderUnit": "P",
    "ShortName": "BH FLAM. COURGET 180G",
    "InSeason": true,
    "IsNew": false,
    "EcoscoreLabel": "D",
    "RecentQuanityOfStockUnits": "1",
    "LongName": "Flammkuch.courg-geitk.-basili 180g",
    "StartSeasonDate": "07/08/2023",
    "FicCode": "E",
    "EcoscoreValue": "30"
  },
  {
    "productId": "59230",
    "technicalArticleNumber": "2350025",
    "commercialArticleNumber": "11913",
    "name": "BH barbecueburger varken",
    "description": "*Varkensgehakt,\nGedroogde groenten\n*±150gr\n*Te bakken ±10'",
    "thumbNail": "https://static.colruytgroup.com/images/200x200/std.lang.all/14/35/asset-351435.jpg",
    "fullImage": "https://static.colruytgroup.com/images/500x500/std.lang.all/14/35/asset-351435.jpg",
    "squareImage": "https://static.colruytgroup.com/images/500x500sq/std.lang.all/14/35/asset-351435.jpg",
    "walkRouteSequenceNumber": 19472,
    "price": {
      "basicPrice": 12.24,
      "recommendedQuantity": "1.0",
      "unit": "K",
      "measurementUnitPrice": 12.24,
      "measurementUnit": "K",
      "isRedPrice": false,
      "pricePerUOM": 12.24,
      "activationDate": "01-03-2024",
      "isPromoActive": "N",
      "priceChangeCode": "H"
    },
    "isAvailable": true,
    "isPriceAvailable": true,
    "inPromo": false,
    "topCategoryName": "Colruyt-beenhouwerij",
    "topCategoryId": "33",
    "businessDomain": "RETAIL_BE",
    "IsPrivateLabel": true,
    "IsBiffe": false,
    "WeightconversionFactor": "200",
    "IsWeightArticle": true,
    "nutriscoreLabel": "D",
    "IsBio": false,
    "CountryOfOrigin": "BELGIË",
    "IsExclusivelySoldInLuxembourg": false,
    "OrderUnit": "P",
    "ShortName": "BH BARBECUEBURGER W",
    "IsNew": false,
    "RecentQuanityOfStockUnits": "1",
    "LongName": "BH barbecueburger varken",
    "AlcoholVolume": "0",
    "FicCode": "I"
  },
  {
    "productId": "7758",
    "technicalArticleNumber": "1158632",
    "commercialArticleNumber": "10033",
    "name": "gerolde rosbief",
    "description": "*Vermalst,Vetband\n*Bak aan in de pan\n+- 25min op 180°\nin de oven",
    "thumbNail": "https://static.colruytgroup.com/images/200x200/std.lang.all/34/67/asset-1623467.jpg",
    "fullImage": "https://static.colruytgroup.com/images/500x500/std.lang.all/34/67/asset-1623467.jpg",
    "squareImage": "https://static.colruytgroup.com/images/500x500sq/std.lang.all/34/67/asset-1623467.jpg",
    "walkRouteSequenceNumber": 19135,
    "price": {
      "basicPrice": 17.49,
      "recommendedQuantity": "1.0",
      "unit": "K",
      "measurementUnitPrice": 17.49,
      "measurementUnit": "K",
      "isRedPrice": false,
      "pricePerUOM": 17.49,
      "activationDate": "14-11-2023",
      "isPromoActive": "N",
      "priceChangeCode": "E"
    },
    "isAvailable": true,
    "isPriceAvailable": true,
    "inPromo": false,
    "topCategoryName": "Colruyt-beenhouwerij",
    "topCategoryId": "33",
    "businessDomain": "RETAIL_BE",
    "IsPrivateLabel": false,
    "IsBiffe": false,
    "WeightconversionFactor": "1000",
    "IsWeightArticle": true,
    "nutriscoreLabel": "A",
    "IsBio": false,
    "CountryOfOrigin": "BELGIË",
    "IsExclusivelySoldInLuxembourg": false,
    "OrderUnit": "Kg",
    "ShortName": "GEROLD ROSBIEF W",
    "IsNew": false,
    "EcoscoreLabel": "E",
    "RecentQuanityOfStockUnits": "1,1",
    "LongName": "gerolde rosbief",
    "AlcoholVolume": "0",
    "FicCode": "I",
    "EcoscoreValue": "0"
  },
  {
    "productId": "218703",
    "technicalArticleNumber": "3506738",
    "commercialArticleNumber": "14305",
    "name": "hamburgercolli rund-varken",
    "description": "*Broodjes inbegrepen\n*Verwarm de\nbroodjes in de oven\n+- 3 min op 180°\n*Garneer naar wens",
    "thumbNail": "https://static.colruytgroup.com/images/200x200/std.lang.all/12/04/asset-971204.jpg",
    "fullImage": "https://static.colruytgroup.com/images/500x500/std.lang.all/12/04/asset-971204.jpg",
    "squareImage": "https://static.colruytgroup.com/images/500x500sq/std.lang.all/12/04/asset-971204.jpg",
    "walkRouteSequenceNumber": 19534,
    "price": {
      "basicPrice": 9.99,
      "recommendedQuantity": "1.0",
      "measurementUnitPrice": 8.13,
      "measurementUnit": "K",
      "isRedPrice": false,
      "pricePerUOM": 8.13,
      "activationDate": "28-01-2023",
      "isPromoActive": "N",
      "priceChangeCode": "H"
    },
    "isAvailable": true,
    "isPriceAvailable": true,
    "inPromo": false,
    "topCategoryName": "Colruyt-beenhouwerij",
    "topCategoryId": "33",
    "businessDomain": "RETAIL_BE",
    "IsPrivateLabel": false,
    "IsBiffe": false,
    "WeightconversionFactor": "0",
    "IsWeightArticle": false,
    "nutriscoreLabel": "C",
    "IsBio": false,
    "CountryOfOrigin": "BELGIË",
    "IsExclusivelySoldInLuxembourg": false,
    "OrderUnit": "P",
    "ShortName": "HAMBURGER COLLI",
    "IsNew": false,
    "EcoscoreLabel": "E",
    "RecentQuanityOfStockUnits": "1,1",
    "LongName": "hamburgercolli rund-varken",
    "AlcoholVolume": "0",
    "FicCode": "I",
    "EcoscoreValue": "0"
  },
  {
    "productId": "367169",
    "technicalArticleNumber": "3878836",
    "commercialArticleNumber": "27605",
    "name": "champignonroomsaus",
    "description": "*Bewaren in de\nkoelkast\n*Na opening 2 dagen\nhoudbaar in koelkast",
    "thumbNail": "https://static.colruytgroup.com/images/200x200/std.lang.all/10/45/asset-2351045.jpg",
    "fullImage": "https://static.colruytgroup.com/images/500x500/std.lang.all/10/45/asset-2351045.jpg",
    "squareImage": "https://static.colruytgroup.com/images/500x500sq/std.lang.all/10/45/asset-2351045.jpg",
    "content": "500g",
    "walkRouteSequenceNumber": 6746,
    "price": {
      "basicPrice": 5.2,
      "recommendedQuantity": "1.0",
      "measurementUnitPrice": 10.4,
      "measurementUnit": "K",
      "isRedPrice": false,
      "pricePerUOM": 10.4,
      "activationDate": "15-06-2023",
      "isPromoActive": "N",
      "priceChangeCode": "H"
    },
    "isAvailable": true,
    "isPriceAvailable": true,
    "inPromo": false,
    "gtin": [
      "05400141928549",
      "95400141654991",
      "05400141521979",
      "05400141857115",
      "05400141243208"
    ],
    "topCategoryName": "Colruyt-beenhouwerij",
    "topCategoryId": "33",
    "businessDomain": "RETAIL_BE",
    "IsPrivateLabel": false,
    "IsBiffe": false,
    "WeightconversionFactor": "0",
    "IsWeightArticle": false,
    "nutriscoreLabel": "C",
    "IsBio": false,
    "CountryOfOrigin": "BELGIË",
    "IsExclusivelySoldInLuxembourg": false,
    "OrderUnit": "P",
    "ShortName": "BH CHAMPIGNONSAUS 500G",
    "IsNew": false,
    "EcoscoreLabel": "D",
    "RecentQuanityOfStockUnits": "1,1",
    "LongName": "champignonroomsaus 500g",
    "AlcoholVolume": "0",
    "FicCode": "N",
    "EcoscoreValue": "30"
  },
  {
    "productId": "59229",
    "technicalArticleNumber": "2349987",
    "commercialArticleNumber": "11360",
    "name": "gemarineerd spek",
    "description": "*Marinade met\nPaprika smaak\n*België\n*Bak ±2à3 min aan\nbeide kanten",
    "thumbNail": "https://static.colruytgroup.com/images/200x200/std.lang.all/61/78/asset-336178.jpg",
    "fullImage": "https://static.colruytgroup.com/images/500x500/std.lang.all/61/78/asset-336178.jpg",
    "squareImage": "https://static.colruytgroup.com/images/500x500sq/std.lang.all/61/78/asset-336178.jpg",
    "walkRouteSequenceNumber": 19398,
    "price": {
      "basicPrice": 11.4,
      "recommendedQuantity": "0.7",
      "unit": "K",
      "measurementUnitPrice": 11.4,
      "measurementUnit": "K",
      "isRedPrice": false,
      "pricePerUOM": 11.4,
      "activationDate": "23-03-2024",
      "recordSource": "Offline",
      "isPromoActive": "N",
      "priceChangeCode": "L"
    },
    "isAvailable": true,
    "isPriceAvailable": true,
    "inPromo": false,
    "gtin": [
      "05400141113600"
    ],
    "topCategoryName": "Colruyt-beenhouwerij",
    "topCategoryId": "33",
    "businessDomain": "RETAIL_BE",
    "IsPrivateLabel": true,
    "IsBiffe": false,
    "WeightconversionFactor": "150",
    "IsWeightArticle": true,
    "nutriscoreLabel": "E",
    "IsBio": false,
    "CountryOfOrigin": "BELGIË",
    "IsExclusivelySoldInLuxembourg": false,
    "OrderUnit": "P",
    "ShortName": "GEMAR VERS SPEK       W",
    "IsNew": false,
    "RecentQuanityOfStockUnits": "1,1",
    "LongName": "gemarineerd spek",
    "AlcoholVolume": "0",
    "FicCode": "I"
  },
  {
    "productId": "810955",
    "technicalArticleNumber": "4635628",
    "commercialArticleNumber": "1896",
    "name": "Pizza Margaritha",
    "description": "*Voorverwarmde oven\nop 200° 8 à 10 Min\n*Niet voor\nMicro-golf",
    "thumbNail": "https://static.colruytgroup.com/images/200x200/std.lang.all/27/87/asset-2942787.jpg",
    "fullImage": "https://static.colruytgroup.com/images/500x500/std.lang.all/27/87/asset-2942787.jpg",
    "squareImage": "https://static.colruytgroup.com/images/500x500sq/std.lang.all/27/87/asset-2942787.jpg",
    "content": "472g",
    "walkRouteSequenceNumber": 18950,
    "price": {
      "basicPrice": 5.99,
      "recommendedQuantity": "1.0",
      "measurementUnitPrice": 12.7,
      "measurementUnit": "K",
      "isRedPrice": false,
      "pricePerUOM": 12.7,
      "activationDate": "04-03-2024",
      "isPromoActive": "N",
      "priceChangeCode": "E"
    },
    "isAvailable": true,
    "isPriceAvailable": true,
    "inPromo": false,
    "topCategoryName": "Colruyt-beenhouwerij",
    "topCategoryId": "33",
    "businessDomain": "RETAIL_BE",
    "IsPrivateLabel": false,
    "IsBiffe": false,
    "WeightconversionFactor": "0",
    "IsWeightArticle": false,
    "nutriscoreLabel": "D",
    "IsBio": false,
    "CountryOfOrigin": "BELGIË",
    "IsExclusivelySoldInLuxembourg": false,
    "OrderUnit": "P",
    "ShortName": "PIZZA MARGARITHA 472G",
    "IsNew": false,
    "EcoscoreLabel": "B",
    "RecentQuanityOfStockUnits": "1,1",
    "LongName": "Pizza Margaritha 472g",
    "FicCode": "I",
    "EcoscoreValue": "66"
  },
  {
    "productId": "775363",
    "technicalArticleNumber": "4565895",
    "commercialArticleNumber": "3945",
    "name": "Flammkuch.prei-comté-petersel",
    "description": "*Voorverwarmde oven\n240°\nBak 6 à 8 minuten\ntot garnituur smelt\nen goudbruin wordt",
    "thumbNail": "https://static.colruytgroup.com/images/200x200/std.lang.all/73/93/asset-2747393.jpg",
    "fullImage": "https://static.colruytgroup.com/images/500x500/std.lang.all/73/93/asset-2747393.jpg",
    "squareImage": "https://static.colruytgroup.com/images/500x500sq/std.lang.all/73/93/asset-2747393.jpg",
    "content": "180g",
    "walkRouteSequenceNumber": 18995,
    "price": {
      "basicPrice": 3.95,
      "recommendedQuantity": "1.0",
      "measurementUnitPrice": 21.95,
      "measurementUnit": "K",
      "isRedPrice": false,
      "pricePerUOM": 21.95,
      "activationDate": "11-10-2023",
      "isPromoActive": "N",
      "priceChangeCode": "H"
    },
    "isAvailable": true,
    "isPriceAvailable": true,
    "inPromo": false,
    "gtin": [
      "03234510065823"
    ],
    "topCategoryName": "Colruyt-beenhouwerij",
    "topCategoryId": "33",
    "businessDomain": "RETAIL_BE",
    "IsPrivateLabel": false,
    "IsBiffe": false,
    "WeightconversionFactor": "0",
    "IsWeightArticle": false,
    "nutriscoreLabel": "D",
    "IsBio": false,
    "CountryOfOrigin": "BELGIË",
    "IsExclusivelySoldInLuxembourg": false,
    "OrderUnit": "P",
    "ShortName": "BH FLAM. PREI 180G",
    "InSeason": true,
    "IsNew": false,
    "EcoscoreLabel": "D",
    "RecentQuanityOfStockUnits": "1",
    "LongName": "Flammkuch.prei-comté-petersel 180g",
    "StartSeasonDate": "07/08/2023",
    "FicCode": "E",
    "EcoscoreValue": "30"
  },
  {
    "productId": "2864",
    "technicalArticleNumber": "1015133",
    "commercialArticleNumber": "27422",
    "name": "boulogneworst",
    "description": "*Boulogneworst\n*België\n*±250 g",
    "thumbNail": "https://static.colruytgroup.com/images/200x200/std.lang.all/27/91/asset-1252791.jpg",
    "fullImage": "https://static.colruytgroup.com/images/500x500/std.lang.all/27/91/asset-1252791.jpg",
    "squareImage": "https://static.colruytgroup.com/images/500x500sq/std.lang.all/27/91/asset-1252791.jpg",
    "content": "250g",
    "walkRouteSequenceNumber": 6764,
    "price": {
      "basicPrice": 8.09,
      "recommendedQuantity": "1.0",
      "measurementUnitPrice": 32.36,
      "measurementUnit": "K",
      "isRedPrice": false,
      "pricePerUOM": 32.36,
      "activationDate": "17-02-2024",
      "recordSource": "Offline",
      "isPromoActive": "N",
      "priceChangeCode": "E"
    },
    "isAvailable": true,
    "isPriceAvailable": true,
    "inPromo": false,
    "gtin": [
      "05413131001122",
      "15400141323327",
      "05400112581506"
    ],
    "topCategoryName": "Colruyt-beenhouwerij",
    "topCategoryId": "33",
    "businessDomain": "RETAIL_BE",
    "IsPrivateLabel": false,
    "IsBiffe": false,
    "WeightconversionFactor": "0",
    "IsWeightArticle": false,
    "nutriscoreLabel": "E",
    "IsBio": false,
    "CountryOfOrigin": "BELGIË",
    "IsExclusivelySoldInLuxembourg": false,
    "OrderUnit": "P",
    "ShortName": "BH PETIT BOULOGNE 250G",
    "InSeason": true,
    "IsNew": false,
    "EcoscoreLabel": "D",
    "RecentQuanityOfStockUnits": "1",
    "LongName": "boulogneworst 250g",
    "AlcoholVolume": "0",
    "StartSeasonDate": "26/03/2001",
    "FicCode": "I",
    "EcoscoreValue": "25"
  },
  {
    "productId": "621748",
    "technicalArticleNumber": "4301521",
    "commercialArticleNumber": "23614",
    "name": "konijnenfiletroulade park",
    "description": "*Voorverwarmde oven\n180° ±20 min.\n*Braadpan 20 à 25\nmin",
    "thumbNail": "https://static.colruytgroup.com/images/200x200/std.lang.all/81/07/asset-2158107.jpg",
    "fullImage": "https://static.colruytgroup.com/images/500x500/std.lang.all/81/07/asset-2158107.jpg",
    "squareImage": "https://static.colruytgroup.com/images/500x500sq/std.lang.all/81/07/asset-2158107.jpg",
    "content": "±2x200g",
    "walkRouteSequenceNumber": 19649,
    "price": {
      "basicPrice": 19.98,
      "recommendedQuantity": "0.4",
      "unit": "K",
      "measurementUnitPrice": 19.98,
      "measurementUnit": "K",
      "isRedPrice": false,
      "pricePerUOM": 19.98,
      "activationDate": "20-03-2024",
      "recordSource": "Folder",
      "isPromoActive": "N",
      "priceChangeCode": "L"
    },
    "isAvailable": true,
    "isPriceAvailable": true,
    "inPromo": false,
    "gtin": [
      "05400141420791",
      "95400141420794",
      "95425028409563"
    ],
    "topCategoryName": "Colruyt-beenhouwerij",
    "topCategoryId": "33",
    "businessDomain": "RETAIL_BE",
    "IsPrivateLabel": false,
    "IsBiffe": false,
    "WeightconversionFactor": "400",
    "IsWeightArticle": true,
    "nutriscoreLabel": "A",
    "IsBio": false,
    "CountryOfOrigin": "BELGIË",
    "IsExclusivelySoldInLuxembourg": false,
    "OrderUnit": "P",
    "ShortName": "BH KONIJNFILET ROULA W",
    "IsNew": false,
    "EcoscoreLabel": "E",
    "RecentQuanityOfStockUnits": "1,1,1,1",
    "LongName": "konijnenfiletroulade park ±2x200g",
    "AlcoholVolume": "0",
    "FicCode": "I",
    "EcoscoreValue": "15"
  },
  {
    "productId": "7163",
    "technicalArticleNumber": "1160222",
    "commercialArticleNumber": "10261",
    "name": "paardenrumpsteak",
    "description": "*100% Paardenvlees",
    "thumbNail": "https://static.colruytgroup.com/images/200x200/std.lang.all/46/90/asset-2254690.jpg",
    "fullImage": "https://static.colruytgroup.com/images/500x500/std.lang.all/46/90/asset-2254690.jpg",
    "squareImage": "https://static.colruytgroup.com/images/500x500sq/std.lang.all/46/90/asset-2254690.jpg",
    "content": "±400g",
    "walkRouteSequenceNumber": 19245,
    "price": {
      "basicPrice": 13.99,
      "recommendedQuantity": "0.9",
      "unit": "K",
      "measurementUnitPrice": 13.99,
      "measurementUnit": "K",
      "isRedPrice": false,
      "pricePerUOM": 13.99,
      "activationDate": "19-03-2024",
      "recordSource": "Folder",
      "isPromoActive": "N",
      "priceChangeCode": "L"
    },
    "isAvailable": true,
    "isPriceAvailable": true,
    "inPromo": false,
    "gtin": [
      "05400141307764"
    ],
    "topCategoryName": "Colruyt-beenhouwerij",
    "topCategoryId": "33",
    "businessDomain": "RETAIL_BE",
    "IsPrivateLabel": false,
    "IsBiffe": false,
    "WeightconversionFactor": "400",
    "IsWeightArticle": true,
    "nutriscoreLabel": "C",
    "IsBio": false,
    "CountryOfOrigin": "BELGIË",
    "IsExclusivelySoldInLuxembourg": false,
    "OrderUnit": "P",
    "ShortName": "PAARDENRUMPSTEAK 400G.",
    "IsNew": false,
    "RecentQuanityOfStockUnits": "1",
    "LongName": "paardenrumpsteak ±400g",
    "AlcoholVolume": "0",
    "FicCode": "I"
  },
  {
    "productId": "781180",
    "technicalArticleNumber": "4577684",
    "commercialArticleNumber": "28868",
    "name": "Perzik met tonijn",
    "description": "*Koude schotel\nklaar om te\nconsumeren",
    "thumbNail": "https://static.colruytgroup.com/images/200x200/std.lang.all/31/52/asset-2763152.jpg",
    "fullImage": "https://static.colruytgroup.com/images/500x500/std.lang.all/31/52/asset-2763152.jpg",
    "squareImage": "https://static.colruytgroup.com/images/500x500sq/std.lang.all/31/52/asset-2763152.jpg",
    "content": "±520g",
    "walkRouteSequenceNumber": 18980,
    "price": {
      "basicPrice": 12.27,
      "recommendedQuantity": "1.0",
      "unit": "K",
      "measurementUnitPrice": 12.27,
      "measurementUnit": "K",
      "isRedPrice": false,
      "pricePerUOM": 12.27,
      "activationDate": "27-02-2024",
      "isPromoActive": "N",
      "priceChangeCode": "H"
    },
    "isAvailable": true,
    "isPriceAvailable": true,
    "inPromo": false,
    "topCategoryName": "Colruyt-beenhouwerij",
    "topCategoryId": "33",
    "businessDomain": "RETAIL_BE",
    "IsPrivateLabel": false,
    "IsBiffe": false,
    "WeightconversionFactor": "520",
    "IsWeightArticle": true,
    "nutriscoreLabel": "B",
    "IsBio": false,
    "CountryOfOrigin": "BELGIË",
    "IsExclusivelySoldInLuxembourg": false,
    "OrderUnit": "P",
    "ShortName": "PERZIK MET TONIJN W",
    "IsNew": false,
    "EcoscoreLabel": "C",
    "RecentQuanityOfStockUnits": "1,1",
    "LongName": "Perzik met tonijn ±520g",
    "FicCode": "I",
    "EcoscoreValue": "43"
  },
  {
    "productId": "7857",
    "technicalArticleNumber": "1158786",
    "commercialArticleNumber": "10055",
    "name": "vlees voor steengrill",
    "description": "*Rund,Varken,\nkip,eend,kalkoen\n*±300g per pers",
    "thumbNail": "https://static.colruytgroup.com/images/200x200/std.lang.all/90/21/asset-699021.jpg",
    "fullImage": "https://static.colruytgroup.com/images/500x500/std.lang.all/90/21/asset-699021.jpg",
    "squareImage": "https://static.colruytgroup.com/images/500x500sq/std.lang.all/90/21/asset-699021.jpg",
    "walkRouteSequenceNumber": 19153,
    "price": {
      "basicPrice": 18.45,
      "recommendedQuantity": "1.5",
      "unit": "K",
      "measurementUnitPrice": 18.45,
      "measurementUnit": "K",
      "isRedPrice": false,
      "pricePerUOM": 18.45,
      "activationDate": "12-12-2023",
      "isPromoActive": "N",
      "priceChangeCode": "E"
    },
    "isAvailable": true,
    "isPriceAvailable": true,
    "inPromo": false,
    "gtin": [
      "05400141303834"
    ],
    "topCategoryName": "Colruyt-beenhouwerij",
    "topCategoryId": "33",
    "businessDomain": "RETAIL_BE",
    "IsPrivateLabel": false,
    "IsBiffe": false,
    "WeightconversionFactor": "1500",
    "IsWeightArticle": true,
    "nutriscoreLabel": "A",
    "IsBio": false,
    "CountryOfOrigin": "BELGIË",
    "IsExclusivelySoldInLuxembourg": false,
    "OrderUnit": "Kg",
    "ShortName": "VLEES VOOR STEENGRILL W",
    "IsNew": false,
    "EcoscoreLabel": "E",
    "RecentQuanityOfStockUnits": "1,1,1",
    "LongName": "vlees voor steengrill",
    "AlcoholVolume": "0",
    "FicCode": "I",
    "EcoscoreValue": "0"
  },
  {
    "productId": "850499",
    "technicalArticleNumber": "4698020",
    "commercialArticleNumber": "30867",
    "name": "gerookte strolghino",
    "thumbNail": "https://static.colruytgroup.com/images/200x200/std.lang.all/70/52/asset-3187052.jpg",
    "fullImage": "https://static.colruytgroup.com/images/500x500/std.lang.all/70/52/asset-3187052.jpg",
    "squareImage": "https://static.colruytgroup.com/images/500x500sq/std.lang.all/70/52/asset-3187052.jpg",
    "content": "160g",
    "walkRouteSequenceNumber": 18903,
    "price": {
      "basicPrice": 2.99,
      "recommendedQuantity": "1.0",
      "measurementUnitPrice": 18.69,
      "measurementUnit": "K",
      "isRedPrice": false,
      "pricePerUOM": 18.69,
      "activationDate": "01-02-2023",
      "isPromoActive": "N",
      "priceChangeCode": "E"
    },
    "isAvailable": true,
    "isPriceAvailable": true,
    "inPromo": false,
    "gtin": [
      "08017806000242"
    ],
    "topCategoryName": "Colruyt-beenhouwerij",
    "topCategoryId": "33",
    "businessDomain": "RETAIL_BE",
    "IsPrivateLabel": false,
    "IsBiffe": false,
    "WeightconversionFactor": "0",
    "IsWeightArticle": false,
    "IsBio": false,
    "CountryOfOrigin": "ITALIË",
    "IsExclusivelySoldInLuxembourg": false,
    "OrderUnit": "P",
    "ShortName": "ZBH STROLG. GEROOKT160G",
    "IsNew": false,
    "RecentQuanityOfStockUnits": "1",
    "LongName": "gerookte strolghino 160g",
    "FicCode": "E"
  },
  {
    "productId": "15121",
    "technicalArticleNumber": "1578895",
    "commercialArticleNumber": "11394",
    "name": "chipolata varken mix",
    "description": "*2 merguez, 2 boere-\nchipolata,\n2 chipolata\n*±70gr\n*te bakken ±6'",
    "thumbNail": "https://static.colruytgroup.com/images/200x200/std.lang.all/47/23/asset-2804723.jpg",
    "fullImage": "https://static.colruytgroup.com/images/500x500/std.lang.all/47/23/asset-2804723.jpg",
    "squareImage": "https://static.colruytgroup.com/images/500x500sq/std.lang.all/47/23/asset-2804723.jpg",
    "content": "±400g",
    "walkRouteSequenceNumber": 19407,
    "price": {
      "basicPrice": 12.57,
      "recommendedQuantity": "0.6",
      "unit": "K",
      "measurementUnitPrice": 12.57,
      "measurementUnit": "K",
      "isRedPrice": false,
      "pricePerUOM": 12.57,
      "activationDate": "23-03-2024",
      "recordSource": "Offline",
      "isPromoActive": "N",
      "priceChangeCode": "H"
    },
    "isAvailable": true,
    "isPriceAvailable": true,
    "inPromo": false,
    "topCategoryName": "Colruyt-beenhouwerij",
    "topCategoryId": "33",
    "businessDomain": "RETAIL_BE",
    "IsPrivateLabel": true,
    "IsBiffe": false,
    "WeightconversionFactor": "400",
    "IsWeightArticle": true,
    "nutriscoreLabel": "D",
    "IsBio": false,
    "CountryOfOrigin": "BELGIË",
    "IsExclusivelySoldInLuxembourg": false,
    "OrderUnit": "P",
    "ShortName": "CHIPOLATAMIX W",
    "IsNew": false,
    "RecentQuanityOfStockUnits": "1",
    "LongName": "chipolata varken mix ±400g",
    "AlcoholVolume": "0",
    "FicCode": "I"
  },
  {
    "productId": "8340",
    "technicalArticleNumber": "1159204",
    "commercialArticleNumber": "10122",
    "name": "orloff-gebraad",
    "description": "*Gerookte ham,kaas\n*België\n*Bakken in de oven\n±15 min op 200°\ndan ±45 min op 180°",
    "thumbNail": "https://static.colruytgroup.com/images/200x200/std.lang.all/66/28/asset-336628.jpg",
    "fullImage": "https://static.colruytgroup.com/images/500x500/std.lang.all/66/28/asset-336628.jpg",
    "squareImage": "https://static.colruytgroup.com/images/500x500sq/std.lang.all/66/28/asset-336628.jpg",
    "walkRouteSequenceNumber": 19193,
    "price": {
      "basicPrice": 15.37,
      "recommendedQuantity": "1.0",
      "unit": "K",
      "measurementUnitPrice": 15.37,
      "measurementUnit": "K",
      "isRedPrice": false,
      "pricePerUOM": 15.37,
      "activationDate": "26-02-2024",
      "recordSource": "Offline",
      "isPromoActive": "N",
      "priceChangeCode": "H"
    },
    "isAvailable": true,
    "isPriceAvailable": true,
    "inPromo": false,
    "topCategoryName": "Colruyt-beenhouwerij",
    "topCategoryId": "33",
    "businessDomain": "RETAIL_BE",
    "IsPrivateLabel": true,
    "IsBiffe": false,
    "WeightconversionFactor": "1000",
    "IsWeightArticle": true,
    "nutriscoreLabel": "D",
    "IsBio": false,
    "CountryOfOrigin": "BELGIË",
    "IsExclusivelySoldInLuxembourg": false,
    "OrderUnit": "Kg",
    "ShortName": "ORLOFF-GEBRAAD        W",
    "IsNew": false,
    "RecentQuanityOfStockUnits": "1,1",
    "LongName": "orloff-gebraad",
    "AlcoholVolume": "0",
    "FicCode": "I"
  },
  {
    "productId": "909961",
    "technicalArticleNumber": "4759348",
    "commercialArticleNumber": "6328",
    "name": "worsten varken rund",
    "description": "*Varken- rundsvlees\ngekruid\n*±150gr\n*+-150gr",
    "thumbNail": "https://static.colruytgroup.com/images/200x200/std.lang.all/99/33/asset-3309933.jpg",
    "fullImage": "https://static.colruytgroup.com/images/500x500/std.lang.all/99/33/asset-3309933.jpg",
    "squareImage": "https://static.colruytgroup.com/images/500x500sq/std.lang.all/99/33/asset-3309933.jpg",
    "content": "±600g",
    "walkRouteSequenceNumber": 18777,
    "price": {
      "basicPrice": 9.41,
      "recommendedQuantity": "0.6",
      "unit": "K",
      "measurementUnitPrice": 9.41,
      "measurementUnit": "K",
      "isRedPrice": false,
      "pricePerUOM": 9.41,
      "activationDate": "18-03-2024",
      "recordSource": "Offline",
      "isPromoActive": "N",
      "priceChangeCode": "E"
    },
    "isAvailable": true,
    "isPriceAvailable": true,
    "inPromo": false,
    "gtin": [
      "95400141617989",
      "05400141617986"
    ],
    "topCategoryName": "Colruyt-beenhouwerij",
    "topCategoryId": "33",
    "businessDomain": "RETAIL_BE",
    "IsPrivateLabel": false,
    "IsBiffe": false,
    "WeightconversionFactor": "600",
    "IsWeightArticle": true,
    "nutriscoreLabel": "D",
    "IsBio": false,
    "CountryOfOrigin": "BELGIË",
    "IsExclusivelySoldInLuxembourg": false,
    "OrderUnit": "P",
    "ShortName": "WORST VARK.RUND+-600GW",
    "IsNew": false,
    "EcoscoreLabel": "D",
    "RecentQuanityOfStockUnits": "1,1,1",
    "LongName": "worsten varken rund ±600g",
    "FicCode": "I",
    "EcoscoreValue": "21"
  },
  {
    "productId": "30113",
    "technicalArticleNumber": "1659422",
    "commercialArticleNumber": "11785",
    "name": "Saus op mexicaanse wijze",
    "description": "Pikante saus. Kan opgediend\nworden met pitavlees (varken\nof gevogelte) of bij de\nbarbecue.",
    "thumbNail": "https://static.colruytgroup.com/images/200x200/std.lang.all/24/96/asset-2412496.jpg",
    "fullImage": "https://static.colruytgroup.com/images/500x500/std.lang.all/24/96/asset-2412496.jpg",
    "squareImage": "https://static.colruytgroup.com/images/500x500sq/std.lang.all/24/96/asset-2412496.jpg",
    "walkRouteSequenceNumber": 19463,
    "price": {
      "basicPrice": 6.79,
      "recommendedQuantity": "1.0",
      "unit": "K",
      "measurementUnitPrice": 6.79,
      "measurementUnit": "K",
      "isRedPrice": false,
      "pricePerUOM": 6.79,
      "activationDate": "14-11-2023",
      "isPromoActive": "N",
      "priceChangeCode": "E"
    },
    "isAvailable": true,
    "isPriceAvailable": true,
    "inPromo": false,
    "topCategoryName": "Colruyt-beenhouwerij",
    "topCategoryId": "33",
    "businessDomain": "RETAIL_BE",
    "IsPrivateLabel": true,
    "IsBiffe": false,
    "WeightconversionFactor": "200",
    "IsWeightArticle": true,
    "nutriscoreLabel": "E",
    "IsBio": false,
    "IsExclusivelySoldInLuxembourg": false,
    "OrderUnit": "P",
    "ShortName": "SAUS MEXICAANSE WIJZE",
    "IsNew": false,
    "RecentQuanityOfStockUnits": "1,1",
    "LongName": "Saus op mexicaanse wijze",
    "AlcoholVolume": "0",
    "FicCode": "I"
  },
  {
    "productId": "232395",
    "technicalArticleNumber": "3571163",
    "commercialArticleNumber": "16695",
    "name": "mini-hespenworst",
    "description": "*Ideaal voor uit het\nvuistje of\nin de brooddoos.\n*Belgie",
    "brand": "COLRUYT",
    "seoBrand": "Colruyt",
    "thumbNail": "https://static.colruytgroup.com/images/200x200/std.lang.all/59/72/asset-1295972.jpg",
    "fullImage": "https://static.colruytgroup.com/images/500x500/std.lang.all/59/72/asset-1295972.jpg",
    "squareImage": "https://static.colruytgroup.com/images/500x500sq/std.lang.all/59/72/asset-1295972.jpg",
    "content": "240g",
    "walkRouteSequenceNumber": 6760,
    "price": {
      "basicPrice": 3.49,
      "recommendedQuantity": "1.0",
      "measurementUnitPrice": 14.55,
      "measurementUnit": "K",
      "isRedPrice": false,
      "pricePerUOM": 14.55,
      "activationDate": "24-11-2022",
      "isPromoActive": "N",
      "priceChangeCode": "H"
    },
    "isAvailable": true,
    "isPriceAvailable": true,
    "inPromo": false,
    "gtin": [
      "05400141426083",
      "05400141293364"
    ],
    "topCategoryName": "Colruyt-beenhouwerij",
    "topCategoryId": "33",
    "businessDomain": "RETAIL_BE",
    "IsPrivateLabel": true,
    "IsBiffe": false,
    "WeightconversionFactor": "0",
    "IsWeightArticle": false,
    "nutriscoreLabel": "D",
    "IsBio": false,
    "CountryOfOrigin": "BELGIË",
    "IsExclusivelySoldInLuxembourg": false,
    "OrderUnit": "P",
    "ShortName": "ZBH MINI HESPENW. 240G",
    "IsNew": false,
    "EcoscoreLabel": "C",
    "RecentQuanityOfStockUnits": "1",
    "LongName": "COLRUYT mini-hespenworst 240g",
    "AlcoholVolume": "0",
    "FicCode": "I",
    "EcoscoreValue": "41"
  },
  {
    "productId": "60219",
    "technicalArticleNumber": "2314762",
    "commercialArticleNumber": "17982",
    "name": "Vleesribben",
    "description": "*Ribben van de buik\n*België\n*Stoven, Bakken\nin oven, braadpan",
    "thumbNail": "https://ecgproductmw.colruytgroup.com/ecgproductmw/noPicForArticle_2.jpg",
    "fullImage": "https://ecgproductmw.colruytgroup.com/ecgproductmw/noPicForArticle_5.jpg",
    "squareImage": "https://ecgproductmw.colruytgroup.com/ecgproductmw/noPicForArticle_5.jpg",
    "walkRouteSequenceNumber": 19607,
    "price": {
      "basicPrice": 9.99,
      "recommendedQuantity": "0.8",
      "unit": "K",
      "measurementUnitPrice": 9.99,
      "measurementUnit": "K",
      "isRedPrice": false,
      "pricePerUOM": 9.99,
      "activationDate": "12-03-2024",
      "recordSource": "Offline",
      "isPromoActive": "N",
      "priceChangeCode": "H"
    },
    "isAvailable": true,
    "isPriceAvailable": true,
    "inPromo": false,
    "topCategoryName": "Colruyt-beenhouwerij",
    "topCategoryId": "33",
    "businessDomain": "RETAIL_BE",
    "IsPrivateLabel": false,
    "IsBiffe": false,
    "WeightconversionFactor": "100",
    "IsWeightArticle": true,
    "nutriscoreLabel": "C",
    "IsBio": false,
    "CountryOfOrigin": "BELGIË",
    "IsExclusivelySoldInLuxembourg": false,
    "OrderUnit": "Kg",
    "ShortName": "VLEESRIBBEN W",
    "IsNew": false,
    "EcoscoreLabel": "E",
    "RecentQuanityOfStockUnits": "1,1",
    "LongName": "Vleesribben",
    "AlcoholVolume": "0",
    "FicCode": "I",
    "EcoscoreValue": "0"
  },
  {
    "productId": "850524",
    "technicalArticleNumber": "4698055",
    "commercialArticleNumber": "30870",
    "name": "pikant strolghino",
    "thumbNail": "https://static.colruytgroup.com/images/200x200/std.lang.all/70/53/asset-3187053.jpg",
    "fullImage": "https://static.colruytgroup.com/images/500x500/std.lang.all/70/53/asset-3187053.jpg",
    "squareImage": "https://static.colruytgroup.com/images/500x500sq/std.lang.all/70/53/asset-3187053.jpg",
    "content": "160g",
    "walkRouteSequenceNumber": 18904,
    "price": {
      "basicPrice": 2.99,
      "recommendedQuantity": "1.0",
      "measurementUnitPrice": 18.69,
      "measurementUnit": "K",
      "isRedPrice": false,
      "pricePerUOM": 18.69,
      "activationDate": "01-02-2023",
      "isPromoActive": "N",
      "priceChangeCode": "E"
    },
    "isAvailable": true,
    "isPriceAvailable": true,
    "inPromo": false,
    "gtin": [
      "08017806000259"
    ],
    "topCategoryName": "Colruyt-beenhouwerij",
    "topCategoryId": "33",
    "businessDomain": "RETAIL_BE",
    "IsPrivateLabel": false,
    "IsBiffe": false,
    "WeightconversionFactor": "0",
    "IsWeightArticle": false,
    "IsBio": false,
    "CountryOfOrigin": "ITALIË",
    "IsExclusivelySoldInLuxembourg": false,
    "OrderUnit": "P",
    "ShortName": "ZBH STROLG. PIKANT 160G",
    "IsNew": false,
    "RecentQuanityOfStockUnits": "1",
    "LongName": "pikant strolghino 160g",
    "FicCode": "E"
  },
  {
    "productId": "781189",
    "technicalArticleNumber": "4577693",
    "commercialArticleNumber": "28870",
    "name": "Gemarineerd Kalkoen rumpsteak",
    "description": "*Bakken tot in\nde kern",
    "thumbNail": "https://static.colruytgroup.com/images/200x200/std.lang.all/30/89/asset-2763089.jpg",
    "fullImage": "https://static.colruytgroup.com/images/500x500/std.lang.all/30/89/asset-2763089.jpg",
    "squareImage": "https://static.colruytgroup.com/images/500x500sq/std.lang.all/30/89/asset-2763089.jpg",
    "walkRouteSequenceNumber": 18982,
    "price": {
      "basicPrice": 16.98,
      "recommendedQuantity": "1.0",
      "unit": "K",
      "measurementUnitPrice": 16.98,
      "measurementUnit": "K",
      "isRedPrice": false,
      "pricePerUOM": 16.98,
      "activationDate": "01-03-2024",
      "isPromoActive": "N",
      "priceChangeCode": "H"
    },
    "isAvailable": true,
    "isPriceAvailable": true,
    "inPromo": false,
    "topCategoryName": "Colruyt-beenhouwerij",
    "topCategoryId": "33",
    "businessDomain": "RETAIL_BE",
    "IsPrivateLabel": false,
    "IsBiffe": false,
    "WeightconversionFactor": "100",
    "IsWeightArticle": true,
    "nutriscoreLabel": "A",
    "IsBio": false,
    "CountryOfOrigin": "BELGIË",
    "IsExclusivelySoldInLuxembourg": false,
    "OrderUnit": "Kg",
    "ShortName": "GEMAR.KALKRUMPSTEAK W",
    "IsNew": false,
    "EcoscoreLabel": "D",
    "RecentQuanityOfStockUnits": "1",
    "LongName": "Gemarineerd Kalkoen rumpsteak",
    "FicCode": "I",
    "EcoscoreValue": "21"
  },
  {
    "productId": "714759",
    "technicalArticleNumber": "4459316",
    "commercialArticleNumber": "19688",
    "name": "pizza hawai",
    "description": "*Voorverwarmde oven\n200° 8 à 10 min\n*Niet geschikt voor\nmicrogolf oven.",
    "thumbNail": "https://static.colruytgroup.com/images/200x200/std.lang.all/39/22/asset-3233922.jpg",
    "fullImage": "https://static.colruytgroup.com/images/500x500/std.lang.all/39/22/asset-3233922.jpg",
    "squareImage": "https://static.colruytgroup.com/images/500x500sq/std.lang.all/39/22/asset-3233922.jpg",
    "content": "±520g",
    "walkRouteSequenceNumber": 19063,
    "price": {
      "basicPrice": 6.49,
      "recommendedQuantity": "1.0",
      "measurementUnitPrice": 12.49,
      "measurementUnit": "K",
      "isRedPrice": false,
      "pricePerUOM": 12.49,
      "activationDate": "27-02-2024",
      "isPromoActive": "N",
      "priceChangeCode": "H"
    },
    "isAvailable": true,
    "isPriceAvailable": true,
    "inPromo": false,
    "topCategoryName": "Colruyt-beenhouwerij",
    "topCategoryId": "33",
    "businessDomain": "RETAIL_BE",
    "IsPrivateLabel": false,
    "IsBiffe": false,
    "WeightconversionFactor": "0",
    "IsWeightArticle": false,
    "nutriscoreLabel": "D",
    "IsBio": false,
    "CountryOfOrigin": "BELGIË",
    "IsExclusivelySoldInLuxembourg": false,
    "OrderUnit": "P",
    "ShortName": "PIZZA HAWAI 520G",
    "IsNew": false,
    "EcoscoreLabel": "D",
    "RecentQuanityOfStockUnits": "1,1",
    "LongName": "pizza hawai ±520g",
    "AlcoholVolume": "0",
    "FicCode": "I",
    "EcoscoreValue": "39"
  },
  {
    "productId": "6761",
    "technicalArticleNumber": "1159421",
    "commercialArticleNumber": "10170",
    "name": "gourmet",
    "description": "*Rund,lam,kalkoen,\nvarken,chipolata\nmerguez,burger\n*±300gr per pers",
    "thumbNail": "https://static.colruytgroup.com/images/200x200/std.lang.all/31/50/asset-3323150.jpg",
    "fullImage": "https://static.colruytgroup.com/images/500x500/std.lang.all/31/50/asset-3323150.jpg",
    "squareImage": "https://static.colruytgroup.com/images/500x500sq/std.lang.all/31/50/asset-3323150.jpg",
    "walkRouteSequenceNumber": 19221,
    "price": {
      "basicPrice": 19,
      "recommendedQuantity": "1.5",
      "unit": "K",
      "measurementUnitPrice": 19,
      "measurementUnit": "K",
      "isRedPrice": false,
      "pricePerUOM": 19,
      "activationDate": "23-03-2024",
      "recordSource": "Offline",
      "isPromoActive": "Y",
      "priceChangeCode": "L"
    },
    "isAvailable": true,
    "isPriceAvailable": true,
    "inPromo": false,
    "topCategoryName": "Colruyt-beenhouwerij",
    "topCategoryId": "33",
    "businessDomain": "RETAIL_BE",
    "IsPrivateLabel": false,
    "IsBiffe": false,
    "WeightconversionFactor": "1500",
    "IsWeightArticle": true,
    "nutriscoreLabel": "C",
    "IsBio": false,
    "CountryOfOrigin": "BELGIË",
    "IsExclusivelySoldInLuxembourg": false,
    "OrderUnit": "Kg",
    "ShortName": "GOURMET W",
    "IsNew": false,
    "EcoscoreLabel": "E",
    "RecentQuanityOfStockUnits": "1",
    "LongName": "gourmet",
    "AlcoholVolume": "0",
    "FicCode": "I",
    "EcoscoreValue": "0"
  },
  {
    "productId": "8344",
    "technicalArticleNumber": "1159214",
    "commercialArticleNumber": "10127",
    "name": "lamsrumpsteak",
    "description": "*Zonder been, mager\n*+-150g\n*Bak in de pan\n*Wordt rosé gegeten",
    "thumbNail": "https://static.colruytgroup.com/images/200x200/std.lang.all/09/19/asset-1400919.jpg",
    "fullImage": "https://static.colruytgroup.com/images/500x500/std.lang.all/09/19/asset-1400919.jpg",
    "squareImage": "https://static.colruytgroup.com/images/500x500sq/std.lang.all/09/19/asset-1400919.jpg",
    "walkRouteSequenceNumber": 19197,
    "price": {
      "basicPrice": 25.1,
      "recommendedQuantity": "0.9",
      "unit": "K",
      "measurementUnitPrice": 25.1,
      "measurementUnit": "K",
      "isRedPrice": false,
      "pricePerUOM": 25.1,
      "activationDate": "14-11-2023",
      "recordSource": "Offline",
      "isPromoActive": "N",
      "priceChangeCode": "E"
    },
    "isAvailable": true,
    "isPriceAvailable": true,
    "inPromo": false,
    "topCategoryName": "Colruyt-beenhouwerij",
    "topCategoryId": "33",
    "businessDomain": "RETAIL_BE",
    "IsPrivateLabel": false,
    "IsBiffe": false,
    "WeightconversionFactor": "150",
    "IsWeightArticle": true,
    "nutriscoreLabel": "C",
    "IsBio": false,
    "CountryOfOrigin": "BELGIË",
    "IsExclusivelySoldInLuxembourg": false,
    "OrderUnit": "P",
    "ShortName": "LAMSRUMSTEAK W",
    "IsNew": false,
    "EcoscoreLabel": "E",
    "RecentQuanityOfStockUnits": "1",
    "LongName": "lamsrumpsteak",
    "AlcoholVolume": "0",
    "FicCode": "I",
    "EcoscoreValue": "0"
  },
  {
    "productId": "170616",
    "technicalArticleNumber": "3379652",
    "commercialArticleNumber": "11678",
    "name": "bereid stoofvlees",
    "description": "*Rundvlees bereid\nmet ui en bier.\n*Roerend opwarmen in\nde kookpan of Micro\ngolfoven.",
    "thumbNail": "https://static.colruytgroup.com/images/200x200/std.lang.all/83/04/asset-2628304.jpg",
    "fullImage": "https://static.colruytgroup.com/images/500x500/std.lang.all/83/04/asset-2628304.jpg",
    "squareImage": "https://static.colruytgroup.com/images/500x500sq/std.lang.all/83/04/asset-2628304.jpg",
    "content": "±600g",
    "walkRouteSequenceNumber": 19450,
    "price": {
      "basicPrice": 15.99,
      "recommendedQuantity": "0.6",
      "unit": "K",
      "measurementUnitPrice": 15.99,
      "measurementUnit": "K",
      "isRedPrice": false,
      "pricePerUOM": 15.99,
      "activationDate": "15-02-2024",
      "recordSource": "Offline",
      "isPromoActive": "N",
      "priceChangeCode": "E"
    },
    "isAvailable": true,
    "isPriceAvailable": true,
    "inPromo": false,
    "topCategoryName": "Colruyt-beenhouwerij",
    "topCategoryId": "33",
    "businessDomain": "RETAIL_BE",
    "IsPrivateLabel": true,
    "IsBiffe": false,
    "WeightconversionFactor": "600",
    "IsWeightArticle": true,
    "nutriscoreLabel": "C",
    "IsBio": false,
    "IsExclusivelySoldInLuxembourg": false,
    "OrderUnit": "P",
    "ShortName": "BEREID STOOFVL 600G   W",
    "IsNew": false,
    "RecentQuanityOfStockUnits": "1",
    "LongName": "bereid stoofvlees ±600g",
    "AlcoholVolume": "0",
    "FicCode": "I"
  },
  {
    "productId": "133804",
    "technicalArticleNumber": "3172432",
    "commercialArticleNumber": "10754",
    "name": "BH Welzijns Gemarineerde Kipfilet",
    "description": "*Gemarineerde kip-\nfilet\n*België\n*±180g",
    "thumbNail": "https://static.colruytgroup.com/images/200x200/std.lang.all/83/69/asset-378369.jpg",
    "fullImage": "https://static.colruytgroup.com/images/500x500/std.lang.all/83/69/asset-378369.jpg",
    "squareImage": "https://static.colruytgroup.com/images/500x500sq/std.lang.all/83/69/asset-378369.jpg",
    "walkRouteSequenceNumber": 19340,
    "price": {
      "basicPrice": 15.2,
      "recommendedQuantity": "1.0",
      "unit": "K",
      "measurementUnitPrice": 15.2,
      "measurementUnit": "K",
      "isRedPrice": false,
      "pricePerUOM": 15.2,
      "activationDate": "23-03-2024",
      "recordSource": "Offline",
      "isPromoActive": "N",
      "priceChangeCode": "L"
    },
    "isAvailable": true,
    "isPriceAvailable": true,
    "inPromo": false,
    "topCategoryName": "Colruyt-beenhouwerij",
    "topCategoryId": "33",
    "businessDomain": "RETAIL_BE",
    "IsPrivateLabel": false,
    "IsBiffe": false,
    "WeightconversionFactor": "200",
    "IsWeightArticle": true,
    "nutriscoreLabel": "A",
    "IsBio": false,
    "CountryOfOrigin": "BELGIË",
    "IsExclusivelySoldInLuxembourg": false,
    "OrderUnit": "P",
    "ShortName": "BH WELZ. GEMAR.KIPFIL.W",
    "IsNew": false,
    "EcoscoreLabel": "D",
    "RecentQuanityOfStockUnits": "1,1",
    "LongName": "BH Welzijns Gemarineerde Kipfilet",
    "AlcoholVolume": "0",
    "FicCode": "I",
    "EcoscoreValue": "21"
  },
  {
    "productId": "689881",
    "technicalArticleNumber": "4415769",
    "commercialArticleNumber": "15750",
    "name": "maaltijd americain chef",
    "description": "*Om koud te\nconsumeren",
    "thumbNail": "https://static.colruytgroup.com/images/200x200/std.lang.all/92/19/asset-2859219.jpg",
    "fullImage": "https://static.colruytgroup.com/images/500x500/std.lang.all/92/19/asset-2859219.jpg",
    "squareImage": "https://static.colruytgroup.com/images/500x500sq/std.lang.all/92/19/asset-2859219.jpg",
    "content": "±400g",
    "walkRouteSequenceNumber": 19080,
    "price": {
      "basicPrice": 12.48,
      "recommendedQuantity": "0.4",
      "unit": "K",
      "measurementUnitPrice": 12.48,
      "measurementUnit": "K",
      "isRedPrice": false,
      "pricePerUOM": 12.48,
      "activationDate": "01-03-2024",
      "isPromoActive": "N",
      "priceChangeCode": "H"
    },
    "isAvailable": true,
    "isPriceAvailable": true,
    "inPromo": false,
    "topCategoryName": "Colruyt-beenhouwerij",
    "topCategoryId": "33",
    "businessDomain": "RETAIL_BE",
    "IsPrivateLabel": false,
    "IsBiffe": false,
    "WeightconversionFactor": "410",
    "IsWeightArticle": true,
    "nutriscoreLabel": "C",
    "IsBio": false,
    "CountryOfOrigin": "BELGIË",
    "IsExclusivelySoldInLuxembourg": false,
    "OrderUnit": "P",
    "ShortName": "MAALT AMERIC CHEF 400G",
    "IsNew": false,
    "EcoscoreLabel": "C",
    "RecentQuanityOfStockUnits": "1,1",
    "LongName": "maaltijd americain chef ±400g",
    "AlcoholVolume": "0",
    "FicCode": "I",
    "EcoscoreValue": "45"
  },
  {
    "productId": "7944",
    "technicalArticleNumber": "1158837",
    "commercialArticleNumber": "10071",
    "name": "hoevekip 'rood label'",
    "description": "*Voeding 75% granen\n*Frankrijk\n*Voorverwarmde oven\n180° ±1u25.",
    "thumbNail": "https://static.colruytgroup.com/images/200x200/std.lang.all/23/05/asset-2062305.jpg",
    "fullImage": "https://static.colruytgroup.com/images/500x500/std.lang.all/23/05/asset-2062305.jpg",
    "squareImage": "https://static.colruytgroup.com/images/500x500sq/std.lang.all/23/05/asset-2062305.jpg",
    "content": "±1,5kg",
    "walkRouteSequenceNumber": 19167,
    "price": {
      "basicPrice": 9.29,
      "recommendedQuantity": "1.5",
      "unit": "K",
      "measurementUnitPrice": 9.29,
      "measurementUnit": "K",
      "isRedPrice": false,
      "pricePerUOM": 9.29,
      "activationDate": "12-07-2023",
      "isPromoActive": "N",
      "priceChangeCode": "H"
    },
    "isAvailable": true,
    "isPriceAvailable": true,
    "inPromo": false,
    "topCategoryName": "Colruyt-beenhouwerij",
    "topCategoryId": "33",
    "businessDomain": "RETAIL_BE",
    "IsPrivateLabel": false,
    "IsBiffe": false,
    "WeightconversionFactor": "1500",
    "IsWeightArticle": true,
    "nutriscoreLabel": "A",
    "IsBio": false,
    "CountryOfOrigin": "FRANKRIJK",
    "IsExclusivelySoldInLuxembourg": false,
    "OrderUnit": "P",
    "ShortName": "HOEVKIP ROOD LABEL W",
    "IsNew": false,
    "EcoscoreLabel": "D",
    "RecentQuanityOfStockUnits": "1",
    "LongName": "hoevekip 'rood label' ±1,5kg",
    "AlcoholVolume": "0",
    "FicCode": "I",
    "EcoscoreValue": "21"
  },
  {
    "productId": "663085",
    "technicalArticleNumber": "4370094",
    "commercialArticleNumber": "10422",
    "name": "Kalkoenhaasje Bearnaisesaus",
    "description": "*Voorverwarmde Oven\n150° ±30Min\n*Microgolf 750W\n±7 à 8 Min",
    "thumbNail": "https://static.colruytgroup.com/images/200x200/std.lang.all/64/73/asset-2366473.jpg",
    "fullImage": "https://static.colruytgroup.com/images/500x500/std.lang.all/64/73/asset-2366473.jpg",
    "squareImage": "https://static.colruytgroup.com/images/500x500sq/std.lang.all/64/73/asset-2366473.jpg",
    "content": "±600g",
    "walkRouteSequenceNumber": 19111,
    "price": {
      "basicPrice": 15.74,
      "recommendedQuantity": "0.6",
      "unit": "K",
      "measurementUnitPrice": 15.74,
      "measurementUnit": "K",
      "isRedPrice": false,
      "pricePerUOM": 15.74,
      "activationDate": "29-11-2023",
      "isPromoActive": "N",
      "priceChangeCode": "E"
    },
    "isAvailable": true,
    "isPriceAvailable": true,
    "inPromo": false,
    "topCategoryName": "Colruyt-beenhouwerij",
    "topCategoryId": "33",
    "businessDomain": "RETAIL_BE",
    "IsPrivateLabel": false,
    "IsBiffe": false,
    "WeightconversionFactor": "600",
    "IsWeightArticle": true,
    "nutriscoreLabel": "B",
    "IsBio": false,
    "CountryOfOrigin": "BELGIË",
    "IsExclusivelySoldInLuxembourg": false,
    "OrderUnit": "P",
    "ShortName": "KALKOENHAAS BEARN.S.600",
    "IsNew": false,
    "EcoscoreLabel": "D",
    "RecentQuanityOfStockUnits": "1,1",
    "LongName": "Kalkoenhaasje Bearnaisesaus ±600g",
    "AlcoholVolume": "0",
    "FicCode": "I",
    "EcoscoreValue": "21"
  },
  {
    "productId": "860783",
    "technicalArticleNumber": "4711674",
    "commercialArticleNumber": "13480",
    "name": "BH Bereid Stoofvlees",
    "description": "*Voorverwarmde oven\n150° +-35Min\n*In micro-golf\n9 à 10 Min 750W",
    "thumbNail": "https://static.colruytgroup.com/images/200x200/std.lang.all/05/14/asset-3290514.jpg",
    "fullImage": "https://static.colruytgroup.com/images/500x500/std.lang.all/05/14/asset-3290514.jpg",
    "squareImage": "https://static.colruytgroup.com/images/500x500sq/std.lang.all/05/14/asset-3290514.jpg",
    "content": "±600g",
    "walkRouteSequenceNumber": 18889,
    "price": {
      "basicPrice": 15.98,
      "recommendedQuantity": "1.0",
      "unit": "K",
      "measurementUnitPrice": 15.98,
      "measurementUnit": "K",
      "isRedPrice": false,
      "pricePerUOM": 15.98,
      "activationDate": "15-02-2024",
      "recordSource": "Offline",
      "isPromoActive": "N",
      "priceChangeCode": "E"
    },
    "isAvailable": true,
    "isPriceAvailable": true,
    "inPromo": false,
    "topCategoryName": "Colruyt-beenhouwerij",
    "topCategoryId": "33",
    "businessDomain": "RETAIL_BE",
    "IsPrivateLabel": false,
    "IsBiffe": false,
    "WeightconversionFactor": "600",
    "IsWeightArticle": true,
    "nutriscoreLabel": "C",
    "IsBio": false,
    "CountryOfOrigin": "BELGIË",
    "IsExclusivelySoldInLuxembourg": false,
    "OrderUnit": "P",
    "ShortName": "BEREID STOOFVLEES+-600G",
    "IsNew": false,
    "EcoscoreLabel": "E",
    "RecentQuanityOfStockUnits": "1",
    "LongName": "BH Bereid Stoofvlees ±600g",
    "FicCode": "I",
    "EcoscoreValue": "0"
  },
  {
    "productId": "714781",
    "technicalArticleNumber": "4459338",
    "commercialArticleNumber": "19850",
    "name": "pizza salami",
    "description": "*Voorverwarmde oven\n200° 8 à 10 min\n*Niet geschikt voor\nmicrogolf oven.",
    "thumbNail": "https://static.colruytgroup.com/images/200x200/std.lang.all/43/02/asset-2454302.jpg",
    "fullImage": "https://static.colruytgroup.com/images/500x500/std.lang.all/43/02/asset-2454302.jpg",
    "squareImage": "https://static.colruytgroup.com/images/500x500sq/std.lang.all/43/02/asset-2454302.jpg",
    "content": "±470g",
    "walkRouteSequenceNumber": 19066,
    "price": {
      "basicPrice": 6.49,
      "recommendedQuantity": "1.0",
      "measurementUnitPrice": 13.75,
      "measurementUnit": "K",
      "isRedPrice": false,
      "pricePerUOM": 13.75,
      "activationDate": "27-02-2024",
      "isPromoActive": "N",
      "priceChangeCode": "H"
    },
    "isAvailable": true,
    "isPriceAvailable": true,
    "inPromo": false,
    "topCategoryName": "Colruyt-beenhouwerij",
    "topCategoryId": "33",
    "businessDomain": "RETAIL_BE",
    "IsPrivateLabel": false,
    "IsBiffe": false,
    "WeightconversionFactor": "0",
    "IsWeightArticle": false,
    "nutriscoreLabel": "D",
    "IsBio": false,
    "CountryOfOrigin": "BELGIË",
    "IsExclusivelySoldInLuxembourg": false,
    "OrderUnit": "P",
    "ShortName": "PIZZA SALAMI 470G",
    "IsNew": false,
    "EcoscoreLabel": "C",
    "RecentQuanityOfStockUnits": "1,1",
    "LongName": "pizza salami ±470g",
    "AlcoholVolume": "0",
    "FicCode": "I",
    "EcoscoreValue": "50"
  },
  {
    "productId": "7931",
    "technicalArticleNumber": "1158790",
    "commercialArticleNumber": "10058",
    "name": "kalfsgebraad eerste keus",
    "description": "*Edel mager stuk\n*Bak aan in de pan,\ndan in de oven 190°\n+-25min voor 1kg",
    "thumbNail": "https://static.colruytgroup.com/images/200x200/std.lang.all/66/38/asset-336638.jpg",
    "fullImage": "https://static.colruytgroup.com/images/500x500/std.lang.all/66/38/asset-336638.jpg",
    "squareImage": "https://static.colruytgroup.com/images/500x500sq/std.lang.all/66/38/asset-336638.jpg",
    "walkRouteSequenceNumber": 19156,
    "price": {
      "basicPrice": 21.79,
      "recommendedQuantity": "1.0",
      "unit": "K",
      "measurementUnitPrice": 21.79,
      "measurementUnit": "K",
      "isRedPrice": false,
      "pricePerUOM": 21.79,
      "activationDate": "07-03-2024",
      "recordSource": "Offline",
      "isPromoActive": "N",
      "priceChangeCode": "H"
    },
    "isAvailable": true,
    "isPriceAvailable": true,
    "inPromo": false,
    "topCategoryName": "Colruyt-beenhouwerij",
    "topCategoryId": "33",
    "businessDomain": "RETAIL_BE",
    "IsPrivateLabel": false,
    "IsBiffe": false,
    "WeightconversionFactor": "1000",
    "IsWeightArticle": true,
    "nutriscoreLabel": "A",
    "IsBio": false,
    "CountryOfOrigin": "BELGIË",
    "IsExclusivelySoldInLuxembourg": false,
    "OrderUnit": "Kg",
    "ShortName": "KALFSGEBRAAD 1STE KEUSW",
    "IsNew": false,
    "EcoscoreLabel": "E",
    "RecentQuanityOfStockUnits": "1,1",
    "LongName": "kalfsgebraad eerste keus",
    "AlcoholVolume": "0",
    "FicCode": "I",
    "EcoscoreValue": "0"
  },
  {
    "productId": "125088",
    "technicalArticleNumber": "3214150",
    "commercialArticleNumber": "11540",
    "name": "gepaneerde kalfsescalope",
    "description": "*mager kalfssneetje\npaneermeel\n*±130gr\n*te bakken ±10'",
    "thumbNail": "https://static.colruytgroup.com/images/200x200/std.lang.all/87/81/asset-2898781.jpg",
    "fullImage": "https://static.colruytgroup.com/images/500x500/std.lang.all/87/81/asset-2898781.jpg",
    "squareImage": "https://static.colruytgroup.com/images/500x500sq/std.lang.all/87/81/asset-2898781.jpg",
    "walkRouteSequenceNumber": 19431,
    "price": {
      "basicPrice": 22.8,
      "recommendedQuantity": "0.4",
      "unit": "K",
      "measurementUnitPrice": 22.8,
      "measurementUnit": "K",
      "isRedPrice": false,
      "pricePerUOM": 22.8,
      "activationDate": "20-03-2024",
      "recordSource": "Offline",
      "isPromoActive": "N",
      "priceChangeCode": "H"
    },
    "isAvailable": true,
    "isPriceAvailable": true,
    "inPromo": false,
    "topCategoryName": "Colruyt-beenhouwerij",
    "topCategoryId": "33",
    "businessDomain": "RETAIL_BE",
    "IsPrivateLabel": true,
    "IsBiffe": false,
    "WeightconversionFactor": "100",
    "IsWeightArticle": true,
    "nutriscoreLabel": "A",
    "IsBio": false,
    "IsExclusivelySoldInLuxembourg": false,
    "OrderUnit": "Kg",
    "ShortName": "GEPANEERD KALFSESCALOPW",
    "IsNew": false,
    "RecentQuanityOfStockUnits": "1,1",
    "LongName": "gepaneerde kalfsescalope",
    "AlcoholVolume": "0",
    "FicCode": "I"
  },
  {
    "productId": "876331",
    "technicalArticleNumber": "4731531",
    "commercialArticleNumber": "2950",
    "name": "Welzijn 1/2 kip gemarineerd",
    "description": "*Origine: België\n*55' voorverwarmde\noven op 180°\n*Bak tot in de kern",
    "thumbNail": "https://static.colruytgroup.com/images/200x200/std.lang.all/54/85/asset-3275485.jpg",
    "fullImage": "https://static.colruytgroup.com/images/500x500/std.lang.all/54/85/asset-3275485.jpg",
    "squareImage": "https://static.colruytgroup.com/images/500x500sq/std.lang.all/54/85/asset-3275485.jpg",
    "content": "±600g",
    "walkRouteSequenceNumber": 18848,
    "price": {
      "basicPrice": 5.99,
      "recommendedQuantity": "1.0",
      "unit": "K",
      "measurementUnitPrice": 5.99,
      "measurementUnit": "K",
      "isRedPrice": true,
      "redPriceReason": "Promo",
      "pricePerUOM": 5.99,
      "activationDate": "18-03-2024",
      "isPromoActive": "Y",
      "priceChangeCode": "L"
    },
    "isAvailable": true,
    "isPriceAvailable": true,
    "inPromo": false,
    "topCategoryName": "Colruyt-beenhouwerij",
    "topCategoryId": "33",
    "businessDomain": "RETAIL_BE",
    "IsPrivateLabel": false,
    "IsBiffe": false,
    "WeightconversionFactor": "600",
    "IsWeightArticle": true,
    "nutriscoreLabel": "A",
    "IsBio": false,
    "CountryOfOrigin": "BELGIË",
    "IsExclusivelySoldInLuxembourg": false,
    "OrderUnit": "P",
    "ShortName": "WELZ.HA.KIP GEM.+-600GW",
    "IsNew": false,
    "EcoscoreLabel": "D",
    "RecentQuanityOfStockUnits": "1",
    "LongName": "Welzijn 1/2 kip gemarineerd ±600g",
    "AlcoholVolume": "0",
    "FicCode": "I",
    "EcoscoreValue": "21"
  },
  {
    "productId": "7757",
    "technicalArticleNumber": "1158631",
    "commercialArticleNumber": "10032",
    "name": "rosbief",
    "description": "*Stuk uit de bil\n*Bak aan in de pan\n+-25min op 180°\nin oven",
    "thumbNail": "https://static.colruytgroup.com/images/200x200/std.lang.all/31/43/asset-3323143.jpg",
    "fullImage": "https://static.colruytgroup.com/images/500x500/std.lang.all/31/43/asset-3323143.jpg",
    "squareImage": "https://static.colruytgroup.com/images/500x500sq/std.lang.all/31/43/asset-3323143.jpg",
    "walkRouteSequenceNumber": 19134,
    "price": {
      "basicPrice": 18.95,
      "recommendedQuantity": "0.7",
      "unit": "K",
      "measurementUnitPrice": 18.95,
      "measurementUnit": "K",
      "isRedPrice": false,
      "pricePerUOM": 18.95,
      "activationDate": "23-03-2024",
      "recordSource": "Offline",
      "isPromoActive": "N",
      "priceChangeCode": "E"
    },
    "isAvailable": true,
    "isPriceAvailable": true,
    "inPromo": false,
    "topCategoryName": "Colruyt-beenhouwerij",
    "topCategoryId": "33",
    "businessDomain": "RETAIL_BE",
    "IsPrivateLabel": false,
    "IsBiffe": false,
    "WeightconversionFactor": "1000",
    "IsWeightArticle": true,
    "nutriscoreLabel": "A",
    "IsBio": false,
    "CountryOfOrigin": "BELGIË",
    "IsExclusivelySoldInLuxembourg": false,
    "OrderUnit": "Kg",
    "ShortName": "ROSBIEF W",
    "IsNew": false,
    "EcoscoreLabel": "E",
    "RecentQuanityOfStockUnits": "1,1,1",
    "LongName": "rosbief",
    "AlcoholVolume": "0",
    "FicCode": "I",
    "EcoscoreValue": "0"
  },
  {
    "productId": "122549",
    "technicalArticleNumber": "3191846",
    "commercialArticleNumber": "10828",
    "name": "mixed fondue",
    "description": "*Kip,Kalkoen,varken\nchipolata,fondue-\nballetjes\n*±300g per pers",
    "thumbNail": "https://static.colruytgroup.com/images/200x200/std.lang.all/02/54/asset-2930254.jpg",
    "fullImage": "https://static.colruytgroup.com/images/500x500/std.lang.all/02/54/asset-2930254.jpg",
    "squareImage": "https://static.colruytgroup.com/images/500x500sq/std.lang.all/02/54/asset-2930254.jpg",
    "walkRouteSequenceNumber": 19354,
    "price": {
      "basicPrice": 15.49,
      "recommendedQuantity": "1.1",
      "unit": "K",
      "measurementUnitPrice": 15.49,
      "measurementUnit": "K",
      "isRedPrice": false,
      "pricePerUOM": 15.49,
      "activationDate": "22-01-2024",
      "recordSource": "Offline",
      "isPromoActive": "N",
      "priceChangeCode": "H"
    },
    "isAvailable": true,
    "isPriceAvailable": true,
    "inPromo": false,
    "topCategoryName": "Colruyt-beenhouwerij",
    "topCategoryId": "33",
    "businessDomain": "RETAIL_BE",
    "IsPrivateLabel": false,
    "IsBiffe": false,
    "WeightconversionFactor": "1200",
    "IsWeightArticle": true,
    "nutriscoreLabel": "D",
    "IsBio": false,
    "IsExclusivelySoldInLuxembourg": false,
    "OrderUnit": "Kg",
    "ShortName": "MIXED FONDUE          W",
    "IsNew": false,
    "RecentQuanityOfStockUnits": "1",
    "LongName": "mixed fondue",
    "AlcoholVolume": "0",
    "FicCode": "I"
  },
  {
    "productId": "8343",
    "technicalArticleNumber": "1159209",
    "commercialArticleNumber": "10126",
    "name": "lamsbout",
    "description": "*Met been\n*±2 kg\n*bak aan in de pan,\ndan in de oven 190°\ngedurende +-50min",
    "thumbNail": "https://static.colruytgroup.com/images/200x200/std.lang.all/48/44/asset-564844.jpg",
    "fullImage": "https://static.colruytgroup.com/images/500x500/std.lang.all/48/44/asset-564844.jpg",
    "squareImage": "https://static.colruytgroup.com/images/500x500sq/std.lang.all/48/44/asset-564844.jpg",
    "content": "±2kg",
    "walkRouteSequenceNumber": 19196,
    "price": {
      "basicPrice": 19.95,
      "recommendedQuantity": "0.5",
      "unit": "K",
      "measurementUnitPrice": 19.95,
      "measurementUnit": "K",
      "isRedPrice": false,
      "pricePerUOM": 19.95,
      "activationDate": "06-03-2024",
      "recordSource": "Offline",
      "isPromoActive": "N",
      "priceChangeCode": "H"
    },
    "isAvailable": true,
    "isPriceAvailable": true,
    "inPromo": false,
    "gtin": [
      "05400141307368"
    ],
    "topCategoryName": "Colruyt-beenhouwerij",
    "topCategoryId": "33",
    "businessDomain": "RETAIL_BE",
    "IsPrivateLabel": false,
    "IsBiffe": false,
    "WeightconversionFactor": "2000",
    "IsWeightArticle": true,
    "nutriscoreLabel": "C",
    "IsBio": false,
    "CountryOfOrigin": "VERENIGD KONINKRIJK",
    "IsExclusivelySoldInLuxembourg": false,
    "OrderUnit": "P",
    "ShortName": "LAMSBOUT 2KG W",
    "IsNew": false,
    "EcoscoreLabel": "E",
    "RecentQuanityOfStockUnits": "1,1",
    "LongName": "lamsbout ±2kg",
    "AlcoholVolume": "0",
    "FicCode": "I",
    "EcoscoreValue": "0"
  },
  {
    "productId": "15123",
    "technicalArticleNumber": "1578897",
    "commercialArticleNumber": "11395",
    "name": "gepaneerde kalkoen boursin",
    "description": "*gepaneerde kalkoen\nmet Boursin kaas\n*Frankrijk\n*10' op 160°",
    "thumbNail": "https://static.colruytgroup.com/images/200x200/std.lang.all/11/03/asset-391103.jpg",
    "fullImage": "https://static.colruytgroup.com/images/500x500/std.lang.all/11/03/asset-391103.jpg",
    "squareImage": "https://static.colruytgroup.com/images/500x500sq/std.lang.all/11/03/asset-391103.jpg",
    "walkRouteSequenceNumber": 19408,
    "price": {
      "basicPrice": 16.39,
      "recommendedQuantity": "1.0",
      "unit": "K",
      "measurementUnitPrice": 16.39,
      "measurementUnit": "K",
      "isRedPrice": false,
      "pricePerUOM": 16.39,
      "activationDate": "14-11-2023",
      "isPromoActive": "N",
      "priceChangeCode": "E"
    },
    "isAvailable": true,
    "isPriceAvailable": true,
    "inPromo": false,
    "topCategoryName": "Colruyt-beenhouwerij",
    "topCategoryId": "33",
    "businessDomain": "RETAIL_BE",
    "IsPrivateLabel": true,
    "IsBiffe": false,
    "WeightconversionFactor": "200",
    "IsWeightArticle": true,
    "nutriscoreLabel": "D",
    "IsBio": false,
    "IsExclusivelySoldInLuxembourg": false,
    "OrderUnit": "P",
    "ShortName": "GEPANEE KALKOEN BOURSIN",
    "IsNew": false,
    "RecentQuanityOfStockUnits": "1",
    "LongName": "gepaneerde kalkoen boursin",
    "AlcoholVolume": "0",
    "FicCode": "I"
  },
  {
    "productId": "7845",
    "technicalArticleNumber": "1158651",
    "commercialArticleNumber": "10047",
    "name": "dunne lende met been",
    "description": "*Smaakvol,\n*Ideale Bakwijze\nPan,Gegrild of Bbq\n*±1,2 à 1,5kg",
    "thumbNail": "https://static.colruytgroup.com/images/200x200/std.lang.all/30/82/asset-393082.jpg",
    "fullImage": "https://static.colruytgroup.com/images/500x500/std.lang.all/30/82/asset-393082.jpg",
    "squareImage": "https://static.colruytgroup.com/images/500x500sq/std.lang.all/30/82/asset-393082.jpg",
    "content": "±1,5kg",
    "walkRouteSequenceNumber": 19147,
    "price": {
      "basicPrice": 20.59,
      "recommendedQuantity": "1.5",
      "unit": "K",
      "measurementUnitPrice": 20.59,
      "measurementUnit": "K",
      "isRedPrice": false,
      "pricePerUOM": 20.59,
      "activationDate": "09-03-2024",
      "recordSource": "Offline",
      "isPromoActive": "N",
      "priceChangeCode": "H"
    },
    "isAvailable": true,
    "isPriceAvailable": true,
    "inPromo": false,
    "topCategoryName": "Colruyt-beenhouwerij",
    "topCategoryId": "33",
    "businessDomain": "RETAIL_BE",
    "IsPrivateLabel": false,
    "IsBiffe": false,
    "WeightconversionFactor": "1500",
    "IsWeightArticle": true,
    "nutriscoreLabel": "A",
    "IsBio": false,
    "CountryOfOrigin": "BELGIË",
    "IsExclusivelySoldInLuxembourg": false,
    "OrderUnit": "P",
    "ShortName": "DUNNE LENDE MET BEEN W",
    "IsNew": false,
    "EcoscoreLabel": "E",
    "RecentQuanityOfStockUnits": "1,1,1",
    "LongName": "dunne lende met been ±1,5kg",
    "AlcoholVolume": "0",
    "FicCode": "I",
    "EcoscoreValue": "0"
  },
  {
    "productId": "147336",
    "technicalArticleNumber": "3313545",
    "commercialArticleNumber": "11402",
    "name": "gemarineerde lamsbrochet",
    "description": "*Marinade op basis\nvan Knoflook,ui,\nBieslook,dille,\npeterselie,dragon,\nrozemarijn,±150g st",
    "thumbNail": "https://static.colruytgroup.com/images/200x200/std.lang.all/50/62/asset-1435062.jpg",
    "fullImage": "https://static.colruytgroup.com/images/500x500/std.lang.all/50/62/asset-1435062.jpg",
    "squareImage": "https://static.colruytgroup.com/images/500x500sq/std.lang.all/50/62/asset-1435062.jpg",
    "walkRouteSequenceNumber": 19410,
    "price": {
      "basicPrice": 21.74,
      "recommendedQuantity": "0.6",
      "unit": "K",
      "measurementUnitPrice": 21.74,
      "measurementUnit": "K",
      "isRedPrice": false,
      "pricePerUOM": 21.74,
      "activationDate": "01-03-2024",
      "isPromoActive": "N",
      "priceChangeCode": "H"
    },
    "isAvailable": true,
    "isPriceAvailable": true,
    "inPromo": false,
    "gtin": [
      "05400141113754"
    ],
    "topCategoryName": "Colruyt-beenhouwerij",
    "topCategoryId": "33",
    "businessDomain": "RETAIL_BE",
    "IsPrivateLabel": true,
    "IsBiffe": false,
    "WeightconversionFactor": "150",
    "IsWeightArticle": true,
    "nutriscoreLabel": "D",
    "IsBio": false,
    "IsExclusivelySoldInLuxembourg": false,
    "OrderUnit": "P",
    "ShortName": "LAMSBROCHETTEN       W",
    "IsNew": false,
    "RecentQuanityOfStockUnits": "1",
    "LongName": "gemarineerde lamsbrochet",
    "AlcoholVolume": "0",
    "FicCode": "I"
  },
  {
    "productId": "553653",
    "technicalArticleNumber": "4186027",
    "commercialArticleNumber": "13663",
    "name": "pita durum maaltijd 4pers.",
    "thumbNail": "https://static.colruytgroup.com/images/200x200/std.lang.all/79/21/asset-3277921.jpg",
    "fullImage": "https://static.colruytgroup.com/images/500x500/std.lang.all/79/21/asset-3277921.jpg",
    "squareImage": "https://static.colruytgroup.com/images/500x500sq/std.lang.all/79/21/asset-3277921.jpg",
    "walkRouteSequenceNumber": 19522,
    "price": {
      "basicPrice": 15.49,
      "recommendedQuantity": "1.0",
      "measurementUnitPrice": 7.83,
      "measurementUnit": "K",
      "isRedPrice": false,
      "pricePerUOM": 7.83,
      "activationDate": "15-06-2023",
      "isPromoActive": "N",
      "priceChangeCode": "H"
    },
    "isAvailable": true,
    "isPriceAvailable": true,
    "inPromo": false,
    "topCategoryName": "Colruyt-beenhouwerij",
    "topCategoryId": "33",
    "businessDomain": "RETAIL_BE",
    "IsPrivateLabel": false,
    "IsBiffe": false,
    "WeightconversionFactor": "0",
    "IsWeightArticle": false,
    "nutriscoreLabel": "C",
    "IsBio": false,
    "CountryOfOrigin": "BELGIË",
    "IsExclusivelySoldInLuxembourg": false,
    "OrderUnit": "P",
    "ShortName": "PITA DURUM MAALTIJD",
    "IsNew": false,
    "EcoscoreLabel": "E",
    "RecentQuanityOfStockUnits": "1,1",
    "LongName": "pita durum maaltijd 4pers.",
    "AlcoholVolume": "0",
    "FicCode": "I",
    "EcoscoreValue": "2"
  },
  {
    "productId": "279084",
    "technicalArticleNumber": "3672082",
    "commercialArticleNumber": "27023",
    "name": "spaanse gedroogde ham",
    "description": "spaanse gedroogde ham in geschenkbox m\net houder en mes. De Spaanse ham heeft\nminstens 7 maanden gedroogd.",
    "thumbNail": "https://static.colruytgroup.com/images/200x200/std.lang.all/45/96/asset-1524596.jpg",
    "fullImage": "https://static.colruytgroup.com/images/500x500/std.lang.all/45/96/asset-1524596.jpg",
    "squareImage": "https://static.colruytgroup.com/images/500x500sq/std.lang.all/45/96/asset-1524596.jpg",
    "content": "1kg",
    "walkRouteSequenceNumber": 6739,
    "price": {
      "basicPrice": 24.99,
      "recommendedQuantity": "1.0",
      "measurementUnitPrice": 24.99,
      "measurementUnit": "K",
      "isRedPrice": false,
      "pricePerUOM": 24.99,
      "activationDate": "13-12-2023",
      "isPromoActive": "N",
      "priceChangeCode": "E"
    },
    "isAvailable": true,
    "isPriceAvailable": true,
    "inPromo": false,
    "gtin": [
      "08423610076968"
    ],
    "topCategoryName": "Colruyt-beenhouwerij",
    "topCategoryId": "33",
    "businessDomain": "RETAIL_BE",
    "IsPrivateLabel": false,
    "IsBiffe": false,
    "WeightconversionFactor": "0",
    "IsWeightArticle": false,
    "IsBio": false,
    "CountryOfOrigin": "SPANJE",
    "IsExclusivelySoldInLuxembourg": false,
    "OrderUnit": "P",
    "ShortName": "BH MINI HAM CURADO .",
    "InSeason": true,
    "IsNew": false,
    "RecentQuanityOfStockUnits": "1",
    "LongName": "spaanse gedroogde ham 1kg",
    "AlcoholVolume": "0",
    "StartSeasonDate": "24/08/2023",
    "FicCode": "E"
  },
  {
    "productId": "341722",
    "technicalArticleNumber": "3822055",
    "commercialArticleNumber": "21078",
    "name": "voorgegaarde ribbetjes",
    "description": "*Haal uit de\nverpakking\n*Voorverwarmde oven\n15 Min op 180°",
    "thumbNail": "https://static.colruytgroup.com/images/200x200/std.lang.all/02/24/asset-3180224.jpg",
    "fullImage": "https://static.colruytgroup.com/images/500x500/std.lang.all/02/24/asset-3180224.jpg",
    "squareImage": "https://static.colruytgroup.com/images/500x500sq/std.lang.all/02/24/asset-3180224.jpg",
    "content": "±700g",
    "walkRouteSequenceNumber": 19640,
    "price": {
      "basicPrice": 13.49,
      "recommendedQuantity": "0.6",
      "unit": "K",
      "measurementUnitPrice": 13.49,
      "measurementUnit": "K",
      "isRedPrice": false,
      "pricePerUOM": 13.49,
      "activationDate": "01-03-2024",
      "isPromoActive": "N",
      "priceChangeCode": "H"
    },
    "isAvailable": true,
    "isPriceAvailable": true,
    "inPromo": false,
    "topCategoryName": "Colruyt-beenhouwerij",
    "topCategoryId": "33",
    "businessDomain": "RETAIL_BE",
    "IsPrivateLabel": false,
    "IsBiffe": false,
    "WeightconversionFactor": "600",
    "IsWeightArticle": true,
    "IsBio": false,
    "CountryOfOrigin": "BELGIË",
    "IsExclusivelySoldInLuxembourg": false,
    "OrderUnit": "P",
    "ShortName": "VOORGEGAARDE RIB+-700G",
    "IsNew": false,
    "RecentQuanityOfStockUnits": "1,1",
    "LongName": "voorgegaarde ribbetjes ±700g",
    "AlcoholVolume": "0",
    "FicCode": "I"
  },
  {
    "productId": "218705",
    "technicalArticleNumber": "3506741",
    "commercialArticleNumber": "14598",
    "name": "burger colli varken-kaas",
    "description": "*Broodjes inbegrepen\n*Verwarm de\nbroodjes in de oven\n+- 3 min op 180°\n*Garneer naar wens",
    "thumbNail": "https://static.colruytgroup.com/images/200x200/std.lang.all/82/00/asset-918200.jpg",
    "fullImage": "https://static.colruytgroup.com/images/500x500/std.lang.all/82/00/asset-918200.jpg",
    "squareImage": "https://static.colruytgroup.com/images/500x500sq/std.lang.all/82/00/asset-918200.jpg",
    "walkRouteSequenceNumber": 19553,
    "price": {
      "basicPrice": 9.95,
      "recommendedQuantity": "1.0",
      "measurementUnitPrice": 8.09,
      "measurementUnit": "K",
      "isRedPrice": false,
      "pricePerUOM": 8.09,
      "activationDate": "19-03-2024",
      "isPromoActive": "N",
      "priceChangeCode": "E"
    },
    "isAvailable": true,
    "isPriceAvailable": true,
    "inPromo": false,
    "topCategoryName": "Colruyt-beenhouwerij",
    "topCategoryId": "33",
    "businessDomain": "RETAIL_BE",
    "IsPrivateLabel": true,
    "IsBiffe": false,
    "WeightconversionFactor": "0",
    "IsWeightArticle": false,
    "nutriscoreLabel": "D",
    "IsBio": false,
    "IsExclusivelySoldInLuxembourg": false,
    "OrderUnit": "P",
    "ShortName": "KAASBURGER COLLI    .",
    "IsNew": false,
    "RecentQuanityOfStockUnits": "1",
    "LongName": "burger colli varken-kaas",
    "AlcoholVolume": "0",
    "FicCode": "I"
  },
  {
    "productId": "122575",
    "technicalArticleNumber": "3185703",
    "commercialArticleNumber": "10180",
    "name": "gemarineerde bbq sneden",
    "description": "*Spieringsneden\n*Licht pikant\n*Bak ±5min aan\nbeide kanten",
    "thumbNail": "https://static.colruytgroup.com/images/200x200/std.lang.all/75/59/asset-587559.jpg",
    "fullImage": "https://static.colruytgroup.com/images/500x500/std.lang.all/75/59/asset-587559.jpg",
    "squareImage": "https://static.colruytgroup.com/images/500x500sq/std.lang.all/75/59/asset-587559.jpg",
    "walkRouteSequenceNumber": 19224,
    "price": {
      "basicPrice": 10.14,
      "recommendedQuantity": "0.9",
      "unit": "K",
      "measurementUnitPrice": 10.14,
      "measurementUnit": "K",
      "isRedPrice": false,
      "pricePerUOM": 10.14,
      "activationDate": "01-03-2024",
      "isPromoActive": "N",
      "priceChangeCode": "H"
    },
    "isAvailable": true,
    "isPriceAvailable": true,
    "inPromo": false,
    "topCategoryName": "Colruyt-beenhouwerij",
    "topCategoryId": "33",
    "businessDomain": "RETAIL_BE",
    "IsPrivateLabel": false,
    "IsBiffe": false,
    "WeightconversionFactor": "180",
    "IsWeightArticle": true,
    "nutriscoreLabel": "B",
    "IsBio": false,
    "CountryOfOrigin": "BELGIË",
    "IsExclusivelySoldInLuxembourg": false,
    "OrderUnit": "P",
    "ShortName": "GEMARINEERDE BBQ SNEDEN",
    "IsNew": false,
    "EcoscoreLabel": "E",
    "RecentQuanityOfStockUnits": "1",
    "LongName": "gemarineerde bbq sneden",
    "AlcoholVolume": "0",
    "FicCode": "I",
    "EcoscoreValue": "0"
  },
  {
    "productId": "147333",
    "technicalArticleNumber": "3313541",
    "commercialArticleNumber": "11401",
    "name": "hoeveham dikke sneden",
    "description": "w",
    "thumbNail": "https://ecgproductmw.colruytgroup.com/ecgproductmw/noPicForArticle_2.jpg",
    "fullImage": "https://ecgproductmw.colruytgroup.com/ecgproductmw/noPicForArticle_5.jpg",
    "squareImage": "https://ecgproductmw.colruytgroup.com/ecgproductmw/noPicForArticle_5.jpg",
    "walkRouteSequenceNumber": 19409,
    "price": {
      "basicPrice": 20.75,
      "recommendedQuantity": "1.0",
      "unit": "K",
      "measurementUnitPrice": 20.75,
      "measurementUnit": "K",
      "isRedPrice": false,
      "pricePerUOM": 20.75,
      "activationDate": "15-06-2023",
      "isPromoActive": "N",
      "priceChangeCode": "H"
    },
    "isAvailable": true,
    "isPriceAvailable": true,
    "inPromo": false,
    "topCategoryName": "Colruyt-beenhouwerij",
    "topCategoryId": "33",
    "businessDomain": "RETAIL_BE",
    "IsPrivateLabel": true,
    "IsBiffe": false,
    "WeightconversionFactor": "100",
    "IsWeightArticle": true,
    "nutriscoreLabel": "C",
    "IsBio": false,
    "IsExclusivelySoldInLuxembourg": false,
    "OrderUnit": "Kg",
    "ShortName": "HOEVEHAM DIK SNE    W",
    "IsNew": false,
    "RecentQuanityOfStockUnits": "1",
    "LongName": "hoeveham dikke sneden",
    "AlcoholVolume": "0",
    "FicCode": "I"
  },
  {
    "productId": "7056",
    "technicalArticleNumber": "1160058",
    "commercialArticleNumber": "10234",
    "name": "runderstaart",
    "description": "*Rundertaart",
    "thumbNail": "https://ecgproductmw.colruytgroup.com/ecgproductmw/noPicForArticle_2.jpg",
    "fullImage": "https://ecgproductmw.colruytgroup.com/ecgproductmw/noPicForArticle_5.jpg",
    "squareImage": "https://ecgproductmw.colruytgroup.com/ecgproductmw/noPicForArticle_5.jpg",
    "content": "±500g",
    "walkRouteSequenceNumber": 19238,
    "price": {
      "basicPrice": 9,
      "recommendedQuantity": "0.5",
      "unit": "K",
      "measurementUnitPrice": 9,
      "measurementUnit": "K",
      "isRedPrice": false,
      "pricePerUOM": 9,
      "activationDate": "12-10-2023",
      "recordSource": "Offline",
      "isPromoActive": "N",
      "priceChangeCode": "E"
    },
    "isAvailable": true,
    "isPriceAvailable": true,
    "inPromo": false,
    "topCategoryName": "Colruyt-beenhouwerij",
    "topCategoryId": "33",
    "businessDomain": "RETAIL_BE",
    "IsPrivateLabel": false,
    "IsBiffe": false,
    "WeightconversionFactor": "500",
    "IsWeightArticle": true,
    "nutriscoreLabel": "C",
    "IsBio": false,
    "CountryOfOrigin": "BELGIË",
    "IsExclusivelySoldInLuxembourg": false,
    "OrderUnit": "P",
    "ShortName": "RUNDERSTAART W",
    "IsNew": false,
    "EcoscoreLabel": "E",
    "RecentQuanityOfStockUnits": "1,1,1",
    "LongName": "runderstaart ±500g",
    "AlcoholVolume": "0",
    "FicCode": "I",
    "EcoscoreValue": "0"
  },
  {
    "productId": "1002609",
    "technicalArticleNumber": "4783648",
    "commercialArticleNumber": "27291",
    "name": "Brazade van Kip",
    "description": "*Licht pikant\n*België\n*+-90g stuk\n*Bakken tot in\nde kern",
    "thumbNail": "https://static.colruytgroup.com/images/200x200/std.lang.all/58/88/asset-3425888.jpg",
    "fullImage": "https://static.colruytgroup.com/images/500x500/std.lang.all/58/88/asset-3425888.jpg",
    "squareImage": "https://static.colruytgroup.com/images/500x500sq/std.lang.all/58/88/asset-3425888.jpg",
    "walkRouteSequenceNumber": 18751,
    "price": {
      "basicPrice": 12.48,
      "recommendedQuantity": "1.0",
      "unit": "K",
      "measurementUnitPrice": 12.48,
      "measurementUnit": "K",
      "isRedPrice": false,
      "pricePerUOM": 12.48,
      "activationDate": "06-03-2024",
      "isPromoActive": "N",
      "priceChangeCode": "E"
    },
    "isAvailable": true,
    "isPriceAvailable": true,
    "inPromo": false,
    "topCategoryName": "Colruyt-beenhouwerij",
    "topCategoryId": "33",
    "businessDomain": "RETAIL_BE",
    "IsPrivateLabel": false,
    "IsBiffe": false,
    "WeightconversionFactor": "100",
    "IsWeightArticle": true,
    "IsBio": false,
    "CountryOfOrigin": "BELGIË",
    "IsExclusivelySoldInLuxembourg": false,
    "OrderUnit": "Kg",
    "ShortName": "BRAZADE VAN KIP W",
    "IsNew": false,
    "RecentQuanityOfStockUnits": "1",
    "LongName": "Brazade van Kip",
    "FicCode": "I"
  },
  {
    "productId": "780914",
    "technicalArticleNumber": "4577010",
    "commercialArticleNumber": "28797",
    "name": "Koude schotel gebak.bal",
    "description": "*Koude schotel\nklaar om te\nconsumeren",
    "thumbNail": "https://static.colruytgroup.com/images/200x200/std.lang.all/31/49/asset-2763149.jpg",
    "fullImage": "https://static.colruytgroup.com/images/500x500/std.lang.all/31/49/asset-2763149.jpg",
    "squareImage": "https://static.colruytgroup.com/images/500x500sq/std.lang.all/31/49/asset-2763149.jpg",
    "content": "±460g",
    "walkRouteSequenceNumber": 18985,
    "price": {
      "basicPrice": 10.45,
      "recommendedQuantity": "1.0",
      "unit": "K",
      "measurementUnitPrice": 10.45,
      "measurementUnit": "K",
      "isRedPrice": false,
      "pricePerUOM": 10.45,
      "activationDate": "01-03-2024",
      "isPromoActive": "N",
      "priceChangeCode": "H"
    },
    "isAvailable": true,
    "isPriceAvailable": true,
    "inPromo": false,
    "topCategoryName": "Colruyt-beenhouwerij",
    "topCategoryId": "33",
    "businessDomain": "RETAIL_BE",
    "IsPrivateLabel": false,
    "IsBiffe": false,
    "WeightconversionFactor": "500",
    "IsWeightArticle": true,
    "nutriscoreLabel": "C",
    "IsBio": false,
    "CountryOfOrigin": "BELGIË",
    "IsExclusivelySoldInLuxembourg": false,
    "OrderUnit": "P",
    "ShortName": "KOUDE SCHOT.GEBAK.BAL.W",
    "IsNew": false,
    "EcoscoreLabel": "C",
    "RecentQuanityOfStockUnits": "1,1",
    "LongName": "Koude schotel gebak.bal ±460g",
    "FicCode": "I",
    "EcoscoreValue": "43"
  },
  {
    "productId": "12059",
    "technicalArticleNumber": "1417479",
    "commercialArticleNumber": "10668",
    "name": "varkenstong",
    "description": "*Orgaanvlees\n*Belgie\n*Te koken\n*±1u30 à 1u45",
    "thumbNail": "https://ecgproductmw.colruytgroup.com/ecgproductmw/noPicForArticle_2.jpg",
    "fullImage": "https://ecgproductmw.colruytgroup.com/ecgproductmw/noPicForArticle_5.jpg",
    "squareImage": "https://ecgproductmw.colruytgroup.com/ecgproductmw/noPicForArticle_5.jpg",
    "content": "w",
    "walkRouteSequenceNumber": 19328,
    "price": {
      "basicPrice": 6.4,
      "recommendedQuantity": "0.9",
      "unit": "K",
      "measurementUnitPrice": 6.4,
      "measurementUnit": "K",
      "isRedPrice": false,
      "pricePerUOM": 6.4,
      "activationDate": "05-03-2024",
      "recordSource": "Offline",
      "isPromoActive": "N",
      "priceChangeCode": "L"
    },
    "isAvailable": true,
    "isPriceAvailable": true,
    "inPromo": false,
    "topCategoryName": "Colruyt-beenhouwerij",
    "topCategoryId": "33",
    "businessDomain": "RETAIL_BE",
    "IsPrivateLabel": true,
    "IsBiffe": false,
    "WeightconversionFactor": "100",
    "IsWeightArticle": true,
    "nutriscoreLabel": "C",
    "IsBio": false,
    "IsExclusivelySoldInLuxembourg": false,
    "OrderUnit": "Kg",
    "ShortName": "AV VARKENSTONG        W",
    "IsNew": false,
    "RecentQuanityOfStockUnits": "1",
    "LongName": "varkenstong w",
    "AlcoholVolume": "0",
    "FicCode": "I"
  },
  {
    "productId": "16897",
    "technicalArticleNumber": "1473620",
    "commercialArticleNumber": "11285",
    "name": "feestgourmet",
    "description": "*Rund,varken,lam\nkalkoen,ardense\nvink,chipolata\n*±300g per pers",
    "thumbNail": "https://static.colruytgroup.com/images/200x200/std.lang.all/90/30/asset-699030.jpg",
    "fullImage": "https://static.colruytgroup.com/images/500x500/std.lang.all/90/30/asset-699030.jpg",
    "squareImage": "https://static.colruytgroup.com/images/500x500sq/std.lang.all/90/30/asset-699030.jpg",
    "walkRouteSequenceNumber": 19392,
    "price": {
      "basicPrice": 23.95,
      "recommendedQuantity": "1.5",
      "unit": "K",
      "measurementUnitPrice": 23.95,
      "measurementUnit": "K",
      "isRedPrice": false,
      "pricePerUOM": 23.95,
      "activationDate": "29-11-2023",
      "isPromoActive": "N",
      "priceChangeCode": "E"
    },
    "isAvailable": true,
    "isPriceAvailable": true,
    "inPromo": false,
    "topCategoryName": "Colruyt-beenhouwerij",
    "topCategoryId": "33",
    "businessDomain": "RETAIL_BE",
    "IsPrivateLabel": true,
    "IsBiffe": false,
    "WeightconversionFactor": "1300",
    "IsWeightArticle": true,
    "nutriscoreLabel": "C",
    "IsBio": false,
    "IsExclusivelySoldInLuxembourg": false,
    "OrderUnit": "Kg",
    "ShortName": "FEESTGOURMET          W",
    "IsNew": false,
    "RecentQuanityOfStockUnits": "1",
    "LongName": "feestgourmet",
    "AlcoholVolume": "0",
    "FicCode": "I"
  },
  {
    "productId": "876326",
    "technicalArticleNumber": "4731526",
    "commercialArticleNumber": "2633",
    "name": "Welz.1/2 kip oosterse smaak",
    "description": "*Origine: België\n*55' voorverwarmde\noven op 180\n*indian curry smaak\n*Bak tot in de kern",
    "thumbNail": "https://static.colruytgroup.com/images/200x200/std.lang.all/54/84/asset-3275484.jpg",
    "fullImage": "https://static.colruytgroup.com/images/500x500/std.lang.all/54/84/asset-3275484.jpg",
    "squareImage": "https://static.colruytgroup.com/images/500x500sq/std.lang.all/54/84/asset-3275484.jpg",
    "content": "±600g",
    "walkRouteSequenceNumber": 18847,
    "price": {
      "basicPrice": 5.99,
      "recommendedQuantity": "1.0",
      "unit": "K",
      "measurementUnitPrice": 5.99,
      "measurementUnit": "K",
      "isRedPrice": true,
      "redPriceReason": "Promo",
      "pricePerUOM": 5.99,
      "activationDate": "18-03-2024",
      "isPromoActive": "Y",
      "priceChangeCode": "L"
    },
    "isAvailable": true,
    "isPriceAvailable": true,
    "inPromo": false,
    "topCategoryName": "Colruyt-beenhouwerij",
    "topCategoryId": "33",
    "businessDomain": "RETAIL_BE",
    "IsPrivateLabel": false,
    "IsBiffe": false,
    "WeightconversionFactor": "600",
    "IsWeightArticle": true,
    "nutriscoreLabel": "B",
    "IsBio": false,
    "CountryOfOrigin": "BELGIË",
    "IsExclusivelySoldInLuxembourg": false,
    "OrderUnit": "P",
    "ShortName": "WEL.HAL.KIP IND+-600GW",
    "IsNew": false,
    "EcoscoreLabel": "D",
    "RecentQuanityOfStockUnits": "1",
    "LongName": "Welz.1/2 kip oosterse smaak ±600g",
    "AlcoholVolume": "0",
    "FicCode": "I",
    "EcoscoreValue": "21"
  },
  {
    "productId": "155945",
    "technicalArticleNumber": "3293579",
    "commercialArticleNumber": "10554",
    "name": "pastasalade",
    "description": "*Met tomatenblokjes\n,Mais,Gekookte ham\nin een licht zure\nbieslooksaus.",
    "thumbNail": "https://static.colruytgroup.com/images/200x200/std.lang.all/30/20/asset-2383020.jpg",
    "fullImage": "https://static.colruytgroup.com/images/500x500/std.lang.all/30/20/asset-2383020.jpg",
    "squareImage": "https://static.colruytgroup.com/images/500x500sq/std.lang.all/30/20/asset-2383020.jpg",
    "content": "500g",
    "walkRouteSequenceNumber": 19302,
    "price": {
      "basicPrice": 6.99,
      "recommendedQuantity": "1.0",
      "measurementUnitPrice": 13.98,
      "measurementUnit": "K",
      "isRedPrice": false,
      "pricePerUOM": 13.98,
      "activationDate": "26-12-2023",
      "isPromoActive": "N",
      "priceChangeCode": "E"
    },
    "isAvailable": true,
    "isPriceAvailable": true,
    "inPromo": false,
    "gtin": [
      "05400141115543"
    ],
    "topCategoryName": "Colruyt-beenhouwerij",
    "topCategoryId": "33",
    "businessDomain": "RETAIL_BE",
    "IsPrivateLabel": true,
    "IsBiffe": false,
    "WeightconversionFactor": "0",
    "IsWeightArticle": false,
    "IsBio": false,
    "IsExclusivelySoldInLuxembourg": false,
    "OrderUnit": "P",
    "ShortName": "PASTASALADE",
    "IsNew": false,
    "RecentQuanityOfStockUnits": "1,1",
    "LongName": "pastasalade 500g",
    "AlcoholVolume": "0",
    "FicCode": "I"
  },
  {
    "productId": "337650",
    "technicalArticleNumber": "3823483",
    "commercialArticleNumber": "21207",
    "name": "barbecue worst varken",
    "description": "*Varkensgehakt,Look,\nPeterselie,Oregano,\nTomatenblokjes.\n*Belgie",
    "thumbNail": "https://static.colruytgroup.com/images/200x200/std.lang.all/56/82/asset-1445682.jpg",
    "fullImage": "https://static.colruytgroup.com/images/500x500/std.lang.all/56/82/asset-1445682.jpg",
    "squareImage": "https://static.colruytgroup.com/images/500x500sq/std.lang.all/56/82/asset-1445682.jpg",
    "walkRouteSequenceNumber": 19641,
    "price": {
      "basicPrice": 12.69,
      "recommendedQuantity": "0.6",
      "unit": "K",
      "measurementUnitPrice": 12.69,
      "measurementUnit": "K",
      "isRedPrice": false,
      "pricePerUOM": 12.69,
      "activationDate": "01-03-2024",
      "isPromoActive": "N",
      "priceChangeCode": "H"
    },
    "isAvailable": true,
    "isPriceAvailable": true,
    "inPromo": false,
    "topCategoryName": "Colruyt-beenhouwerij",
    "topCategoryId": "33",
    "businessDomain": "RETAIL_BE",
    "IsPrivateLabel": false,
    "IsBiffe": false,
    "WeightconversionFactor": "150",
    "IsWeightArticle": true,
    "nutriscoreLabel": "D",
    "IsBio": false,
    "CountryOfOrigin": "BELGIË",
    "IsExclusivelySoldInLuxembourg": false,
    "OrderUnit": "P",
    "ShortName": "BBQ WORST",
    "IsNew": false,
    "EcoscoreLabel": "D",
    "RecentQuanityOfStockUnits": "1",
    "LongName": "barbecue worst varken",
    "AlcoholVolume": "0",
    "FicCode": "I",
    "EcoscoreValue": "21"
  },
  {
    "productId": "425915",
    "technicalArticleNumber": "3934302",
    "commercialArticleNumber": "18863",
    "name": "sperzieboontjes",
    "description": "*Voorverwarmde oven\n150° +-20min\n*Microgolf 750W\n5 tot 6 min.",
    "thumbNail": "https://static.colruytgroup.com/images/200x200/std.lang.all/85/24/asset-1898524.jpg",
    "fullImage": "https://static.colruytgroup.com/images/500x500/std.lang.all/85/24/asset-1898524.jpg",
    "squareImage": "https://static.colruytgroup.com/images/500x500sq/std.lang.all/85/24/asset-1898524.jpg",
    "content": "±450g",
    "walkRouteSequenceNumber": 19619,
    "price": {
      "basicPrice": 10.59,
      "recommendedQuantity": "0.5",
      "unit": "K",
      "measurementUnitPrice": 10.59,
      "measurementUnit": "K",
      "isRedPrice": false,
      "pricePerUOM": 10.59,
      "activationDate": "15-06-2023",
      "isPromoActive": "N",
      "priceChangeCode": "H"
    },
    "isAvailable": true,
    "isPriceAvailable": true,
    "inPromo": false,
    "topCategoryName": "Colruyt-beenhouwerij",
    "topCategoryId": "33",
    "businessDomain": "RETAIL_BE",
    "IsPrivateLabel": false,
    "IsBiffe": false,
    "WeightconversionFactor": "450",
    "IsWeightArticle": true,
    "nutriscoreLabel": "A",
    "IsBio": false,
    "CountryOfOrigin": "BELGIË",
    "IsExclusivelySoldInLuxembourg": false,
    "OrderUnit": "P",
    "ShortName": "SPERZIEBOONTJES 450G",
    "IsNew": false,
    "EcoscoreLabel": "D",
    "RecentQuanityOfStockUnits": "1,1",
    "LongName": "sperzieboontjes ±450g",
    "AlcoholVolume": "0",
    "FicCode": "I",
    "EcoscoreValue": "27"
  },
  {
    "productId": "217719",
    "technicalArticleNumber": "3475058",
    "commercialArticleNumber": "13839",
    "name": "rosbief vrouwelijk",
    "description": "*Vrouwelijk\n*Extra veel smaak\n*België\n*Oven 180°\n20 à 25 min",
    "thumbNail": "https://static.colruytgroup.com/images/200x200/std.lang.all/56/98/asset-2545698.jpg",
    "fullImage": "https://static.colruytgroup.com/images/500x500/std.lang.all/56/98/asset-2545698.jpg",
    "squareImage": "https://static.colruytgroup.com/images/500x500sq/std.lang.all/56/98/asset-2545698.jpg",
    "walkRouteSequenceNumber": 19525,
    "price": {
      "basicPrice": 18.15,
      "recommendedQuantity": "1.0",
      "unit": "K",
      "measurementUnitPrice": 18.15,
      "measurementUnit": "K",
      "isRedPrice": false,
      "pricePerUOM": 18.15,
      "activationDate": "20-03-2024",
      "recordSource": "Folder",
      "isPromoActive": "N",
      "priceChangeCode": "L"
    },
    "isAvailable": true,
    "isPriceAvailable": true,
    "inPromo": false,
    "topCategoryName": "Colruyt-beenhouwerij",
    "topCategoryId": "33",
    "businessDomain": "RETAIL_BE",
    "IsPrivateLabel": true,
    "IsBiffe": false,
    "WeightconversionFactor": "100",
    "IsWeightArticle": true,
    "nutriscoreLabel": "A",
    "IsBio": false,
    "IsExclusivelySoldInLuxembourg": false,
    "OrderUnit": "Kg",
    "ShortName": "ROSBIEF VROUWELIJK",
    "IsNew": false,
    "RecentQuanityOfStockUnits": "1",
    "LongName": "rosbief vrouwelijk",
    "AlcoholVolume": "0",
    "FicCode": "I"
  },
  {
    "productId": "35412",
    "technicalArticleNumber": "1795201",
    "commercialArticleNumber": "12518",
    "name": "eendenbrazade",
    "description": "*Gemarineerd\n*Op basis van look\nen peterselie,dragon\ndille,rozemarijn.\n*±80g stuk",
    "thumbNail": "https://static.colruytgroup.com/images/200x200/std.lang.all/88/28/asset-1488828.jpg",
    "fullImage": "https://static.colruytgroup.com/images/500x500/std.lang.all/88/28/asset-1488828.jpg",
    "squareImage": "https://static.colruytgroup.com/images/500x500sq/std.lang.all/88/28/asset-1488828.jpg",
    "walkRouteSequenceNumber": 19493,
    "price": {
      "basicPrice": 24.87,
      "recommendedQuantity": "0.4",
      "unit": "K",
      "measurementUnitPrice": 24.87,
      "measurementUnit": "K",
      "isRedPrice": false,
      "pricePerUOM": 24.87,
      "activationDate": "01-03-2024",
      "isPromoActive": "N",
      "priceChangeCode": "H"
    },
    "isAvailable": true,
    "isPriceAvailable": true,
    "inPromo": false,
    "topCategoryName": "Colruyt-beenhouwerij",
    "topCategoryId": "33",
    "businessDomain": "RETAIL_BE",
    "IsPrivateLabel": true,
    "IsBiffe": false,
    "WeightconversionFactor": "80",
    "IsWeightArticle": true,
    "nutriscoreLabel": "A",
    "IsBio": false,
    "CountryOfOrigin": "BELGIË",
    "IsExclusivelySoldInLuxembourg": false,
    "OrderUnit": "P",
    "ShortName": "EENDENBRAZADE         W",
    "IsNew": false,
    "RecentQuanityOfStockUnits": "1",
    "LongName": "eendenbrazade",
    "AlcoholVolume": "0",
    "FicCode": "I"
  },
  {
    "productId": "860844",
    "technicalArticleNumber": "4711766",
    "commercialArticleNumber": "14188",
    "name": "BH Kalfstong Madeira",
    "description": "*Voorverwarmde oven\n150° +-35Min\n*In micro-golf\n9 à 10 Min 750W",
    "thumbNail": "https://static.colruytgroup.com/images/200x200/std.lang.all/89/88/asset-3338988.jpg",
    "fullImage": "https://static.colruytgroup.com/images/500x500/std.lang.all/89/88/asset-3338988.jpg",
    "squareImage": "https://static.colruytgroup.com/images/500x500sq/std.lang.all/89/88/asset-3338988.jpg",
    "content": "±600g",
    "walkRouteSequenceNumber": 18891,
    "price": {
      "basicPrice": 18.95,
      "recommendedQuantity": "1.0",
      "unit": "K",
      "measurementUnitPrice": 18.95,
      "measurementUnit": "K",
      "isRedPrice": false,
      "pricePerUOM": 18.95,
      "activationDate": "01-09-2023",
      "isPromoActive": "N",
      "priceChangeCode": "H"
    },
    "isAvailable": true,
    "isPriceAvailable": true,
    "inPromo": false,
    "topCategoryName": "Colruyt-beenhouwerij",
    "topCategoryId": "33",
    "businessDomain": "RETAIL_BE",
    "IsPrivateLabel": false,
    "IsBiffe": false,
    "WeightconversionFactor": "600",
    "IsWeightArticle": true,
    "nutriscoreLabel": "C",
    "IsBio": false,
    "CountryOfOrigin": "BELGIË",
    "IsExclusivelySoldInLuxembourg": false,
    "OrderUnit": "P",
    "ShortName": "KALFSTONG MADEIRA+-600G",
    "IsNew": false,
    "EcoscoreLabel": "E",
    "RecentQuanityOfStockUnits": "1",
    "LongName": "BH Kalfstong Madeira ±600g",
    "FicCode": "I",
    "EcoscoreValue": "0"
  },
  {
    "productId": "594987",
    "technicalArticleNumber": "4256260",
    "commercialArticleNumber": "22058",
    "name": "BH kalkoenbrazade",
    "thumbNail": "https://static.colruytgroup.com/images/200x200/std.lang.all/19/95/asset-2071995.jpg",
    "fullImage": "https://static.colruytgroup.com/images/500x500/std.lang.all/19/95/asset-2071995.jpg",
    "squareImage": "https://static.colruytgroup.com/images/500x500sq/std.lang.all/19/95/asset-2071995.jpg",
    "walkRouteSequenceNumber": 19647,
    "price": {
      "basicPrice": 18.19,
      "recommendedQuantity": "0.4",
      "unit": "K",
      "measurementUnitPrice": 18.19,
      "measurementUnit": "K",
      "isRedPrice": false,
      "pricePerUOM": 18.19,
      "activationDate": "01-03-2024",
      "isPromoActive": "N",
      "priceChangeCode": "H"
    },
    "isAvailable": true,
    "isPriceAvailable": true,
    "inPromo": false,
    "topCategoryName": "Colruyt-beenhouwerij",
    "topCategoryId": "33",
    "businessDomain": "RETAIL_BE",
    "IsPrivateLabel": false,
    "IsBiffe": false,
    "WeightconversionFactor": "80",
    "IsWeightArticle": true,
    "nutriscoreLabel": "A",
    "IsBio": false,
    "CountryOfOrigin": "BELGIË",
    "IsExclusivelySoldInLuxembourg": false,
    "OrderUnit": "P",
    "ShortName": "BH KALKOENBRAZADE",
    "IsNew": false,
    "EcoscoreLabel": "E",
    "RecentQuanityOfStockUnits": "1",
    "LongName": "BH kalkoenbrazade",
    "AlcoholVolume": "0",
    "FicCode": "I",
    "EcoscoreValue": "6"
  },
  {
    "productId": "1020818",
    "technicalArticleNumber": "4789574",
    "commercialArticleNumber": "17478",
    "name": "Surimisalade kreeft-garnaal",
    "thumbNail": "https://ecgproductmw.colruytgroup.com/ecgproductmw/noPicForArticle_2.jpg",
    "fullImage": "https://ecgproductmw.colruytgroup.com/ecgproductmw/noPicForArticle_5.jpg",
    "squareImage": "https://ecgproductmw.colruytgroup.com/ecgproductmw/noPicForArticle_5.jpg",
    "content": "150g",
    "walkRouteSequenceNumber": 18747,
    "price": {
      "basicPrice": 3.99,
      "recommendedQuantity": "1.0",
      "measurementUnitPrice": 26.6,
      "measurementUnit": "K",
      "isRedPrice": false,
      "pricePerUOM": 26.6,
      "activationDate": "23-02-2024",
      "isPromoActive": "N",
      "priceChangeCode": "E"
    },
    "isAvailable": true,
    "isPriceAvailable": true,
    "inPromo": false,
    "topCategoryName": "Colruyt-beenhouwerij",
    "topCategoryId": "33",
    "businessDomain": "RETAIL_BE",
    "IsPrivateLabel": false,
    "IsBiffe": false,
    "WeightconversionFactor": "0",
    "IsWeightArticle": false,
    "IsBio": false,
    "CountryOfOrigin": "BELGIË",
    "IsExclusivelySoldInLuxembourg": false,
    "OrderUnit": "P",
    "ShortName": "ZBH SURIMI.KRE.GAR.150G",
    "IsNew": true,
    "RecentQuanityOfStockUnits": "1",
    "LongName": "Surimisalade kreeft-garnaal 150g",
    "FicCode": "I"
  },
  {
    "productId": "781176",
    "technicalArticleNumber": "4577680",
    "commercialArticleNumber": "28864",
    "name": "Kippendijfilet",
    "description": "*Uitgebeende\nkippendij zonder vel\n*Zeer mager\n*Bakken tot in\nde kern",
    "thumbNail": "https://static.colruytgroup.com/images/200x200/std.lang.all/30/86/asset-2763086.jpg",
    "fullImage": "https://static.colruytgroup.com/images/500x500/std.lang.all/30/86/asset-2763086.jpg",
    "squareImage": "https://static.colruytgroup.com/images/500x500sq/std.lang.all/30/86/asset-2763086.jpg",
    "walkRouteSequenceNumber": 18978,
    "price": {
      "basicPrice": 9.98,
      "recommendedQuantity": "0.5",
      "unit": "K",
      "measurementUnitPrice": 9.98,
      "measurementUnit": "K",
      "isRedPrice": false,
      "pricePerUOM": 9.98,
      "activationDate": "18-03-2024",
      "recordSource": "Folder",
      "isPromoActive": "N",
      "priceChangeCode": "L"
    },
    "isAvailable": true,
    "isPriceAvailable": true,
    "inPromo": false,
    "topCategoryName": "Colruyt-beenhouwerij",
    "topCategoryId": "33",
    "businessDomain": "RETAIL_BE",
    "IsPrivateLabel": false,
    "IsBiffe": false,
    "WeightconversionFactor": "100",
    "IsWeightArticle": true,
    "nutriscoreLabel": "A",
    "IsBio": false,
    "CountryOfOrigin": "BELGIË",
    "IsExclusivelySoldInLuxembourg": false,
    "OrderUnit": "Kg",
    "ShortName": "BH KIPPENDIJFILET",
    "IsNew": false,
    "EcoscoreLabel": "E",
    "RecentQuanityOfStockUnits": "1",
    "LongName": "Kippendijfilet",
    "FicCode": "I",
    "EcoscoreValue": "15"
  },
  {
    "productId": "488103",
    "technicalArticleNumber": "4038058",
    "commercialArticleNumber": "11708",
    "name": "linguin scampi toma.mascarp.",
    "description": "*Voorverwarmde oven\nop 150° +-30 min.\n*Microgolfoven 750W\n7 tot 8 min.",
    "thumbNail": "https://static.colruytgroup.com/images/200x200/std.lang.all/43/24/asset-2824324.jpg",
    "fullImage": "https://static.colruytgroup.com/images/500x500/std.lang.all/43/24/asset-2824324.jpg",
    "squareImage": "https://static.colruytgroup.com/images/500x500sq/std.lang.all/43/24/asset-2824324.jpg",
    "content": "±660g",
    "walkRouteSequenceNumber": 19453,
    "price": {
      "basicPrice": 16.98,
      "recommendedQuantity": "0.7",
      "unit": "K",
      "measurementUnitPrice": 16.98,
      "measurementUnit": "K",
      "isRedPrice": false,
      "pricePerUOM": 16.98,
      "activationDate": "15-06-2023",
      "isPromoActive": "N",
      "priceChangeCode": "H"
    },
    "isAvailable": true,
    "isPriceAvailable": true,
    "inPromo": false,
    "topCategoryName": "Colruyt-beenhouwerij",
    "topCategoryId": "33",
    "businessDomain": "RETAIL_BE",
    "IsPrivateLabel": false,
    "IsBiffe": false,
    "WeightconversionFactor": "650",
    "IsWeightArticle": true,
    "nutriscoreLabel": "C",
    "IsBio": false,
    "CountryOfOrigin": "BELGIË",
    "IsExclusivelySoldInLuxembourg": false,
    "OrderUnit": "P",
    "ShortName": "LINGUI.SCAMPI TOMAAT W",
    "IsNew": false,
    "EcoscoreLabel": "C",
    "RecentQuanityOfStockUnits": "1,1",
    "LongName": "linguin scampi toma.mascarp. ±660g",
    "AlcoholVolume": "0",
    "FicCode": "I",
    "EcoscoreValue": "42"
  },
  {
    "productId": "107700",
    "technicalArticleNumber": "3109128",
    "commercialArticleNumber": "10569",
    "name": "DRY AGED COTE A L OS HOLST.",
    "description": "*+21 dagen gerijpt\n*±450gr\n*Belgie",
    "thumbNail": "https://static.colruytgroup.com/images/200x200/std.lang.all/19/28/asset-371928.jpg",
    "fullImage": "https://static.colruytgroup.com/images/500x500/std.lang.all/19/28/asset-371928.jpg",
    "squareImage": "https://static.colruytgroup.com/images/500x500sq/std.lang.all/19/28/asset-371928.jpg",
    "content": "±450g",
    "walkRouteSequenceNumber": 19307,
    "price": {
      "basicPrice": 49.99,
      "recommendedQuantity": "0.7",
      "unit": "K",
      "measurementUnitPrice": 49.99,
      "measurementUnit": "K",
      "isRedPrice": false,
      "pricePerUOM": 49.99,
      "activationDate": "14-03-2024",
      "isPromoActive": "N",
      "priceChangeCode": "E"
    },
    "isAvailable": true,
    "isPriceAvailable": true,
    "inPromo": false,
    "topCategoryName": "Colruyt-beenhouwerij",
    "topCategoryId": "33",
    "businessDomain": "RETAIL_BE",
    "IsPrivateLabel": true,
    "IsBiffe": false,
    "WeightconversionFactor": "700",
    "IsWeightArticle": true,
    "IsBio": false,
    "IsExclusivelySoldInLuxembourg": false,
    "OrderUnit": "P",
    "ShortName": "DRY AGED COTE OS HOLSTE",
    "IsNew": false,
    "RecentQuanityOfStockUnits": "1,1",
    "LongName": "DRY AGED COTE A L OS HOLST. ±450g",
    "AlcoholVolume": "0",
    "FicCode": "I"
  },
  {
    "productId": "67519",
    "technicalArticleNumber": "2773601",
    "commercialArticleNumber": "27070",
    "name": "chorizo BBQ",
    "description": "*Verse pikante worst\n*Spanje\n*5-7 min. bakken aan\nelke kant",
    "thumbNail": "https://static.colruytgroup.com/images/200x200/std.lang.all/61/79/asset-336179.jpg",
    "fullImage": "https://static.colruytgroup.com/images/500x500/std.lang.all/61/79/asset-336179.jpg",
    "squareImage": "https://static.colruytgroup.com/images/500x500sq/std.lang.all/61/79/asset-336179.jpg",
    "content": "6st",
    "walkRouteSequenceNumber": 19684,
    "price": {
      "basicPrice": 12.24,
      "recommendedQuantity": "1.0",
      "unit": "K",
      "measurementUnitPrice": 12.24,
      "measurementUnit": "K",
      "isRedPrice": false,
      "pricePerUOM": 12.24,
      "activationDate": "01-03-2024",
      "isPromoActive": "N",
      "priceChangeCode": "H"
    },
    "isAvailable": true,
    "isPriceAvailable": true,
    "inPromo": false,
    "gtin": [
      "08423610072250"
    ],
    "topCategoryName": "Colruyt-beenhouwerij",
    "topCategoryId": "33",
    "businessDomain": "RETAIL_BE",
    "IsPrivateLabel": false,
    "IsBiffe": false,
    "WeightconversionFactor": "360",
    "IsWeightArticle": true,
    "IsBio": false,
    "CountryOfOrigin": "BELGIË",
    "IsExclusivelySoldInLuxembourg": false,
    "OrderUnit": "P",
    "ShortName": "BH CHORIZO BBQ W",
    "InSeason": true,
    "IsNew": false,
    "RecentQuanityOfStockUnits": "1",
    "LongName": "chorizo BBQ 6st",
    "AlcoholVolume": "0",
    "StartSeasonDate": "14/02/2024",
    "FicCode": "I"
  },
  {
    "productId": "30150",
    "technicalArticleNumber": "1677316",
    "commercialArticleNumber": "10296",
    "name": "runderbrazade",
    "description": "*Licht gekruid\n*Vermalste stuk\n*Ideale Bakwijze\nGegrild of Bbq\n* ±80g",
    "thumbNail": "https://static.colruytgroup.com/images/200x200/std.lang.all/45/09/asset-394509.jpg",
    "fullImage": "https://static.colruytgroup.com/images/500x500/std.lang.all/45/09/asset-394509.jpg",
    "squareImage": "https://static.colruytgroup.com/images/500x500sq/std.lang.all/45/09/asset-394509.jpg",
    "walkRouteSequenceNumber": 19251,
    "price": {
      "basicPrice": 24.99,
      "recommendedQuantity": "0.5",
      "unit": "K",
      "measurementUnitPrice": 24.99,
      "measurementUnit": "K",
      "isRedPrice": false,
      "pricePerUOM": 24.99,
      "activationDate": "01-03-2024",
      "isPromoActive": "N",
      "priceChangeCode": "H"
    },
    "isAvailable": true,
    "isPriceAvailable": true,
    "inPromo": false,
    "topCategoryName": "Colruyt-beenhouwerij",
    "topCategoryId": "33",
    "businessDomain": "RETAIL_BE",
    "IsPrivateLabel": true,
    "IsBiffe": false,
    "WeightconversionFactor": "100",
    "IsWeightArticle": true,
    "nutriscoreLabel": "C",
    "IsBio": false,
    "CountryOfOrigin": "BELGIË",
    "IsExclusivelySoldInLuxembourg": false,
    "OrderUnit": "P",
    "ShortName": "RUNDSBRAZADE          W",
    "IsNew": false,
    "RecentQuanityOfStockUnits": "1",
    "LongName": "runderbrazade",
    "AlcoholVolume": "0",
    "FicCode": "I"
  },
  {
    "productId": "30148",
    "technicalArticleNumber": "1677312",
    "commercialArticleNumber": "10031",
    "name": "BH varkensbrazade",
    "description": "*Marinade op basis\nvan oregano en thym\n*±70g stuk",
    "thumbNail": "https://static.colruytgroup.com/images/200x200/std.lang.all/24/27/asset-582427.jpg",
    "fullImage": "https://static.colruytgroup.com/images/500x500/std.lang.all/24/27/asset-582427.jpg",
    "squareImage": "https://static.colruytgroup.com/images/500x500sq/std.lang.all/24/27/asset-582427.jpg",
    "walkRouteSequenceNumber": 19133,
    "price": {
      "basicPrice": 14.95,
      "recommendedQuantity": "0.4",
      "unit": "K",
      "measurementUnitPrice": 14.95,
      "measurementUnit": "K",
      "isRedPrice": false,
      "pricePerUOM": 14.95,
      "activationDate": "01-03-2024",
      "isPromoActive": "N",
      "priceChangeCode": "H"
    },
    "isAvailable": true,
    "isPriceAvailable": true,
    "inPromo": false,
    "topCategoryName": "Colruyt-beenhouwerij",
    "topCategoryId": "33",
    "businessDomain": "RETAIL_BE",
    "IsPrivateLabel": true,
    "IsBiffe": false,
    "WeightconversionFactor": "80",
    "IsWeightArticle": true,
    "nutriscoreLabel": "C",
    "IsBio": false,
    "CountryOfOrigin": "BELGIË",
    "IsExclusivelySoldInLuxembourg": false,
    "OrderUnit": "P",
    "ShortName": "BH VARKENSBRAZADE W",
    "IsNew": false,
    "RecentQuanityOfStockUnits": "1",
    "LongName": "BH varkensbrazade",
    "AlcoholVolume": "0",
    "FicCode": "I"
  },
  {
    "productId": "7930",
    "technicalArticleNumber": "1158788",
    "commercialArticleNumber": "10057",
    "name": "gevarieerde fonduevlees",
    "description": "*Rund,varken,\nkalkoen,kip,eend\n*±300g per pers",
    "thumbNail": "https://static.colruytgroup.com/images/200x200/std.lang.all/90/28/asset-699028.jpg",
    "fullImage": "https://static.colruytgroup.com/images/500x500/std.lang.all/90/28/asset-699028.jpg",
    "squareImage": "https://static.colruytgroup.com/images/500x500sq/std.lang.all/90/28/asset-699028.jpg",
    "walkRouteSequenceNumber": 19155,
    "price": {
      "basicPrice": 19.45,
      "recommendedQuantity": "1.5",
      "unit": "K",
      "measurementUnitPrice": 19.45,
      "measurementUnit": "K",
      "isRedPrice": false,
      "pricePerUOM": 19.45,
      "activationDate": "12-03-2024",
      "isPromoActive": "N",
      "priceChangeCode": "E"
    },
    "isAvailable": true,
    "isPriceAvailable": true,
    "inPromo": false,
    "topCategoryName": "Colruyt-beenhouwerij",
    "topCategoryId": "33",
    "businessDomain": "RETAIL_BE",
    "IsPrivateLabel": false,
    "IsBiffe": false,
    "WeightconversionFactor": "1500",
    "IsWeightArticle": true,
    "nutriscoreLabel": "A",
    "IsBio": false,
    "CountryOfOrigin": "BELGIË",
    "IsExclusivelySoldInLuxembourg": false,
    "OrderUnit": "Kg",
    "ShortName": "GEVARIEERDE FONDUE W",
    "IsNew": false,
    "EcoscoreLabel": "E",
    "RecentQuanityOfStockUnits": "1",
    "LongName": "gevarieerde fonduevlees",
    "AlcoholVolume": "0",
    "FicCode": "I",
    "EcoscoreValue": "0"
  },
  {
    "productId": "594984",
    "technicalArticleNumber": "4256257",
    "commercialArticleNumber": "22055",
    "name": "BH Welzijns Gemarin.Kipvleugel",
    "thumbNail": "https://static.colruytgroup.com/images/200x200/std.lang.all/19/94/asset-2071994.jpg",
    "fullImage": "https://static.colruytgroup.com/images/500x500/std.lang.all/19/94/asset-2071994.jpg",
    "squareImage": "https://static.colruytgroup.com/images/500x500sq/std.lang.all/19/94/asset-2071994.jpg",
    "walkRouteSequenceNumber": 19646,
    "price": {
      "basicPrice": 7.16,
      "recommendedQuantity": "0.9",
      "unit": "K",
      "measurementUnitPrice": 7.16,
      "measurementUnit": "K",
      "isRedPrice": false,
      "pricePerUOM": 7.16,
      "activationDate": "01-03-2024",
      "isPromoActive": "N",
      "priceChangeCode": "E"
    },
    "isAvailable": true,
    "isPriceAvailable": true,
    "inPromo": false,
    "topCategoryName": "Colruyt-beenhouwerij",
    "topCategoryId": "33",
    "businessDomain": "RETAIL_BE",
    "IsPrivateLabel": false,
    "IsBiffe": false,
    "WeightconversionFactor": "50",
    "IsWeightArticle": true,
    "nutriscoreLabel": "B",
    "IsBio": false,
    "CountryOfOrigin": "BELGIË",
    "IsExclusivelySoldInLuxembourg": false,
    "OrderUnit": "P",
    "ShortName": "BH WELZ. GEMAR.KIPVLEU.",
    "IsNew": false,
    "EcoscoreLabel": "E",
    "RecentQuanityOfStockUnits": "1,1",
    "LongName": "BH Welzijns Gemarin.Kipvleugel",
    "AlcoholVolume": "0",
    "FicCode": "I",
    "EcoscoreValue": "15"
  },
  {
    "productId": "590249",
    "technicalArticleNumber": "4248417",
    "commercialArticleNumber": "10002",
    "name": "gemarineerde varkens entrecôte",
    "thumbNail": "https://static.colruytgroup.com/images/200x200/std.lang.all/19/87/asset-2071987.jpg",
    "fullImage": "https://static.colruytgroup.com/images/500x500/std.lang.all/19/87/asset-2071987.jpg",
    "squareImage": "https://static.colruytgroup.com/images/500x500sq/std.lang.all/19/87/asset-2071987.jpg",
    "walkRouteSequenceNumber": 19127,
    "price": {
      "basicPrice": 10.49,
      "recommendedQuantity": "0.5",
      "unit": "K",
      "measurementUnitPrice": 10.49,
      "measurementUnit": "K",
      "isRedPrice": false,
      "pricePerUOM": 10.49,
      "activationDate": "01-03-2024",
      "isPromoActive": "N",
      "priceChangeCode": "H"
    },
    "isAvailable": true,
    "isPriceAvailable": true,
    "inPromo": false,
    "topCategoryName": "Colruyt-beenhouwerij",
    "topCategoryId": "33",
    "businessDomain": "RETAIL_BE",
    "IsPrivateLabel": false,
    "IsBiffe": false,
    "WeightconversionFactor": "450",
    "IsWeightArticle": true,
    "nutriscoreLabel": "D",
    "IsBio": false,
    "CountryOfOrigin": "BELGIË",
    "IsExclusivelySoldInLuxembourg": false,
    "OrderUnit": "P",
    "ShortName": "VARKENS ENTRECOTE",
    "IsNew": false,
    "EcoscoreLabel": "E",
    "RecentQuanityOfStockUnits": "1",
    "LongName": "gemarineerde varkens entrecôte",
    "AlcoholVolume": "0",
    "FicCode": "I",
    "EcoscoreValue": "0"
  },
  {
    "productId": "12060",
    "technicalArticleNumber": "1417483",
    "commercialArticleNumber": "10672",
    "name": "Welzijnskippenvleugels",
    "description": "*Kippenvleugels",
    "thumbNail": "https://static.colruytgroup.com/images/200x200/std.lang.all/74/73/asset-1267473.jpg",
    "fullImage": "https://static.colruytgroup.com/images/500x500/std.lang.all/74/73/asset-1267473.jpg",
    "squareImage": "https://static.colruytgroup.com/images/500x500sq/std.lang.all/74/73/asset-1267473.jpg",
    "walkRouteSequenceNumber": 19329,
    "price": {
      "basicPrice": 6.65,
      "recommendedQuantity": "0.9",
      "unit": "K",
      "measurementUnitPrice": 6.65,
      "measurementUnit": "K",
      "isRedPrice": false,
      "pricePerUOM": 6.65,
      "activationDate": "14-11-2023",
      "isPromoActive": "N",
      "priceChangeCode": "E"
    },
    "isAvailable": true,
    "isPriceAvailable": true,
    "inPromo": false,
    "gtin": [
      "05400141328189"
    ],
    "topCategoryName": "Colruyt-beenhouwerij",
    "topCategoryId": "33",
    "businessDomain": "RETAIL_BE",
    "IsPrivateLabel": false,
    "IsBiffe": false,
    "WeightconversionFactor": "500",
    "IsWeightArticle": true,
    "nutriscoreLabel": "A",
    "IsBio": false,
    "CountryOfOrigin": "BELGIË",
    "IsExclusivelySoldInLuxembourg": false,
    "OrderUnit": "Kg",
    "ShortName": "WELZIJNSKIPPENVLEUGELS",
    "IsNew": false,
    "EcoscoreLabel": "E",
    "RecentQuanityOfStockUnits": "1,1",
    "LongName": "Welzijnskippenvleugels",
    "AlcoholVolume": "0",
    "FicCode": "E",
    "EcoscoreValue": "15"
  },
  {
    "productId": "7262",
    "technicalArticleNumber": "1160425",
    "commercialArticleNumber": "10307",
    "name": "runderhart",
    "description": "*Orgaanvlees",
    "thumbNail": "https://ecgproductmw.colruytgroup.com/ecgproductmw/noPicForArticle_2.jpg",
    "fullImage": "https://ecgproductmw.colruytgroup.com/ecgproductmw/noPicForArticle_5.jpg",
    "squareImage": "https://ecgproductmw.colruytgroup.com/ecgproductmw/noPicForArticle_5.jpg",
    "walkRouteSequenceNumber": 19252,
    "price": {
      "basicPrice": 4.87,
      "recommendedQuantity": "1.0",
      "unit": "K",
      "measurementUnitPrice": 4.87,
      "measurementUnit": "K",
      "isRedPrice": false,
      "pricePerUOM": 4.87,
      "activationDate": "14-11-2023",
      "isPromoActive": "N",
      "priceChangeCode": "E"
    },
    "isAvailable": true,
    "isPriceAvailable": true,
    "inPromo": false,
    "topCategoryName": "Colruyt-beenhouwerij",
    "topCategoryId": "33",
    "businessDomain": "RETAIL_BE",
    "IsPrivateLabel": false,
    "IsBiffe": false,
    "WeightconversionFactor": "100",
    "IsWeightArticle": true,
    "nutriscoreLabel": "C",
    "IsBio": false,
    "CountryOfOrigin": "BELGIË",
    "IsExclusivelySoldInLuxembourg": false,
    "OrderUnit": "Kg",
    "ShortName": "RUNDERHART W",
    "IsNew": false,
    "EcoscoreLabel": "E",
    "RecentQuanityOfStockUnits": "1,1",
    "LongName": "runderhart",
    "AlcoholVolume": "0",
    "FicCode": "I",
    "EcoscoreValue": "0"
  },
  {
    "productId": "7155",
    "technicalArticleNumber": "1160203",
    "commercialArticleNumber": "10241",
    "name": "gemarineerde lamskoteletten",
    "description": "*Pittig gemarineerd\n*±40g stuk.\n*Bak op de bbq 2 à\n5 min aan beide\nkanten.",
    "thumbNail": "https://static.colruytgroup.com/images/200x200/std.lang.all/92/70/asset-1229270.jpg",
    "fullImage": "https://static.colruytgroup.com/images/500x500/std.lang.all/92/70/asset-1229270.jpg",
    "squareImage": "https://static.colruytgroup.com/images/500x500sq/std.lang.all/92/70/asset-1229270.jpg",
    "walkRouteSequenceNumber": 19243,
    "price": {
      "basicPrice": 25.68,
      "recommendedQuantity": "0.4",
      "unit": "K",
      "measurementUnitPrice": 25.68,
      "measurementUnit": "K",
      "isRedPrice": false,
      "pricePerUOM": 25.68,
      "activationDate": "23-03-2024",
      "recordSource": "Offline",
      "isPromoActive": "N",
      "priceChangeCode": "H"
    },
    "isAvailable": true,
    "isPriceAvailable": true,
    "inPromo": false,
    "topCategoryName": "Colruyt-beenhouwerij",
    "topCategoryId": "33",
    "businessDomain": "RETAIL_BE",
    "IsPrivateLabel": false,
    "IsBiffe": false,
    "WeightconversionFactor": "80",
    "IsWeightArticle": true,
    "nutriscoreLabel": "C",
    "IsBio": false,
    "CountryOfOrigin": "BELGIË",
    "IsExclusivelySoldInLuxembourg": false,
    "OrderUnit": "P",
    "ShortName": "GEMARIN LAMSKOTELET W",
    "IsNew": false,
    "EcoscoreLabel": "E",
    "RecentQuanityOfStockUnits": "1",
    "LongName": "gemarineerde lamskoteletten",
    "AlcoholVolume": "0",
    "FicCode": "I",
    "EcoscoreValue": "0"
  },
  {
    "productId": "7085",
    "technicalArticleNumber": "1168604",
    "commercialArticleNumber": "10361",
    "name": "grillsteak",
    "description": "*Pittig\n*+-500gr\n*Bakken naar wens",
    "thumbNail": "https://static.colruytgroup.com/images/200x200/std.lang.all/58/61/asset-2075861.jpg",
    "fullImage": "https://static.colruytgroup.com/images/500x500/std.lang.all/58/61/asset-2075861.jpg",
    "squareImage": "https://static.colruytgroup.com/images/500x500sq/std.lang.all/58/61/asset-2075861.jpg",
    "walkRouteSequenceNumber": 19265,
    "price": {
      "basicPrice": 18.79,
      "recommendedQuantity": "1.0",
      "unit": "K",
      "measurementUnitPrice": 18.79,
      "measurementUnit": "K",
      "isRedPrice": false,
      "pricePerUOM": 18.79,
      "activationDate": "14-11-2023",
      "isPromoActive": "N",
      "priceChangeCode": "E"
    },
    "isAvailable": true,
    "isPriceAvailable": true,
    "inPromo": false,
    "topCategoryName": "Colruyt-beenhouwerij",
    "topCategoryId": "33",
    "businessDomain": "RETAIL_BE",
    "IsPrivateLabel": false,
    "IsBiffe": false,
    "WeightconversionFactor": "100",
    "IsWeightArticle": true,
    "nutriscoreLabel": "B",
    "IsBio": false,
    "CountryOfOrigin": "BELGIË",
    "IsExclusivelySoldInLuxembourg": false,
    "OrderUnit": "Kg",
    "ShortName": "GRILLSTEAK W",
    "IsNew": false,
    "EcoscoreLabel": "E",
    "RecentQuanityOfStockUnits": "1",
    "LongName": "grillsteak",
    "AlcoholVolume": "0",
    "FicCode": "I",
    "EcoscoreValue": "0"
  },
  {
    "productId": "553669",
    "technicalArticleNumber": "4186043",
    "commercialArticleNumber": "13668",
    "name": "toscaans varkenshaasje",
    "description": "*Oven voorverwarmen\nop 200° , vlees aan\nbakken in pan,\nDan ±25 min op 180°\nin de oven.",
    "thumbNail": "https://static.colruytgroup.com/images/200x200/std.lang.all/64/86/asset-2076486.jpg",
    "fullImage": "https://static.colruytgroup.com/images/500x500/std.lang.all/64/86/asset-2076486.jpg",
    "squareImage": "https://static.colruytgroup.com/images/500x500sq/std.lang.all/64/86/asset-2076486.jpg",
    "content": "±520g",
    "walkRouteSequenceNumber": 19523,
    "price": {
      "basicPrice": 18.68,
      "recommendedQuantity": "0.5",
      "unit": "K",
      "measurementUnitPrice": 18.68,
      "measurementUnit": "K",
      "isRedPrice": false,
      "pricePerUOM": 18.68,
      "activationDate": "01-03-2024",
      "isPromoActive": "N",
      "priceChangeCode": "H"
    },
    "isAvailable": true,
    "isPriceAvailable": true,
    "inPromo": false,
    "gtin": [
      "95400141334510",
      "05400141334517"
    ],
    "topCategoryName": "Colruyt-beenhouwerij",
    "topCategoryId": "33",
    "businessDomain": "RETAIL_BE",
    "IsPrivateLabel": false,
    "IsBiffe": false,
    "WeightconversionFactor": "520",
    "IsWeightArticle": true,
    "nutriscoreLabel": "C",
    "IsBio": false,
    "CountryOfOrigin": "BELGIË",
    "IsExclusivelySoldInLuxembourg": false,
    "OrderUnit": "P",
    "ShortName": "ZBH TOSCA VARKENSHAAS W",
    "InSeason": true,
    "IsNew": false,
    "EcoscoreLabel": "E",
    "RecentQuanityOfStockUnits": "1,1,1",
    "LongName": "toscaans varkenshaasje ±520g",
    "AlcoholVolume": "0",
    "StartSeasonDate": "13/02/2024",
    "FicCode": "I",
    "EcoscoreValue": "0"
  },
  {
    "productId": "853955",
    "technicalArticleNumber": "4702906",
    "commercialArticleNumber": "31233",
    "name": "Vitello Tonnato",
    "description": "*Gebakken kalfsneden\nbedekt met een\ntonijnsaus heerlijk\nmet kappertjes\n*Klaar om te eten",
    "thumbNail": "https://static.colruytgroup.com/images/200x200/std.lang.all/97/20/asset-3139720.jpg",
    "fullImage": "https://static.colruytgroup.com/images/500x500/std.lang.all/97/20/asset-3139720.jpg",
    "squareImage": "https://static.colruytgroup.com/images/500x500sq/std.lang.all/97/20/asset-3139720.jpg",
    "content": "±170g",
    "walkRouteSequenceNumber": 18901,
    "price": {
      "basicPrice": 32,
      "recommendedQuantity": "1.0",
      "unit": "K",
      "measurementUnitPrice": 32,
      "measurementUnit": "K",
      "isRedPrice": false,
      "pricePerUOM": 32,
      "activationDate": "21-03-2024",
      "isPromoActive": "N",
      "priceChangeCode": "E"
    },
    "isAvailable": true,
    "isPriceAvailable": true,
    "inPromo": false,
    "topCategoryName": "Colruyt-beenhouwerij",
    "topCategoryId": "33",
    "businessDomain": "RETAIL_BE",
    "IsPrivateLabel": false,
    "IsBiffe": false,
    "WeightconversionFactor": "170",
    "IsWeightArticle": true,
    "nutriscoreLabel": "D",
    "IsBio": false,
    "CountryOfOrigin": "BELGIË",
    "IsExclusivelySoldInLuxembourg": false,
    "OrderUnit": "P",
    "ShortName": "VITELLO TONNATO+-170GW",
    "IsNew": false,
    "EcoscoreLabel": "E",
    "RecentQuanityOfStockUnits": "1",
    "LongName": "Vitello Tonnato ±170g",
    "FicCode": "I",
    "EcoscoreValue": "0"
  },
  {
    "productId": "780922",
    "technicalArticleNumber": "4577021",
    "commercialArticleNumber": "28801",
    "name": "Tomaat mozzarella",
    "description": "*Koude schotel\nklaar om te\nconsumeren",
    "thumbNail": "https://static.colruytgroup.com/images/200x200/std.lang.all/31/50/asset-2763150.jpg",
    "fullImage": "https://static.colruytgroup.com/images/500x500/std.lang.all/31/50/asset-2763150.jpg",
    "squareImage": "https://static.colruytgroup.com/images/500x500sq/std.lang.all/31/50/asset-2763150.jpg",
    "content": "±496g",
    "walkRouteSequenceNumber": 18987,
    "price": {
      "basicPrice": 8.5,
      "recommendedQuantity": "1.0",
      "unit": "K",
      "measurementUnitPrice": 8.5,
      "measurementUnit": "K",
      "isRedPrice": false,
      "pricePerUOM": 8.5,
      "activationDate": "19-03-2024",
      "isPromoActive": "N",
      "priceChangeCode": "E"
    },
    "isAvailable": true,
    "isPriceAvailable": true,
    "inPromo": false,
    "topCategoryName": "Colruyt-beenhouwerij",
    "topCategoryId": "33",
    "businessDomain": "RETAIL_BE",
    "IsPrivateLabel": false,
    "IsBiffe": false,
    "WeightconversionFactor": "500",
    "IsWeightArticle": true,
    "nutriscoreLabel": "B",
    "IsBio": false,
    "CountryOfOrigin": "BELGIË",
    "IsExclusivelySoldInLuxembourg": false,
    "OrderUnit": "P",
    "ShortName": "TOMAAT MOZZARELLA+-496G",
    "IsNew": false,
    "EcoscoreLabel": "B",
    "RecentQuanityOfStockUnits": "1,1",
    "LongName": "Tomaat mozzarella ±496g",
    "FicCode": "I",
    "EcoscoreValue": "67"
  },
  {
    "productId": "17599",
    "technicalArticleNumber": "1441423",
    "commercialArticleNumber": "10797",
    "name": "gemarineerde lamsboutsneden",
    "description": "*Marinade op basis-\nvan Knoflook,ui,\nBieslook,dille,\npeterselie,dragon,\nen rozemarijn,",
    "thumbNail": "https://static.colruytgroup.com/images/200x200/std.lang.all/14/29/asset-351429.jpg",
    "fullImage": "https://static.colruytgroup.com/images/500x500/std.lang.all/14/29/asset-351429.jpg",
    "squareImage": "https://static.colruytgroup.com/images/500x500sq/std.lang.all/14/29/asset-351429.jpg",
    "walkRouteSequenceNumber": 19349,
    "price": {
      "basicPrice": 24.9,
      "recommendedQuantity": "1.3",
      "unit": "K",
      "measurementUnitPrice": 24.9,
      "measurementUnit": "K",
      "isRedPrice": false,
      "pricePerUOM": 24.9,
      "activationDate": "01-03-2024",
      "isPromoActive": "N",
      "priceChangeCode": "H"
    },
    "isAvailable": true,
    "isPriceAvailable": true,
    "inPromo": false,
    "topCategoryName": "Colruyt-beenhouwerij",
    "topCategoryId": "33",
    "businessDomain": "RETAIL_BE",
    "IsPrivateLabel": true,
    "IsBiffe": false,
    "WeightconversionFactor": "250",
    "IsWeightArticle": true,
    "nutriscoreLabel": "D",
    "IsBio": false,
    "IsExclusivelySoldInLuxembourg": false,
    "OrderUnit": "P",
    "ShortName": "GEMAR LAMSBOUTSNEDEN  W",
    "IsNew": false,
    "RecentQuanityOfStockUnits": "1",
    "LongName": "gemarineerde lamsboutsneden",
    "AlcoholVolume": "0",
    "FicCode": "I"
  },
  {
    "productId": "828879",
    "technicalArticleNumber": "4667702",
    "commercialArticleNumber": "12688",
    "name": "quiche zalm broccoli",
    "description": "*Haal uit de\nVerpakking\n*Voorverwarmde oven\n180° ±15 Min.",
    "thumbNail": "https://static.colruytgroup.com/images/200x200/std.lang.all/53/04/asset-2355304.jpg",
    "fullImage": "https://static.colruytgroup.com/images/500x500/std.lang.all/53/04/asset-2355304.jpg",
    "squareImage": "https://static.colruytgroup.com/images/500x500sq/std.lang.all/53/04/asset-2355304.jpg",
    "content": "375g",
    "walkRouteSequenceNumber": 18939,
    "price": {
      "basicPrice": 7.89,
      "recommendedQuantity": "1.0",
      "measurementUnitPrice": 21.04,
      "measurementUnit": "K",
      "isRedPrice": false,
      "pricePerUOM": 21.04,
      "activationDate": "19-03-2024",
      "isPromoActive": "N",
      "priceChangeCode": "E"
    },
    "isAvailable": true,
    "isPriceAvailable": true,
    "inPromo": false,
    "gtin": [
      "05400141502527"
    ],
    "topCategoryName": "Colruyt-beenhouwerij",
    "topCategoryId": "33",
    "businessDomain": "RETAIL_BE",
    "IsPrivateLabel": false,
    "IsBiffe": false,
    "WeightconversionFactor": "0",
    "IsWeightArticle": false,
    "IsBio": false,
    "CountryOfOrigin": "BELGIË",
    "IsExclusivelySoldInLuxembourg": false,
    "OrderUnit": "P",
    "ShortName": "BH QUICH ZALM BROC 375G",
    "InSeason": true,
    "IsNew": false,
    "RecentQuanityOfStockUnits": "1",
    "LongName": "quiche zalm broccoli 375g",
    "StartSeasonDate": "03/07/2023",
    "FicCode": "E"
  },
  {
    "productId": "155733",
    "technicalArticleNumber": "3277063",
    "commercialArticleNumber": "10380",
    "name": "Gemarineerde Lamsmanchette",
    "description": "*Marinade op basis\nvan Knoflook,ui,\nBieslook,dille,\npeterselie,dragon,\nen rozemarijn",
    "thumbNail": "https://static.colruytgroup.com/images/200x200/std.lang.all/48/09/asset-1764809.jpg",
    "fullImage": "https://static.colruytgroup.com/images/500x500/std.lang.all/48/09/asset-1764809.jpg",
    "squareImage": "https://static.colruytgroup.com/images/500x500sq/std.lang.all/48/09/asset-1764809.jpg",
    "content": "±300g",
    "walkRouteSequenceNumber": 19272,
    "price": {
      "basicPrice": 43.9,
      "recommendedQuantity": "0.2",
      "unit": "K",
      "measurementUnitPrice": 43.9,
      "measurementUnit": "K",
      "isRedPrice": false,
      "pricePerUOM": 43.9,
      "activationDate": "19-12-2023",
      "isPromoActive": "N",
      "priceChangeCode": "H"
    },
    "isAvailable": true,
    "isPriceAvailable": true,
    "inPromo": false,
    "topCategoryName": "Colruyt-beenhouwerij",
    "topCategoryId": "33",
    "businessDomain": "RETAIL_BE",
    "IsPrivateLabel": false,
    "IsBiffe": false,
    "WeightconversionFactor": "300",
    "IsWeightArticle": true,
    "nutriscoreLabel": "D",
    "IsBio": false,
    "CountryOfOrigin": "BELGIË",
    "IsExclusivelySoldInLuxembourg": false,
    "OrderUnit": "P",
    "ShortName": "GEM.LAMSMANCHET.+-300G",
    "IsNew": false,
    "EcoscoreLabel": "E",
    "RecentQuanityOfStockUnits": "1",
    "LongName": "Gemarineerde Lamsmanchette ±300g",
    "AlcoholVolume": "0",
    "FicCode": "I",
    "EcoscoreValue": "0"
  },
  {
    "productId": "780916",
    "technicalArticleNumber": "4577013",
    "commercialArticleNumber": "28799",
    "name": "Grillworst",
    "description": "*Gekruide\nvoorgegaarde\nvarkensworst",
    "thumbNail": "https://static.colruytgroup.com/images/200x200/std.lang.all/39/13/asset-2833913.jpg",
    "fullImage": "https://static.colruytgroup.com/images/500x500/std.lang.all/39/13/asset-2833913.jpg",
    "squareImage": "https://static.colruytgroup.com/images/500x500sq/std.lang.all/39/13/asset-2833913.jpg",
    "content": "±340g",
    "walkRouteSequenceNumber": 18986,
    "price": {
      "basicPrice": 12.45,
      "recommendedQuantity": "1.0",
      "unit": "K",
      "measurementUnitPrice": 12.45,
      "measurementUnit": "K",
      "isRedPrice": false,
      "pricePerUOM": 12.45,
      "activationDate": "23-03-2024",
      "recordSource": "Offline",
      "isPromoActive": "N",
      "priceChangeCode": "L"
    },
    "isAvailable": true,
    "isPriceAvailable": true,
    "inPromo": false,
    "gtin": [
      "95400141478337",
      "05400141478334"
    ],
    "topCategoryName": "Colruyt-beenhouwerij",
    "topCategoryId": "33",
    "businessDomain": "RETAIL_BE",
    "IsPrivateLabel": false,
    "IsBiffe": false,
    "WeightconversionFactor": "350",
    "IsWeightArticle": true,
    "IsBio": false,
    "CountryOfOrigin": "BELGIË",
    "IsExclusivelySoldInLuxembourg": false,
    "OrderUnit": "Kg",
    "ShortName": "BH GRILLWORST +-340GW",
    "InSeason": true,
    "IsNew": false,
    "RecentQuanityOfStockUnits": "1",
    "LongName": "Grillworst ±340g",
    "StartSeasonDate": "14/03/2024",
    "FicCode": "I"
  },
  {
    "productId": "859642",
    "technicalArticleNumber": "4709082",
    "commercialArticleNumber": "31706",
    "name": "Brazadeschotel",
    "description": "*Rund\nVarken\nKalkoen",
    "thumbNail": "https://static.colruytgroup.com/images/200x200/std.lang.all/71/01/asset-3177101.jpg",
    "fullImage": "https://static.colruytgroup.com/images/500x500/std.lang.all/71/01/asset-3177101.jpg",
    "squareImage": "https://static.colruytgroup.com/images/500x500sq/std.lang.all/71/01/asset-3177101.jpg",
    "content": "±480g",
    "walkRouteSequenceNumber": 18895,
    "price": {
      "basicPrice": 16.98,
      "recommendedQuantity": "1.0",
      "unit": "K",
      "measurementUnitPrice": 16.98,
      "measurementUnit": "K",
      "isRedPrice": false,
      "pricePerUOM": 16.98,
      "activationDate": "01-03-2024",
      "isPromoActive": "N",
      "priceChangeCode": "H"
    },
    "isAvailable": true,
    "isPriceAvailable": true,
    "inPromo": false,
    "topCategoryName": "Colruyt-beenhouwerij",
    "topCategoryId": "33",
    "businessDomain": "RETAIL_BE",
    "IsPrivateLabel": false,
    "IsBiffe": false,
    "WeightconversionFactor": "480",
    "IsWeightArticle": true,
    "nutriscoreLabel": "C",
    "IsBio": false,
    "CountryOfOrigin": "BELGIË",
    "IsExclusivelySoldInLuxembourg": false,
    "OrderUnit": "P",
    "ShortName": "BRAZADESCHOTEL +-480GW",
    "IsNew": false,
    "EcoscoreLabel": "E",
    "RecentQuanityOfStockUnits": "1",
    "LongName": "Brazadeschotel ±480g",
    "FicCode": "I",
    "EcoscoreValue": "11"
  },
  {
    "productId": "108536",
    "technicalArticleNumber": "3126276",
    "commercialArticleNumber": "27283",
    "name": "lomo duroc",
    "description": "*Gedroogde varkens-\nmedaillon met look\nen kruiden.\n*Origine:Spanje",
    "brand": "COLRUYT",
    "seoBrand": "Colruyt",
    "thumbNail": "https://static.colruytgroup.com/images/200x200/std.lang.all/14/18/asset-1521418.jpg",
    "fullImage": "https://static.colruytgroup.com/images/500x500/std.lang.all/14/18/asset-1521418.jpg",
    "squareImage": "https://static.colruytgroup.com/images/500x500sq/std.lang.all/14/18/asset-1521418.jpg",
    "content": "±400g",
    "walkRouteSequenceNumber": 6761,
    "price": {
      "basicPrice": 27.8,
      "recommendedQuantity": "1.0",
      "unit": "K",
      "measurementUnitPrice": 27.8,
      "measurementUnit": "K",
      "isRedPrice": false,
      "pricePerUOM": 27.8,
      "activationDate": "21-02-2024",
      "isPromoActive": "N",
      "priceChangeCode": "E"
    },
    "isAvailable": true,
    "isPriceAvailable": true,
    "inPromo": false,
    "gtin": [
      "05400141323122",
      "05400141323979",
      "95400141013347"
    ],
    "topCategoryName": "Colruyt-beenhouwerij",
    "topCategoryId": "33",
    "businessDomain": "RETAIL_BE",
    "IsPrivateLabel": true,
    "IsBiffe": false,
    "WeightconversionFactor": "400",
    "IsWeightArticle": true,
    "nutriscoreLabel": "E",
    "IsBio": false,
    "CountryOfOrigin": "SPANJE",
    "IsExclusivelySoldInLuxembourg": false,
    "OrderUnit": "Kg",
    "ShortName": "BH LOMO DUROC12X400GRW",
    "InSeason": true,
    "IsNew": false,
    "EcoscoreLabel": "E",
    "RecentQuanityOfStockUnits": "1",
    "LongName": "COLRUYT lomo duroc ±400g",
    "AlcoholVolume": "0",
    "StartSeasonDate": "15/02/2024",
    "FicCode": "I",
    "EcoscoreValue": "0"
  },
  {
    "productId": "859644",
    "technicalArticleNumber": "4709127",
    "commercialArticleNumber": "31715",
    "name": "Hamrol groentenmacedoine",
    "description": "*Koude schotel\nklaar om te\nconsumeren",
    "thumbNail": "https://static.colruytgroup.com/images/200x200/std.lang.all/64/18/asset-3156418.jpg",
    "fullImage": "https://static.colruytgroup.com/images/500x500/std.lang.all/64/18/asset-3156418.jpg",
    "squareImage": "https://static.colruytgroup.com/images/500x500sq/std.lang.all/64/18/asset-3156418.jpg",
    "content": "±575g",
    "walkRouteSequenceNumber": 18896,
    "price": {
      "basicPrice": 11.49,
      "recommendedQuantity": "1.0",
      "unit": "K",
      "measurementUnitPrice": 11.49,
      "measurementUnit": "K",
      "isRedPrice": false,
      "pricePerUOM": 11.49,
      "activationDate": "16-06-2023",
      "isPromoActive": "N",
      "priceChangeCode": "E"
    },
    "isAvailable": true,
    "isPriceAvailable": true,
    "inPromo": false,
    "topCategoryName": "Colruyt-beenhouwerij",
    "topCategoryId": "33",
    "businessDomain": "RETAIL_BE",
    "IsPrivateLabel": false,
    "IsBiffe": false,
    "WeightconversionFactor": "100",
    "IsWeightArticle": true,
    "nutriscoreLabel": "C",
    "IsBio": false,
    "CountryOfOrigin": "BELGIË",
    "IsExclusivelySoldInLuxembourg": false,
    "OrderUnit": "Kg",
    "ShortName": "HAMROL.GROE.MACE+-575GW",
    "IsNew": false,
    "EcoscoreLabel": "D",
    "RecentQuanityOfStockUnits": "1,1",
    "LongName": "Hamrol groentenmacedoine ±575g",
    "FicCode": "I",
    "EcoscoreValue": "28"
  },
  {
    "productId": "56738",
    "technicalArticleNumber": "2389800",
    "commercialArticleNumber": "32463",
    "name": "provencaalse saus",
    "thumbNail": "https://static.colruytgroup.com/images/200x200/std.lang.all/45/85/asset-394585.jpg",
    "fullImage": "https://static.colruytgroup.com/images/500x500/std.lang.all/45/85/asset-394585.jpg",
    "squareImage": "https://static.colruytgroup.com/images/500x500sq/std.lang.all/45/85/asset-394585.jpg",
    "content": "500g",
    "walkRouteSequenceNumber": 6689,
    "price": {
      "basicPrice": 5.45,
      "recommendedQuantity": "1.0",
      "measurementUnitPrice": 10.9,
      "measurementUnit": "K",
      "isRedPrice": false,
      "pricePerUOM": 10.9,
      "activationDate": "01-03-2024",
      "isPromoActive": "N",
      "priceChangeCode": "H"
    },
    "isAvailable": true,
    "isPriceAvailable": true,
    "inPromo": false,
    "gtin": [
      "15400141855026",
      "05400141624632",
      "15400141035831"
    ],
    "topCategoryName": "Colruyt-beenhouwerij",
    "topCategoryId": "33",
    "businessDomain": "RETAIL_BE",
    "IsPrivateLabel": false,
    "IsBiffe": false,
    "WeightconversionFactor": "0",
    "IsWeightArticle": false,
    "IsBio": false,
    "CountryOfOrigin": "BELGIË",
    "IsExclusivelySoldInLuxembourg": false,
    "OrderUnit": "P",
    "ShortName": "BH PROVENCAALSE SAUS500",
    "InSeason": true,
    "IsNew": false,
    "RecentQuanityOfStockUnits": "1",
    "LongName": "provencaalse saus 500g",
    "AlcoholVolume": "0",
    "StartSeasonDate": "13/02/2024",
    "FicCode": "I"
  },
  {
    "productId": "207109",
    "technicalArticleNumber": "3510142",
    "commercialArticleNumber": "15939",
    "name": "barbecueburger colli varken 3-4p",
    "thumbNail": "https://static.colruytgroup.com/images/200x200/std.lang.all/82/02/asset-918202.jpg",
    "fullImage": "https://static.colruytgroup.com/images/500x500/std.lang.all/82/02/asset-918202.jpg",
    "squareImage": "https://static.colruytgroup.com/images/500x500sq/std.lang.all/82/02/asset-918202.jpg",
    "walkRouteSequenceNumber": 19580,
    "price": {
      "basicPrice": 11,
      "recommendedQuantity": "1.0",
      "measurementUnitPrice": 8.95,
      "measurementUnit": "K",
      "isRedPrice": false,
      "pricePerUOM": 8.95,
      "activationDate": "01-03-2024",
      "isPromoActive": "N",
      "priceChangeCode": "H"
    },
    "isAvailable": true,
    "isPriceAvailable": true,
    "inPromo": false,
    "topCategoryName": "Colruyt-beenhouwerij",
    "topCategoryId": "33",
    "businessDomain": "RETAIL_BE",
    "IsPrivateLabel": false,
    "IsBiffe": false,
    "WeightconversionFactor": "0",
    "IsWeightArticle": false,
    "nutriscoreLabel": "D",
    "IsBio": false,
    "CountryOfOrigin": "BELGIË",
    "IsExclusivelySoldInLuxembourg": false,
    "OrderUnit": "P",
    "ShortName": "BBQ BURGER COLLI",
    "IsNew": false,
    "EcoscoreLabel": "D",
    "RecentQuanityOfStockUnits": "1",
    "LongName": "barbecueburger colli varken 3-4p",
    "AlcoholVolume": "0",
    "FicCode": "I",
    "EcoscoreValue": "24"
  },
  {
    "productId": "52280",
    "technicalArticleNumber": "2356063",
    "commercialArticleNumber": "26798",
    "name": "balletjesbrochette",
    "description": "*Voorgegaard en\ngekruide gehakt-\nballetjes\n*±120g stuk\n*Bak ±4min",
    "thumbNail": "https://static.colruytgroup.com/images/200x200/std.lang.all/55/63/asset-1515563.jpg",
    "fullImage": "https://static.colruytgroup.com/images/500x500/std.lang.all/55/63/asset-1515563.jpg",
    "squareImage": "https://static.colruytgroup.com/images/500x500sq/std.lang.all/55/63/asset-1515563.jpg",
    "walkRouteSequenceNumber": 19665,
    "price": {
      "basicPrice": 16.99,
      "recommendedQuantity": "0.1",
      "unit": "K",
      "measurementUnitPrice": 16.99,
      "measurementUnit": "K",
      "isRedPrice": false,
      "pricePerUOM": 16.99,
      "activationDate": "01-03-2024",
      "isPromoActive": "N",
      "priceChangeCode": "H"
    },
    "isAvailable": true,
    "isPriceAvailable": true,
    "inPromo": false,
    "topCategoryName": "Colruyt-beenhouwerij",
    "topCategoryId": "33",
    "businessDomain": "RETAIL_BE",
    "IsPrivateLabel": false,
    "IsBiffe": false,
    "WeightconversionFactor": "150",
    "IsWeightArticle": true,
    "nutriscoreLabel": "D",
    "IsBio": false,
    "CountryOfOrigin": "BELGIË",
    "IsExclusivelySoldInLuxembourg": false,
    "OrderUnit": "P",
    "ShortName": "BALLETJESBROCHETTE W",
    "IsNew": false,
    "EcoscoreLabel": "E",
    "RecentQuanityOfStockUnits": "1",
    "LongName": "balletjesbrochette",
    "AlcoholVolume": "0",
    "FicCode": "I",
    "EcoscoreValue": "0"
  },
  {
    "productId": "187783",
    "technicalArticleNumber": "3449249",
    "commercialArticleNumber": "11777",
    "name": "Welzijn.Kippenbrochette natuur",
    "description": "*100% kipfilet\n*±150g stuk\n*Bak tot in de kern",
    "thumbNail": "https://static.colruytgroup.com/images/200x200/std.lang.all/73/34/asset-827334.jpg",
    "fullImage": "https://static.colruytgroup.com/images/500x500/std.lang.all/73/34/asset-827334.jpg",
    "squareImage": "https://static.colruytgroup.com/images/500x500sq/std.lang.all/73/34/asset-827334.jpg",
    "walkRouteSequenceNumber": 19462,
    "price": {
      "basicPrice": 17.23,
      "recommendedQuantity": "0.8",
      "unit": "K",
      "measurementUnitPrice": 17.23,
      "measurementUnit": "K",
      "isRedPrice": false,
      "pricePerUOM": 17.23,
      "activationDate": "01-03-2024",
      "isPromoActive": "N",
      "priceChangeCode": "H"
    },
    "isAvailable": true,
    "isPriceAvailable": true,
    "inPromo": false,
    "topCategoryName": "Colruyt-beenhouwerij",
    "topCategoryId": "33",
    "businessDomain": "RETAIL_BE",
    "IsPrivateLabel": false,
    "IsBiffe": false,
    "WeightconversionFactor": "150",
    "IsWeightArticle": true,
    "nutriscoreLabel": "A",
    "IsBio": false,
    "IsExclusivelySoldInLuxembourg": false,
    "OrderUnit": "P",
    "ShortName": "WELZIJN.KIPBROCH.NAT.W",
    "IsNew": false,
    "RecentQuanityOfStockUnits": "1",
    "LongName": "Welzijn.Kippenbrochette natuur",
    "AlcoholVolume": "0",
    "FicCode": "I"
  },
  {
    "productId": "874294",
    "technicalArticleNumber": "4729288",
    "commercialArticleNumber": "32100",
    "name": "Welz.kipvleug.smaak rozemar",
    "description": "*rozemarijn smaak\n*Voorverwarmde oven\n180° ±20Min -BBQ 20'\nà 25' indirect vuur\n*Bak tot in de kern",
    "thumbNail": "https://static.colruytgroup.com/images/200x200/std.lang.all/55/30/asset-3275530.jpg",
    "fullImage": "https://static.colruytgroup.com/images/500x500/std.lang.all/55/30/asset-3275530.jpg",
    "squareImage": "https://static.colruytgroup.com/images/500x500sq/std.lang.all/55/30/asset-3275530.jpg",
    "content": "±500g",
    "walkRouteSequenceNumber": 18855,
    "price": {
      "basicPrice": 9.99,
      "recommendedQuantity": "1.0",
      "unit": "K",
      "measurementUnitPrice": 9.99,
      "measurementUnit": "K",
      "isRedPrice": false,
      "pricePerUOM": 9.99,
      "activationDate": "21-02-2024",
      "isPromoActive": "N",
      "priceChangeCode": "E"
    },
    "isAvailable": true,
    "isPriceAvailable": true,
    "inPromo": false,
    "gtin": [
      "05400141754513",
      "95400141754516"
    ],
    "topCategoryName": "Colruyt-beenhouwerij",
    "topCategoryId": "33",
    "businessDomain": "RETAIL_BE",
    "IsPrivateLabel": false,
    "IsBiffe": false,
    "WeightconversionFactor": "500",
    "IsWeightArticle": true,
    "nutriscoreLabel": "D",
    "IsBio": false,
    "CountryOfOrigin": "BELGIË",
    "IsExclusivelySoldInLuxembourg": false,
    "OrderUnit": "Kg",
    "ShortName": "BH WEL.K.VL.ROZ+-500GW",
    "InSeason": true,
    "IsNew": false,
    "EcoscoreLabel": "E",
    "RecentQuanityOfStockUnits": "1,1",
    "LongName": "Welz.kipvleug.smaak rozemar ±500g",
    "AlcoholVolume": "0",
    "StartSeasonDate": "13/02/2024",
    "FicCode": "I",
    "EcoscoreValue": "15"
  },
  {
    "productId": "66888",
    "technicalArticleNumber": "2772828",
    "commercialArticleNumber": "11234",
    "name": "barbecuecolli",
    "description": "*Voor 6 personen\n*6 x Boerenworst\n*6 x Gemar kippilon-\n*6 x Varkensbrazade\n*±400g per persoon",
    "thumbNail": "https://static.colruytgroup.com/images/200x200/std.lang.all/51/35/asset-1435135.jpg",
    "fullImage": "https://static.colruytgroup.com/images/500x500/std.lang.all/51/35/asset-1435135.jpg",
    "squareImage": "https://static.colruytgroup.com/images/500x500sq/std.lang.all/51/35/asset-1435135.jpg",
    "content": "6 personen",
    "walkRouteSequenceNumber": 19386,
    "price": {
      "basicPrice": 15,
      "recommendedQuantity": "1.0",
      "measurementUnitPrice": 7.36,
      "measurementUnit": "K",
      "isRedPrice": false,
      "pricePerUOM": 7.36,
      "activationDate": "14-11-2022",
      "isPromoActive": "N",
      "priceChangeCode": "E"
    },
    "isAvailable": true,
    "isPriceAvailable": true,
    "inPromo": false,
    "topCategoryName": "Colruyt-beenhouwerij",
    "topCategoryId": "33",
    "businessDomain": "RETAIL_BE",
    "IsPrivateLabel": true,
    "IsBiffe": false,
    "WeightconversionFactor": "0",
    "IsWeightArticle": false,
    "nutriscoreLabel": "D",
    "IsBio": false,
    "IsExclusivelySoldInLuxembourg": false,
    "OrderUnit": "P",
    "ShortName": "BBQ COLLI 6P",
    "IsNew": false,
    "RecentQuanityOfStockUnits": "1",
    "LongName": "barbecuecolli 6 personen",
    "AlcoholVolume": "0",
    "FicCode": "I"
  },
  {
    "productId": "13508",
    "technicalArticleNumber": "1578215",
    "commercialArticleNumber": "11382",
    "name": "lamsbrazade",
    "description": "*Marinade op basis\nvan oregano en thym\n*±70g stuk\n*Rosé bakken",
    "thumbNail": "https://static.colruytgroup.com/images/200x200/std.lang.all/06/43/asset-350643.jpg",
    "fullImage": "https://static.colruytgroup.com/images/500x500/std.lang.all/06/43/asset-350643.jpg",
    "squareImage": "https://static.colruytgroup.com/images/500x500sq/std.lang.all/06/43/asset-350643.jpg",
    "walkRouteSequenceNumber": 19403,
    "price": {
      "basicPrice": 32.99,
      "recommendedQuantity": "0.5",
      "unit": "K",
      "measurementUnitPrice": 32.99,
      "measurementUnit": "K",
      "isRedPrice": false,
      "pricePerUOM": 32.99,
      "activationDate": "01-03-2024",
      "isPromoActive": "N",
      "priceChangeCode": "H"
    },
    "isAvailable": true,
    "isPriceAvailable": true,
    "inPromo": false,
    "topCategoryName": "Colruyt-beenhouwerij",
    "topCategoryId": "33",
    "businessDomain": "RETAIL_BE",
    "IsPrivateLabel": true,
    "IsBiffe": false,
    "WeightconversionFactor": "100",
    "IsWeightArticle": true,
    "nutriscoreLabel": "C",
    "IsBio": false,
    "IsExclusivelySoldInLuxembourg": false,
    "OrderUnit": "P",
    "ShortName": "LAMSBRAZADE           W",
    "IsNew": false,
    "RecentQuanityOfStockUnits": "1",
    "LongName": "lamsbrazade",
    "AlcoholVolume": "0",
    "FicCode": "I"
  },
  {
    "productId": "230475",
    "technicalArticleNumber": "3579235",
    "commercialArticleNumber": "16714",
    "name": "kipfilet met asperges",
    "description": "*Val Dieu Gevogelte\n*Belgie\n*Ambachtelijk\ngebakken in de oven",
    "brand": "COLRUYT",
    "seoBrand": "Colruyt",
    "thumbNail": "https://static.colruytgroup.com/images/200x200/std.lang.all/01/93/asset-2930193.jpg",
    "fullImage": "https://static.colruytgroup.com/images/500x500/std.lang.all/01/93/asset-2930193.jpg",
    "squareImage": "https://static.colruytgroup.com/images/500x500sq/std.lang.all/01/93/asset-2930193.jpg",
    "content": "160g",
    "walkRouteSequenceNumber": 8014,
    "price": {
      "basicPrice": 4.14,
      "recommendedQuantity": "1.0",
      "measurementUnitPrice": 25.88,
      "measurementUnit": "K",
      "isRedPrice": false,
      "pricePerUOM": 25.88,
      "activationDate": "21-02-2024",
      "isPromoActive": "N",
      "priceChangeCode": "E"
    },
    "isAvailable": true,
    "isPriceAvailable": true,
    "inPromo": false,
    "gtin": [
      "05400141070392",
      "05400141392289",
      "05400141540413"
    ],
    "topCategoryName": "Colruyt-beenhouwerij",
    "topCategoryId": "33",
    "businessDomain": "RETAIL_BE",
    "IsPrivateLabel": true,
    "IsBiffe": false,
    "WeightconversionFactor": "0",
    "IsWeightArticle": false,
    "nutriscoreLabel": "D",
    "IsBio": false,
    "CountryOfOrigin": "BELGIË",
    "IsExclusivelySoldInLuxembourg": false,
    "OrderUnit": "P",
    "ShortName": "ZBH KIPFIL.ASPERG. 160G",
    "InSeason": true,
    "IsNew": false,
    "EcoscoreLabel": "D",
    "RecentQuanityOfStockUnits": "1",
    "LongName": "COLRUYT kipfilet met asperges 160g",
    "AlcoholVolume": "0",
    "StartSeasonDate": "15/02/2024",
    "FicCode": "I",
    "EcoscoreValue": "26"
  },
  {
    "productId": "8341",
    "technicalArticleNumber": "1159205",
    "commercialArticleNumber": "10123",
    "name": "BBQ Schotel 1",
    "description": "*Per persoon ±400g\n1x1/2 Country steak\n1x Kippilon gemarin\n1x1/2 Ribbetje gemar\n1x1/2 BBQ worst",
    "thumbNail": "https://static.colruytgroup.com/images/200x200/std.lang.all/53/37/asset-1445337.jpg",
    "fullImage": "https://static.colruytgroup.com/images/500x500/std.lang.all/53/37/asset-1445337.jpg",
    "squareImage": "https://static.colruytgroup.com/images/500x500sq/std.lang.all/53/37/asset-1445337.jpg",
    "content": "4p",
    "walkRouteSequenceNumber": 19194,
    "price": {
      "basicPrice": 10.7,
      "recommendedQuantity": "2.2",
      "unit": "K",
      "measurementUnitPrice": 10.7,
      "measurementUnit": "K",
      "isRedPrice": false,
      "pricePerUOM": 10.7,
      "activationDate": "01-03-2024",
      "isPromoActive": "N",
      "priceChangeCode": "H"
    },
    "isAvailable": true,
    "isPriceAvailable": true,
    "inPromo": false,
    "topCategoryName": "Colruyt-beenhouwerij",
    "topCategoryId": "33",
    "businessDomain": "RETAIL_BE",
    "IsPrivateLabel": true,
    "IsBiffe": false,
    "WeightconversionFactor": "1600",
    "IsWeightArticle": true,
    "nutriscoreLabel": "C",
    "IsBio": false,
    "CountryOfOrigin": "BELGIË",
    "IsExclusivelySoldInLuxembourg": false,
    "OrderUnit": "P",
    "ShortName": "BBQ SCHOTEL 1         W",
    "IsNew": false,
    "RecentQuanityOfStockUnits": "1",
    "LongName": "BBQ Schotel 1 4p",
    "AlcoholVolume": "0",
    "FicCode": "I"
  },
  {
    "productId": "107712",
    "technicalArticleNumber": "3109143",
    "commercialArticleNumber": "11449",
    "name": "porchetta sneden",
    "description": "*Varkensvlees traag\ngegaard met typische\nItaliaanse kruiden\n*±450g",
    "thumbNail": "https://static.colruytgroup.com/images/200x200/std.lang.all/44/82/asset-2804482.jpg",
    "fullImage": "https://static.colruytgroup.com/images/500x500/std.lang.all/44/82/asset-2804482.jpg",
    "squareImage": "https://static.colruytgroup.com/images/500x500sq/std.lang.all/44/82/asset-2804482.jpg",
    "walkRouteSequenceNumber": 19417,
    "price": {
      "basicPrice": 24.95,
      "recommendedQuantity": "0.5",
      "unit": "K",
      "measurementUnitPrice": 24.95,
      "measurementUnit": "K",
      "isRedPrice": false,
      "pricePerUOM": 24.95,
      "activationDate": "13-03-2024",
      "isPromoActive": "N",
      "priceChangeCode": "L"
    },
    "isAvailable": true,
    "isPriceAvailable": true,
    "inPromo": false,
    "topCategoryName": "Colruyt-beenhouwerij",
    "topCategoryId": "33",
    "businessDomain": "RETAIL_BE",
    "IsPrivateLabel": true,
    "IsBiffe": false,
    "WeightconversionFactor": "450",
    "IsWeightArticle": true,
    "nutriscoreLabel": "D",
    "IsBio": false,
    "IsExclusivelySoldInLuxembourg": false,
    "OrderUnit": "P",
    "ShortName": "PORCHETTA SNEDEN      W",
    "IsNew": false,
    "RecentQuanityOfStockUnits": "1",
    "LongName": "porchetta sneden",
    "AlcoholVolume": "0",
    "FicCode": "I"
  },
  {
    "productId": "781169",
    "technicalArticleNumber": "4577673",
    "commercialArticleNumber": "28855",
    "name": "BBQ Schotel 2",
    "description": "*Schotel voor 4Pers\n* +- 400gr per pers\n*1 Kalkoenbrochette\n*1 Snede Gemar.Spek\n*1 Bbqburger",
    "thumbNail": "https://static.colruytgroup.com/images/200x200/std.lang.all/31/51/asset-2763151.jpg",
    "fullImage": "https://static.colruytgroup.com/images/500x500/std.lang.all/31/51/asset-2763151.jpg",
    "squareImage": "https://static.colruytgroup.com/images/500x500sq/std.lang.all/31/51/asset-2763151.jpg",
    "walkRouteSequenceNumber": 18977,
    "price": {
      "basicPrice": 10.2,
      "recommendedQuantity": "1.0",
      "unit": "K",
      "measurementUnitPrice": 10.2,
      "measurementUnit": "K",
      "isRedPrice": false,
      "pricePerUOM": 10.2,
      "activationDate": "01-03-2024",
      "isPromoActive": "N",
      "priceChangeCode": "H"
    },
    "isAvailable": true,
    "isPriceAvailable": true,
    "inPromo": false,
    "topCategoryName": "Colruyt-beenhouwerij",
    "topCategoryId": "33",
    "businessDomain": "RETAIL_BE",
    "IsPrivateLabel": false,
    "IsBiffe": false,
    "WeightconversionFactor": "1600",
    "IsWeightArticle": true,
    "nutriscoreLabel": "D",
    "IsBio": false,
    "CountryOfOrigin": "BELGIË",
    "IsExclusivelySoldInLuxembourg": false,
    "OrderUnit": "P",
    "ShortName": "BBQ SCHOTEL 2 W",
    "IsNew": false,
    "EcoscoreLabel": "E",
    "RecentQuanityOfStockUnits": "1",
    "LongName": "BBQ Schotel 2",
    "FicCode": "I",
    "EcoscoreValue": "0"
  },
  {
    "productId": "866489",
    "technicalArticleNumber": "4719111",
    "commercialArticleNumber": "8957",
    "name": "Gevogeltegyrosreepjes",
    "thumbNail": "https://ecgproductmw.colruytgroup.com/ecgproductmw/noPicForArticle_2.jpg",
    "fullImage": "https://ecgproductmw.colruytgroup.com/ecgproductmw/noPicForArticle_5.jpg",
    "squareImage": "https://ecgproductmw.colruytgroup.com/ecgproductmw/noPicForArticle_5.jpg",
    "content": "±1,6kg",
    "walkRouteSequenceNumber": 18881,
    "price": {
      "basicPrice": 10.8,
      "recommendedQuantity": "1.0",
      "unit": "K",
      "measurementUnitPrice": 10.8,
      "measurementUnit": "K",
      "isRedPrice": false,
      "pricePerUOM": 10.8,
      "activationDate": "23-03-2024",
      "recordSource": "Offline",
      "isPromoActive": "N",
      "priceChangeCode": "L"
    },
    "isAvailable": true,
    "isPriceAvailable": true,
    "inPromo": false,
    "gtin": [
      "95400141659644",
      "05400141620627",
      "95400141634702",
      "05400141634709"
    ],
    "topCategoryName": "Colruyt-beenhouwerij",
    "topCategoryId": "33",
    "businessDomain": "RETAIL_BE",
    "IsPrivateLabel": false,
    "IsBiffe": false,
    "WeightconversionFactor": "1600",
    "IsWeightArticle": true,
    "IsBio": false,
    "CountryOfOrigin": "BELGIË",
    "IsExclusivelySoldInLuxembourg": false,
    "OrderUnit": "Kg",
    "ShortName": "BH GEV.GYR.REEP.1.6K W",
    "IsNew": false,
    "EcoscoreLabel": "E",
    "RecentQuanityOfStockUnits": "1",
    "LongName": "Gevogeltegyrosreepjes ±1,6kg",
    "FicCode": "I",
    "EcoscoreValue": "6"
  },
  {
    "productId": "18908",
    "technicalArticleNumber": "1772266",
    "commercialArticleNumber": "12125",
    "name": "speenvarken",
    "description": "*Speenvarken",
    "thumbNail": "https://ecgproductmw.colruytgroup.com/ecgproductmw/noPicForArticle_2.jpg",
    "fullImage": "https://ecgproductmw.colruytgroup.com/ecgproductmw/noPicForArticle_5.jpg",
    "squareImage": "https://ecgproductmw.colruytgroup.com/ecgproductmw/noPicForArticle_5.jpg",
    "walkRouteSequenceNumber": 19479,
    "price": {
      "basicPrice": 16.99,
      "recommendedQuantity": "1.0",
      "unit": "K",
      "measurementUnitPrice": 16.99,
      "measurementUnit": "K",
      "isRedPrice": false,
      "pricePerUOM": 16.99,
      "activationDate": "12-06-2023",
      "isPromoActive": "N",
      "priceChangeCode": "H"
    },
    "isAvailable": true,
    "isPriceAvailable": true,
    "inPromo": false,
    "topCategoryName": "Colruyt-beenhouwerij",
    "topCategoryId": "33",
    "businessDomain": "RETAIL_BE",
    "IsPrivateLabel": false,
    "IsBiffe": false,
    "WeightconversionFactor": "100",
    "IsWeightArticle": true,
    "IsBio": false,
    "CountryOfOrigin": "BELGIË",
    "IsExclusivelySoldInLuxembourg": false,
    "OrderUnit": "Kg",
    "ShortName": "MELKVARKEN W",
    "IsNew": false,
    "EcoscoreLabel": "E",
    "RecentQuanityOfStockUnits": "1",
    "LongName": "speenvarken",
    "AlcoholVolume": "0",
    "FicCode": "I",
    "EcoscoreValue": "0"
  },
  {
    "productId": "590088",
    "technicalArticleNumber": "4248253",
    "commercialArticleNumber": "27084",
    "name": "porchetta bbq kruiden",
    "brand": "BONI",
    "seoBrand": "Boni Selection",
    "thumbNail": "https://static.colruytgroup.com/images/200x200/std.lang.all/78/88/asset-2107888.jpg",
    "fullImage": "https://static.colruytgroup.com/images/500x500/std.lang.all/78/88/asset-2107888.jpg",
    "squareImage": "https://static.colruytgroup.com/images/500x500sq/std.lang.all/78/88/asset-2107888.jpg",
    "content": "150g",
    "walkRouteSequenceNumber": 7890,
    "price": {
      "basicPrice": 2.75,
      "recommendedQuantity": "1.0",
      "measurementUnitPrice": 18.34,
      "measurementUnit": "K",
      "isRedPrice": false,
      "pricePerUOM": 18.34,
      "activationDate": "17-11-2023",
      "isPromoActive": "N",
      "priceChangeCode": "H"
    },
    "isAvailable": true,
    "isPriceAvailable": true,
    "inPromo": false,
    "gtin": [
      "05400141477092",
      "05400141375305"
    ],
    "topCategoryName": "Colruyt-beenhouwerij",
    "topCategoryId": "33",
    "businessDomain": "RETAIL_BE",
    "IsPrivateLabel": true,
    "IsBiffe": false,
    "WeightconversionFactor": "0",
    "IsWeightArticle": false,
    "nutriscoreLabel": "D",
    "IsBio": false,
    "CountryOfOrigin": "BELGIË",
    "IsExclusivelySoldInLuxembourg": false,
    "OrderUnit": "P",
    "ShortName": "BONI PORCHETTA BBQ 150G",
    "InSeason": true,
    "IsNew": false,
    "EcoscoreLabel": "E",
    "RecentQuanityOfStockUnits": "1",
    "LongName": "BONI porchetta bbq kruiden 150g",
    "AlcoholVolume": "0",
    "StartSeasonDate": "29/01/2024",
    "FicCode": "I",
    "EcoscoreValue": "5"
  },
  {
    "productId": "38647",
    "technicalArticleNumber": "1800678",
    "commercialArticleNumber": "10432",
    "name": "boutsneden speenvarken",
    "description": "*Boutsneden van\nspeenvarken",
    "thumbNail": "https://static.colruytgroup.com/images/200x200/std.lang.all/23/66/asset-1502366.jpg",
    "fullImage": "https://static.colruytgroup.com/images/500x500/std.lang.all/23/66/asset-1502366.jpg",
    "squareImage": "https://static.colruytgroup.com/images/500x500sq/std.lang.all/23/66/asset-1502366.jpg",
    "walkRouteSequenceNumber": 19284,
    "price": {
      "basicPrice": 16.53,
      "recommendedQuantity": "1.0",
      "unit": "K",
      "measurementUnitPrice": 16.53,
      "measurementUnit": "K",
      "isRedPrice": false,
      "pricePerUOM": 16.53,
      "activationDate": "28-04-2022",
      "isPromoActive": "N",
      "priceChangeCode": "E"
    },
    "isAvailable": true,
    "isPriceAvailable": true,
    "inPromo": false,
    "topCategoryName": "Colruyt-beenhouwerij",
    "topCategoryId": "33",
    "businessDomain": "RETAIL_BE",
    "IsPrivateLabel": true,
    "IsBiffe": false,
    "WeightconversionFactor": "100",
    "IsWeightArticle": true,
    "IsBio": false,
    "CountryOfOrigin": "BELGIË",
    "IsExclusivelySoldInLuxembourg": false,
    "OrderUnit": "Kg",
    "ShortName": "BOUTSNEDE SPEENVARKEN W",
    "IsNew": false,
    "RecentQuanityOfStockUnits": "1",
    "LongName": "boutsneden speenvarken",
    "AlcoholVolume": "0",
    "FicCode": "I"
  },
  {
    "productId": "222726",
    "technicalArticleNumber": "3472514",
    "commercialArticleNumber": "12950",
    "name": "BH fakkels",
    "description": "*Dunne sneden\nopgerold spek,\n*Gekruid\n*Ideaal als\naperitief",
    "thumbNail": "https://static.colruytgroup.com/images/200x200/std.lang.all/66/39/asset-336639.jpg",
    "fullImage": "https://static.colruytgroup.com/images/500x500/std.lang.all/66/39/asset-336639.jpg",
    "squareImage": "https://static.colruytgroup.com/images/500x500sq/std.lang.all/66/39/asset-336639.jpg",
    "walkRouteSequenceNumber": 19509,
    "price": {
      "basicPrice": 19.99,
      "recommendedQuantity": "0.3",
      "unit": "K",
      "measurementUnitPrice": 19.99,
      "measurementUnit": "K",
      "isRedPrice": false,
      "pricePerUOM": 19.99,
      "activationDate": "01-03-2024",
      "isPromoActive": "N",
      "priceChangeCode": "H"
    },
    "isAvailable": true,
    "isPriceAvailable": true,
    "inPromo": false,
    "topCategoryName": "Colruyt-beenhouwerij",
    "topCategoryId": "33",
    "businessDomain": "RETAIL_BE",
    "IsPrivateLabel": true,
    "IsBiffe": false,
    "WeightconversionFactor": "51",
    "IsWeightArticle": true,
    "nutriscoreLabel": "E",
    "IsBio": false,
    "IsExclusivelySoldInLuxembourg": false,
    "OrderUnit": "P",
    "ShortName": "BH FAKKELS",
    "IsNew": false,
    "RecentQuanityOfStockUnits": "1",
    "LongName": "BH fakkels",
    "AlcoholVolume": "0",
    "FicCode": "I"
  },
  {
    "productId": "12975",
    "technicalArticleNumber": "1329941",
    "commercialArticleNumber": "27331",
    "name": "balletjes",
    "description": "Gebraden vleesballetjes, Colruyt\nCharter. Ze worden verkocht in\nbepaalde Waalse beenhouwerijen.",
    "thumbNail": "https://static.colruytgroup.com/images/200x200/std.lang.all/11/00/asset-391100.jpg",
    "fullImage": "https://static.colruytgroup.com/images/500x500/std.lang.all/11/00/asset-391100.jpg",
    "squareImage": "https://static.colruytgroup.com/images/500x500sq/std.lang.all/11/00/asset-391100.jpg",
    "content": "12x100g",
    "walkRouteSequenceNumber": 19728,
    "price": {
      "basicPrice": 1.08,
      "recommendedQuantity": "1.0",
      "measurementUnitPrice": 10.8,
      "measurementUnit": "K",
      "isRedPrice": false,
      "pricePerUOM": 10.8,
      "activationDate": "03-03-2022",
      "isPromoActive": "N",
      "priceChangeCode": "E"
    },
    "isAvailable": true,
    "isPriceAvailable": true,
    "inPromo": false,
    "gtin": [
      "05413851413731"
    ],
    "topCategoryName": "Colruyt-beenhouwerij",
    "topCategoryId": "33",
    "businessDomain": "RETAIL_BE",
    "IsPrivateLabel": false,
    "IsBiffe": false,
    "WeightconversionFactor": "0",
    "IsWeightArticle": false,
    "nutriscoreLabel": "D",
    "IsBio": false,
    "CountryOfOrigin": "BELGIË",
    "IsExclusivelySoldInLuxembourg": false,
    "OrderUnit": "P",
    "ShortName": "BH BALLETJES 12X100G",
    "IsNew": false,
    "EcoscoreLabel": "E",
    "RecentQuanityOfStockUnits": "1",
    "LongName": "balletjes 12x100g",
    "AlcoholVolume": "0",
    "FicCode": "I",
    "EcoscoreValue": "0"
  },
  {
    "productId": "38666",
    "technicalArticleNumber": "1801472",
    "commercialArticleNumber": "10476",
    "name": "verse speenvarkensham",
    "description": "*Speenvarkenham",
    "thumbNail": "https://static.colruytgroup.com/images/200x200/std.lang.all/24/40/asset-1502440.jpg",
    "fullImage": "https://static.colruytgroup.com/images/500x500/std.lang.all/24/40/asset-1502440.jpg",
    "squareImage": "https://static.colruytgroup.com/images/500x500sq/std.lang.all/24/40/asset-1502440.jpg",
    "walkRouteSequenceNumber": 19290,
    "price": {
      "basicPrice": 14.89,
      "recommendedQuantity": "1.0",
      "unit": "K",
      "measurementUnitPrice": 14.89,
      "isRedPrice": false,
      "pricePerUOM": 14.89,
      "activationDate": "24-12-2020",
      "isPromoActive": "N",
      "priceChangeCode": "E"
    },
    "isAvailable": true,
    "isPriceAvailable": true,
    "inPromo": false,
    "topCategoryName": "Colruyt-beenhouwerij",
    "topCategoryId": "33",
    "businessDomain": "RETAIL_BE",
    "IsPrivateLabel": true,
    "IsBiffe": false,
    "WeightconversionFactor": "100",
    "IsWeightArticle": true,
    "nutriscoreLabel": "D",
    "IsBio": false,
    "CountryOfOrigin": "BELGIË",
    "IsExclusivelySoldInLuxembourg": false,
    "OrderUnit": "Kg",
    "ShortName": "SPEENVARKENSHAM       W",
    "InSeason": true,
    "IsNew": false,
    "RecentQuanityOfStockUnits": "1",
    "LongName": "verse speenvarkensham",
    "AlcoholVolume": "0",
    "StartSeasonDate": "19/10/2010",
    "FicCode": "I"
  }
]