[
  {
    "productId": "821",
    "technicalArticleNumber": "12872",
    "commercialArticleNumber": "12872",
    "name": "tomatenpuree dubbel geconcentr",
    "description": "*Dubbel\ngeconcentreerde\ntomatenpuree\n*28-30 %\ngeconcentreerd",
    "brand": "BONI",
    "seoBrand": "Boni Selection",
    "thumbNail": "https://static.colruytgroup.com/images/200x200/std.lang.all/85/83/asset-3028583.jpg",
    "fullImage": "https://static.colruytgroup.com/images/500x500/std.lang.all/85/83/asset-3028583.jpg",
    "squareImage": "https://static.colruytgroup.com/images/500x500sq/std.lang.all/85/83/asset-3028583.jpg",
    "content": "70g",
    "walkRouteSequenceNumber": 8455,
    "price": {
      "basicPrice": 0.25,
      "recommendedQuantity": "1.0",
      "measurementUnitPrice": 3.58,
      "measurementUnit": "K",
      "isRedPrice": false,
      "pricePerUOM": 3.58,
      "activationDate": "23-01-2024",
      "recordSource": "Offline",
      "isPromoActive": "N",
      "priceChangeCode": "H"
    },
    "isAvailable": true,
    "isPriceAvailable": true,
    "inPromo": false,
    "gtin": [
      "00000025128727",
      "00000025728729",
      "05400141076769",
      "05400141077537",
      "05400141247817",
      "05400141323634",
      "05400141323641",
      "05400141628722",
      "15400141247814",
      "15400141323648",
      "25400141247811"
    ],
    "topCategoryName": "Conserven",
    "topCategoryId": "188",
    "businessDomain": "RETAIL_BE",
    "IsPrivateLabel": true,
    "IsBiffe": false,
    "WeightconversionFactor": "0",
    "IsWeightArticle": false,
    "nutriscoreLabel": "A",
    "IsBio": false,
    "CountryOfOrigin": "ITALIË",
    "IsExclusivelySoldInLuxembourg": false,
    "OrderUnit": "P",
    "ShortName": "BONI TOMATENP.GECONC.70",
    "IsNew": false,
    "EcoscoreLabel": "B",
    "RecentQuanityOfStockUnits": "1,96,12",
    "LongName": "BONI tomatenpuree dubbel geconcentr 70g",
    "AlcoholVolume": "0",
    "FicCode": "I",
    "EcoscoreValue": "68"
  },
  {
    "productId": "705",
    "technicalArticleNumber": "12801",
    "commercialArticleNumber": "12801",
    "name": "passata gezeefde tomaten brik",
    "description": "*Gezeefde tomaten",
    "brand": "BONI",
    "seoBrand": "Boni Selection",
    "thumbNail": "https://static.colruytgroup.com/images/200x200/nl_be/46/32/asset-3244632.jpg",
    "fullImage": "https://static.colruytgroup.com/images/500x500/nl_be/46/32/asset-3244632.jpg",
    "squareImage": "https://static.colruytgroup.com/images/500x500sq/nl_be/46/32/asset-3244632.jpg",
    "content": "500g",
    "walkRouteSequenceNumber": 8462,
    "price": {
      "basicPrice": 0.75,
      "recommendedQuantity": "1.0",
      "measurementUnitPrice": 1.5,
      "measurementUnit": "K",
      "isRedPrice": false,
      "pricePerUOM": 1.5,
      "activationDate": "05-03-2024",
      "recordSource": "Offline",
      "isPromoActive": "N",
      "priceChangeCode": "E"
    },
    "isAvailable": true,
    "isPriceAvailable": true,
    "inPromo": false,
    "gtin": [
      "05400141128017",
      "05400141166699",
      "05400141228014",
      "05400141250534",
      "05400141328011",
      "05400141358216",
      "15400141250531",
      "15400141358213",
      "15400141839743",
      "05400141839746"
    ],
    "topCategoryName": "Conserven",
    "topCategoryId": "188",
    "businessDomain": "RETAIL_BE",
    "IsPrivateLabel": true,
    "IsBiffe": false,
    "WeightconversionFactor": "0",
    "IsWeightArticle": false,
    "nutriscoreLabel": "A",
    "IsBio": false,
    "CountryOfOrigin": "ITALIË",
    "IsExclusivelySoldInLuxembourg": false,
    "OrderUnit": "P",
    "ShortName": "BONI PASSATA 500G",
    "IsNew": false,
    "EcoscoreLabel": "A",
    "RecentQuanityOfStockUnits": "12,1,1",
    "LongName": "BONI passata gezeefde tomaten brik 500g",
    "AlcoholVolume": "0",
    "FicCode": "I",
    "EcoscoreValue": "100"
  },
  {
    "productId": "14214",
    "technicalArticleNumber": "1606106",
    "commercialArticleNumber": "12837",
    "name": "tomatenstukjes",
    "description": "*Tomatenstukjes",
    "brand": "EVERYDAY",
    "seoBrand": "Everyday",
    "thumbNail": "https://static.colruytgroup.com/images/200x200/nl_be/19/96/asset-681996.jpg",
    "fullImage": "https://static.colruytgroup.com/images/500x500/nl_be/19/96/asset-681996.jpg",
    "squareImage": "https://static.colruytgroup.com/images/500x500sq/nl_be/19/96/asset-681996.jpg",
    "content": "400g",
    "walkRouteSequenceNumber": 8523,
    "price": {
      "basicPrice": 0.625,
      "recommendedQuantity": "6.0",
      "measurementUnitPrice": 1.57,
      "measurementUnit": "K",
      "isRedPrice": false,
      "pricePerUOM": 1.57,
      "activationDate": "19-03-2024",
      "recordSource": "Offline",
      "isPromoActive": "N",
      "priceChangeCode": "H"
    },
    "isAvailable": true,
    "isPriceAvailable": true,
    "inPromo": false,
    "gtin": [
      "05400141174861",
      "05400141128376",
      "15400141844990",
      "15400141065678",
      "05400141928372",
      "05400141712735",
      "05400141333909",
      "05400141086829",
      "05400141065671",
      "05400141019766",
      "25400141065675",
      "15400141907817",
      "15400141086826",
      "25400141844997",
      "05400141168778",
      "05400141844993"
    ],
    "topCategoryName": "Conserven",
    "topCategoryId": "188",
    "businessDomain": "RETAIL_BE",
    "IsPrivateLabel": true,
    "IsBiffe": false,
    "WeightconversionFactor": "0",
    "IsWeightArticle": false,
    "nutriscoreLabel": "A",
    "IsBio": false,
    "CountryOfOrigin": "ITALIË",
    "IsExclusivelySoldInLuxembourg": false,
    "OrderUnit": "P",
    "ShortName": "EVD TOMAATBLOKJES 400G",
    "IsNew": false,
    "EcoscoreLabel": "A",
    "RecentQuanityOfStockUnits": "6,24,1,6,1",
    "LongName": "EVERYDAY tomatenstukjes 400g",
    "AlcoholVolume": "0",
    "FicCode": "I",
    "EcoscoreValue": "90"
  },
  {
    "productId": "606754",
    "technicalArticleNumber": "4277111",
    "commercialArticleNumber": "23133",
    "name": "tonijn in eigen nat MSC",
    "brand": "BONI",
    "seoBrand": "Boni Selection",
    "thumbNail": "https://static.colruytgroup.com/images/200x200/std.lang.all/06/90/asset-2240690.jpg",
    "fullImage": "https://static.colruytgroup.com/images/500x500/std.lang.all/06/90/asset-2240690.jpg",
    "squareImage": "https://static.colruytgroup.com/images/500x500sq/std.lang.all/06/90/asset-2240690.jpg",
    "content": "200g",
    "walkRouteSequenceNumber": 16700,
    "price": {
      "basicPrice": 1.16,
      "recommendedQuantity": "6.0",
      "measurementUnitPrice": 8.29,
      "measurementUnit": "K",
      "isRedPrice": false,
      "pricePerUOM": 8.29,
      "activationDate": "15-03-2024",
      "recordSource": "Offline",
      "isPromoActive": "N",
      "priceChangeCode": "E"
    },
    "isAvailable": true,
    "isPriceAvailable": true,
    "inPromo": false,
    "gtin": [
      "05400141412260",
      "15400141964063",
      "05400141964066",
      "25400141412264",
      "15400141412267",
      "05400141528367",
      "15400141528364",
      "25400141964060"
    ],
    "topCategoryName": "Conserven",
    "topCategoryId": "188",
    "businessDomain": "RETAIL_BE",
    "IsPrivateLabel": true,
    "IsBiffe": false,
    "WeightconversionFactor": "0",
    "IsWeightArticle": false,
    "nutriscoreLabel": "A",
    "IsBio": false,
    "CountryOfOrigin": "FILIPIJNEN",
    "IsExclusivelySoldInLuxembourg": false,
    "OrderUnit": "P",
    "ShortName": "BONI TONIJN NAT.MSC200",
    "IsNew": false,
    "EcoscoreLabel": "C",
    "RecentQuanityOfStockUnits": "48,48,1,1",
    "LongName": "BONI tonijn in eigen nat MSC 200g",
    "FicCode": "I",
    "EcoscoreValue": "49"
  },
  {
    "productId": "815",
    "technicalArticleNumber": "12804",
    "commercialArticleNumber": "12804",
    "name": "passata gezeefde tom. brik",
    "description": "*Gezeefde tomaten",
    "brand": "EVERYDAY",
    "seoBrand": "Everyday",
    "thumbNail": "https://static.colruytgroup.com/images/200x200/std.lang.all/31/10/asset-2503110.jpg",
    "fullImage": "https://static.colruytgroup.com/images/500x500/std.lang.all/31/10/asset-2503110.jpg",
    "squareImage": "https://static.colruytgroup.com/images/500x500sq/std.lang.all/31/10/asset-2503110.jpg",
    "content": "500g",
    "walkRouteSequenceNumber": 8464,
    "price": {
      "basicPrice": 0.55,
      "recommendedQuantity": "1.0",
      "measurementUnitPrice": 1.1,
      "measurementUnit": "K",
      "isRedPrice": false,
      "pricePerUOM": 1.1,
      "activationDate": "18-11-2023",
      "recordSource": "Offline",
      "isPromoActive": "N",
      "priceChangeCode": "L"
    },
    "isAvailable": true,
    "isPriceAvailable": true,
    "inPromo": false,
    "gtin": [
      "05400141073904",
      "05400141206777",
      "05400141313956",
      "05400141328042",
      "15400141313953",
      "15400141907930",
      "15400141839750",
      "05400141839753"
    ],
    "topCategoryName": "Conserven",
    "topCategoryId": "188",
    "businessDomain": "RETAIL_BE",
    "IsPrivateLabel": true,
    "IsBiffe": false,
    "WeightconversionFactor": "0",
    "IsWeightArticle": false,
    "nutriscoreLabel": "A",
    "IsBio": false,
    "CountryOfOrigin": "ITALIË",
    "IsExclusivelySoldInLuxembourg": false,
    "OrderUnit": "P",
    "ShortName": "EVD PASSATA 500G .",
    "IsNew": false,
    "EcoscoreLabel": "A",
    "RecentQuanityOfStockUnits": "1,12,1,12",
    "LongName": "EVERYDAY passata gezeefde tom. brik 500g",
    "AlcoholVolume": "0",
    "FicCode": "I",
    "EcoscoreValue": "91"
  },
  {
    "productId": "454859",
    "technicalArticleNumber": "4024313",
    "commercialArticleNumber": "5301",
    "name": "hummus klassiek",
    "description": "*O.b.v. kikkererwten",
    "brand": "BONI",
    "seoBrand": "Boni Selection",
    "thumbNail": "https://static.colruytgroup.com/images/200x200/std.lang.all/42/14/asset-2494214.jpg",
    "fullImage": "https://static.colruytgroup.com/images/500x500/std.lang.all/42/14/asset-2494214.jpg",
    "squareImage": "https://static.colruytgroup.com/images/500x500sq/std.lang.all/42/14/asset-2494214.jpg",
    "content": "200g",
    "walkRouteSequenceNumber": 7757,
    "price": {
      "basicPrice": 0.89,
      "recommendedQuantity": "1.0",
      "measurementUnitPrice": 4.45,
      "measurementUnit": "K",
      "isRedPrice": false,
      "pricePerUOM": 4.45,
      "activationDate": "28-02-2024",
      "recordSource": "Offline",
      "isPromoActive": "N",
      "priceChangeCode": "H"
    },
    "isAvailable": true,
    "isPriceAvailable": true,
    "inPromo": false,
    "gtin": [
      "25400141461323",
      "05400141664942",
      "05400141240894",
      "05400141461329",
      "35400141618465"
    ],
    "topCategoryName": "Chips/Borrelhapjes",
    "topCategoryId": "306",
    "businessDomain": "RETAIL_BE",
    "IsPrivateLabel": true,
    "IsBiffe": false,
    "WeightconversionFactor": "0",
    "IsWeightArticle": false,
    "nutriscoreLabel": "C",
    "IsBio": false,
    "CountryOfOrigin": "BELGIË",
    "IsExclusivelySoldInLuxembourg": false,
    "OrderUnit": "P",
    "ShortName": "BONI HUMMUS KLAS.200G",
    "IsNew": false,
    "EcoscoreLabel": "B",
    "RecentQuanityOfStockUnits": "6,1",
    "LongName": "BONI hummus klassiek 200g",
    "FicCode": "I",
    "EcoscoreValue": "79"
  },
  {
    "productId": "15885",
    "technicalArticleNumber": "1461097",
    "commercialArticleNumber": "12835",
    "name": "tomatenpuree dubbel gecon.",
    "description": "*Dubbel\ngeconcentreerde\ntomatenpuree",
    "brand": "EVERYDAY",
    "seoBrand": "Everyday",
    "thumbNail": "https://static.colruytgroup.com/images/200x200/nl_be/33/50/asset-593350.jpg",
    "fullImage": "https://static.colruytgroup.com/images/500x500/nl_be/33/50/asset-593350.jpg",
    "squareImage": "https://static.colruytgroup.com/images/500x500sq/nl_be/33/50/asset-593350.jpg",
    "content": "140g",
    "walkRouteSequenceNumber": 8446,
    "price": {
      "basicPrice": 0.486,
      "recommendedQuantity": "6.0",
      "measurementUnitPrice": 3.48,
      "measurementUnit": "K",
      "isRedPrice": false,
      "pricePerUOM": 3.48,
      "activationDate": "14-11-2023",
      "recordSource": "Offline",
      "isPromoActive": "N",
      "priceChangeCode": "E"
    },
    "isAvailable": true,
    "isPriceAvailable": true,
    "inPromo": false,
    "gtin": [
      "05400141166712",
      "05400141174328",
      "05400141828351",
      "15400141907787",
      "05400141206586"
    ],
    "topCategoryName": "Conserven",
    "topCategoryId": "188",
    "businessDomain": "RETAIL_BE",
    "IsPrivateLabel": true,
    "IsBiffe": false,
    "WeightconversionFactor": "0",
    "IsWeightArticle": false,
    "nutriscoreLabel": "C",
    "IsBio": false,
    "CountryOfOrigin": "ITALIË",
    "IsExclusivelySoldInLuxembourg": false,
    "OrderUnit": "P",
    "ShortName": "EVD TOMCONC28/30 140G",
    "IsNew": false,
    "EcoscoreLabel": "C",
    "RecentQuanityOfStockUnits": "48,6,1",
    "LongName": "EVERYDAY tomatenpuree dubbel gecon. 140g",
    "AlcoholVolume": "0",
    "FicCode": "I",
    "EcoscoreValue": "58"
  },
  {
    "productId": "16028",
    "technicalArticleNumber": "1459658",
    "commercialArticleNumber": "10950",
    "name": "tonijn in eigen nat",
    "description": "*Tonijn in eigen nat",
    "brand": "EVERYDAY",
    "seoBrand": "Everyday",
    "thumbNail": "https://static.colruytgroup.com/images/200x200/std.lang.all/14/94/asset-2531494.jpg",
    "fullImage": "https://static.colruytgroup.com/images/500x500/std.lang.all/14/94/asset-2531494.jpg",
    "squareImage": "https://static.colruytgroup.com/images/500x500sq/std.lang.all/14/94/asset-2531494.jpg",
    "content": "200g",
    "walkRouteSequenceNumber": 16718,
    "price": {
      "basicPrice": 1.25,
      "recommendedQuantity": "6.0",
      "measurementUnitPrice": 8.07,
      "measurementUnit": "K",
      "isRedPrice": false,
      "pricePerUOM": 8.07,
      "activationDate": "14-03-2024",
      "recordSource": "Offline",
      "isPromoActive": "N",
      "priceChangeCode": "L"
    },
    "isAvailable": true,
    "isPriceAvailable": true,
    "inPromo": false,
    "gtin": [
      "05400141209976",
      "25400141440809",
      "05400141378337",
      "05400141399578",
      "25400141867521",
      "15400141867524",
      "05400141867527",
      "25400141191367",
      "25400141191442",
      "25400141191787",
      "25400141399572",
      "25400141415760",
      "05400141011906",
      "05400141019841",
      "05400141055085",
      "05400141073911",
      "05400141074550",
      "05400141075229",
      "05400141109542",
      "05400141109610",
      "05400141168273",
      "05400141168303",
      "05400141191363",
      "05400141191424",
      "05400141191448",
      "05400141191783",
      "05400141415766",
      "15400141191360",
      "15400141191445",
      "15400141191780",
      "15400141399575",
      "15400141415763",
      "05400141440805",
      "15400141440802",
      "05400141378320"
    ],
    "topCategoryName": "Conserven",
    "topCategoryId": "188",
    "businessDomain": "RETAIL_BE",
    "IsPrivateLabel": true,
    "IsBiffe": false,
    "WeightconversionFactor": "0",
    "IsWeightArticle": false,
    "nutriscoreLabel": "A",
    "IsBio": false,
    "CountryOfOrigin": "FILIPIJNEN",
    "IsExclusivelySoldInLuxembourg": false,
    "OrderUnit": "P",
    "ShortName": "EVD TONIJN NATUUR 200G",
    "IsNew": false,
    "EcoscoreLabel": "D",
    "RecentQuanityOfStockUnits": "1,6,48,1,6,48,1,6",
    "LongName": "EVERYDAY tonijn in eigen nat 200g",
    "AlcoholVolume": "0",
    "FicCode": "I",
    "EcoscoreValue": "39"
  },
  {
    "productId": "18382",
    "technicalArticleNumber": "1712980",
    "commercialArticleNumber": "11501",
    "name": "zoete maïs blik",
    "description": "*Zoete maïskorrels\n*Variëteit:\nSupersweet, extra\nzoet",
    "brand": "BONI",
    "seoBrand": "Boni Selection",
    "thumbNail": "https://static.colruytgroup.com/images/200x200/std.lang.all/91/13/asset-3329113.jpg",
    "fullImage": "https://static.colruytgroup.com/images/500x500/std.lang.all/91/13/asset-3329113.jpg",
    "squareImage": "https://static.colruytgroup.com/images/500x500sq/std.lang.all/91/13/asset-3329113.jpg",
    "content": "150g",
    "walkRouteSequenceNumber": 16403,
    "price": {
      "basicPrice": 0.62,
      "recommendedQuantity": "1.0",
      "quantityPrice": 0.496,
      "quantityPriceQuantity": "3.0",
      "measurementUnitPrice": 4.43,
      "measurementUnitQuantityPrice": 3.55,
      "measurementUnit": "K",
      "isRedPrice": false,
      "pricePerUOM": 4.43,
      "activationDate": "02-02-2024",
      "isPromoActive": "N",
      "priceChangeCode": "E",
      "quantityPricePerUOM": 3.55,
      "quantityActivationDate": "02-02-2024",
      "quantityPriceChangeCode": "E"
    },
    "isAvailable": true,
    "isPriceAvailable": true,
    "inPromo": false,
    "gtin": [
      "05400141083002",
      "05400141096217",
      "05400141096224",
      "05400141168082",
      "05400141215014",
      "05400141278958",
      "05400141353082",
      "05400141456776",
      "15400141096221",
      "15400141278955",
      "25400141278952",
      "05400141353075",
      "15400141982982"
    ],
    "topCategoryName": "Conserven",
    "topCategoryId": "188",
    "businessDomain": "RETAIL_BE",
    "IsPrivateLabel": true,
    "IsBiffe": false,
    "WeightconversionFactor": "0",
    "IsWeightArticle": false,
    "nutriscoreLabel": "A",
    "IsBio": false,
    "CountryOfOrigin": "HONGARIJE",
    "IsExclusivelySoldInLuxembourg": false,
    "OrderUnit": "P",
    "ShortName": "BONI MAIS 150G",
    "IsNew": false,
    "EcoscoreLabel": "A",
    "RecentQuanityOfStockUnits": "1,24",
    "LongName": "BONI zoete maïs blik 150g",
    "AlcoholVolume": "0",
    "FicCode": "I",
    "EcoscoreValue": "95"
  },
  {
    "productId": "818",
    "technicalArticleNumber": "12830",
    "commercialArticleNumber": "12830",
    "name": "tomatenstukjes",
    "description": "*Tomatenstukjes in\ngeconcentreerd\ntomatensap",
    "brand": "BONI",
    "seoBrand": "Boni Selection",
    "thumbNail": "https://static.colruytgroup.com/images/200x200/nl_be/44/05/asset-3194405.jpg",
    "fullImage": "https://static.colruytgroup.com/images/500x500/nl_be/44/05/asset-3194405.jpg",
    "squareImage": "https://static.colruytgroup.com/images/500x500sq/nl_be/44/05/asset-3194405.jpg",
    "content": "400g",
    "walkRouteSequenceNumber": 8522,
    "price": {
      "basicPrice": 0.883,
      "recommendedQuantity": "6.0",
      "measurementUnitPrice": 2.21,
      "measurementUnit": "K",
      "isRedPrice": false,
      "pricePerUOM": 2.21,
      "activationDate": "13-03-2024",
      "recordSource": "Offline",
      "isPromoActive": "N",
      "priceChangeCode": "L"
    },
    "isAvailable": true,
    "isPriceAvailable": true,
    "inPromo": false,
    "gtin": [
      "15400141247692",
      "15400141193876",
      "25400141247699",
      "05400141247695",
      "05400141410273",
      "00000025128307",
      "05400141128307",
      "05400141145335",
      "05400141166682",
      "05400141193879",
      "05400141228038",
      "05400141229714",
      "25400141819445",
      "15400141819448",
      "05400141819441"
    ],
    "topCategoryName": "Conserven",
    "topCategoryId": "188",
    "businessDomain": "RETAIL_BE",
    "IsPrivateLabel": true,
    "IsBiffe": false,
    "WeightconversionFactor": "0",
    "IsWeightArticle": false,
    "nutriscoreLabel": "A",
    "IsBio": false,
    "CountryOfOrigin": "ITALIË",
    "IsExclusivelySoldInLuxembourg": false,
    "OrderUnit": "P",
    "ShortName": "BONI TOMATSTUK 400G",
    "IsNew": false,
    "EcoscoreLabel": "A",
    "RecentQuanityOfStockUnits": "6,6,1,1,24",
    "LongName": "BONI tomatenstukjes 400g",
    "AlcoholVolume": "0",
    "FicCode": "I",
    "EcoscoreValue": "100"
  },
  {
    "productId": "85356",
    "technicalArticleNumber": "2931290",
    "commercialArticleNumber": "35566",
    "name": "TV worstjes natuur",
    "description": "*Worst in blik\n*Klaar voor gebruik\n*Snelle snack\n*Perfect als apero\n*Kwaliteitsvlees",
    "brand": "ZWAN",
    "seoBrand": "Zwan",
    "thumbNail": "https://static.colruytgroup.com/images/200x200/std.lang.all/48/12/asset-2794812.jpg",
    "fullImage": "https://static.colruytgroup.com/images/500x500/std.lang.all/48/12/asset-2794812.jpg",
    "squareImage": "https://static.colruytgroup.com/images/500x500sq/std.lang.all/48/12/asset-2794812.jpg",
    "content": "230g",
    "walkRouteSequenceNumber": 4615,
    "price": {
      "basicPrice": 1.75,
      "recommendedQuantity": "4.0",
      "measurementUnitPrice": 13.47,
      "measurementUnit": "K",
      "isRedPrice": false,
      "pricePerUOM": 13.47,
      "activationDate": "07-03-2024",
      "recordSource": "Offline",
      "isPromoActive": "N",
      "priceChangeCode": "H"
    },
    "isAvailable": true,
    "isPriceAvailable": true,
    "inPromo": false,
    "gtin": [
      "08712100348679",
      "08710604742832",
      "08710604742825",
      "05400141148442"
    ],
    "topCategoryName": "Conserven",
    "topCategoryId": "188",
    "businessDomain": "RETAIL_BE",
    "IsPrivateLabel": false,
    "IsBiffe": false,
    "WeightconversionFactor": "0",
    "IsWeightArticle": false,
    "nutriscoreLabel": "D",
    "IsBio": false,
    "CountryOfOrigin": "BELGIË",
    "IsExclusivelySoldInLuxembourg": false,
    "OrderUnit": "P",
    "ShortName": "ZWAN TV WORST NEW 230G",
    "IsNew": false,
    "EcoscoreLabel": "E",
    "RecentQuanityOfStockUnits": "1,4",
    "LongName": "ZWAN TV worstjes natuur 230g",
    "AlcoholVolume": "0",
    "FicCode": "E",
    "EcoscoreValue": "2"
  },
  {
    "productId": "722556",
    "technicalArticleNumber": "4474028",
    "commercialArticleNumber": "27609",
    "name": "zoete maïs",
    "description": "*Zoete maïskorrels\n*Met toegevoegde\nsuiker",
    "brand": "EVERYDAY",
    "seoBrand": "Everyday",
    "thumbNail": "https://static.colruytgroup.com/images/200x200/std.lang.all/78/81/asset-2787881.jpg",
    "fullImage": "https://static.colruytgroup.com/images/500x500/std.lang.all/78/81/asset-2787881.jpg",
    "squareImage": "https://static.colruytgroup.com/images/500x500sq/std.lang.all/78/81/asset-2787881.jpg",
    "content": "330g",
    "walkRouteSequenceNumber": 16429,
    "price": {
      "basicPrice": 0.79,
      "recommendedQuantity": "1.0",
      "measurementUnitPrice": 2.4,
      "measurementUnit": "K",
      "isRedPrice": false,
      "pricePerUOM": 2.4,
      "activationDate": "29-12-2023",
      "recordSource": "Offline",
      "isPromoActive": "N",
      "priceChangeCode": "H"
    },
    "isAvailable": true,
    "isPriceAvailable": true,
    "inPromo": false,
    "gtin": [
      "25400141995002",
      "15400141995005",
      "05400141995008"
    ],
    "topCategoryName": "Conserven",
    "topCategoryId": "188",
    "businessDomain": "RETAIL_BE",
    "IsPrivateLabel": true,
    "IsBiffe": false,
    "WeightconversionFactor": "0",
    "IsWeightArticle": false,
    "nutriscoreLabel": "A",
    "IsBio": false,
    "CountryOfOrigin": "HONGARIJE",
    "IsExclusivelySoldInLuxembourg": false,
    "OrderUnit": "P",
    "ShortName": "EVD MAIS 330G",
    "IsNew": false,
    "EcoscoreLabel": "A",
    "RecentQuanityOfStockUnits": "1,12",
    "LongName": "EVERYDAY zoete maïs 330g",
    "FicCode": "I",
    "EcoscoreValue": "95"
  },
  {
    "productId": "669144",
    "technicalArticleNumber": "4380614",
    "commercialArticleNumber": "24327",
    "name": "appelmousseline bokaal",
    "description": "*Appelmousseline",
    "brand": "EVERYDAY",
    "seoBrand": "Everyday",
    "thumbNail": "https://static.colruytgroup.com/images/200x200/std.lang.all/37/16/asset-3233716.jpg",
    "fullImage": "https://static.colruytgroup.com/images/500x500/std.lang.all/37/16/asset-3233716.jpg",
    "squareImage": "https://static.colruytgroup.com/images/500x500sq/std.lang.all/37/16/asset-3233716.jpg",
    "content": "710g",
    "walkRouteSequenceNumber": 16549,
    "price": {
      "basicPrice": 0.66,
      "recommendedQuantity": "1.0",
      "measurementUnitPrice": 0.93,
      "measurementUnit": "K",
      "isRedPrice": false,
      "pricePerUOM": 0.93,
      "activationDate": "14-03-2024",
      "recordSource": "Offline",
      "isPromoActive": "N",
      "priceChangeCode": "L"
    },
    "isAvailable": true,
    "isPriceAvailable": true,
    "inPromo": false,
    "gtin": [
      "05400141471403",
      "15400141471400",
      "05400141706048",
      "15400141706045"
    ],
    "topCategoryName": "Conserven",
    "topCategoryId": "188",
    "businessDomain": "RETAIL_BE",
    "IsPrivateLabel": true,
    "IsBiffe": false,
    "WeightconversionFactor": "0",
    "IsWeightArticle": false,
    "nutriscoreLabel": "A",
    "IsBio": false,
    "CountryOfOrigin": "BELGIË",
    "IsExclusivelySoldInLuxembourg": false,
    "OrderUnit": "P",
    "ShortName": "EVD APPELMOES 710",
    "IsNew": false,
    "EcoscoreLabel": "A",
    "RecentQuanityOfStockUnits": "12,1",
    "LongName": "EVERYDAY appelmousseline bokaal 710g",
    "FicCode": "I",
    "EcoscoreValue": "93"
  },
  {
    "productId": "819",
    "technicalArticleNumber": "12831",
    "commercialArticleNumber": "12831",
    "name": "tomatenstukjes met basilicum",
    "description": "*Tomatenstukjes in\ngeconcentreerd\ntomatensap met\nbasilicum",
    "brand": "BONI",
    "seoBrand": "Boni Selection",
    "thumbNail": "https://static.colruytgroup.com/images/200x200/nl_be/55/72/asset-3205572.jpg",
    "fullImage": "https://static.colruytgroup.com/images/500x500/nl_be/55/72/asset-3205572.jpg",
    "squareImage": "https://static.colruytgroup.com/images/500x500sq/nl_be/55/72/asset-3205572.jpg",
    "content": "400g",
    "walkRouteSequenceNumber": 8467,
    "price": {
      "basicPrice": 0.79,
      "recommendedQuantity": "6.0",
      "measurementUnitPrice": 1.98,
      "measurementUnit": "K",
      "isRedPrice": false,
      "pricePerUOM": 1.98,
      "activationDate": "28-02-2024",
      "recordSource": "Offline",
      "isPromoActive": "N",
      "priceChangeCode": "H"
    },
    "isAvailable": true,
    "isPriceAvailable": true,
    "inPromo": false,
    "gtin": [
      "05400141193855",
      "05400141245745",
      "00000025128314",
      "05400141128314",
      "05400141166705",
      "05400141173123",
      "05400141305241",
      "15400141193852",
      "15400141305248",
      "25400141305245",
      "05400141405057",
      "25400141570278",
      "05400141570274",
      "15400141570271"
    ],
    "topCategoryName": "Conserven",
    "topCategoryId": "188",
    "businessDomain": "RETAIL_BE",
    "IsPrivateLabel": true,
    "IsBiffe": false,
    "WeightconversionFactor": "0",
    "IsWeightArticle": false,
    "nutriscoreLabel": "A",
    "IsBio": false,
    "CountryOfOrigin": "ITALIË",
    "IsExclusivelySoldInLuxembourg": false,
    "OrderUnit": "P",
    "ShortName": "BONI TOMAATSTUK BAS 400",
    "IsNew": false,
    "EcoscoreLabel": "A",
    "RecentQuanityOfStockUnits": "1,24,6",
    "LongName": "BONI tomatenstukjes met basilicum 400g",
    "AlcoholVolume": "0",
    "FicCode": "I",
    "EcoscoreValue": "100"
  },
  {
    "productId": "93105",
    "technicalArticleNumber": "2917483",
    "commercialArticleNumber": "35453",
    "name": "passata basilic glas",
    "description": "*Traditionele\nItaliaanse passata\nmet basilicum",
    "brand": "BONI",
    "seoBrand": "Boni Selection",
    "thumbNail": "https://static.colruytgroup.com/images/200x200/std.lang.all/67/13/asset-3386713.jpg",
    "fullImage": "https://static.colruytgroup.com/images/500x500/std.lang.all/67/13/asset-3386713.jpg",
    "squareImage": "https://static.colruytgroup.com/images/500x500sq/std.lang.all/67/13/asset-3386713.jpg",
    "content": "690g",
    "walkRouteSequenceNumber": 8461,
    "price": {
      "basicPrice": 1.46,
      "recommendedQuantity": "1.0",
      "measurementUnitPrice": 2.12,
      "measurementUnit": "K",
      "isRedPrice": false,
      "pricePerUOM": 2.12,
      "activationDate": "05-03-2024",
      "recordSource": "Offline",
      "isPromoActive": "N",
      "priceChangeCode": "H"
    },
    "isAvailable": true,
    "isPriceAvailable": true,
    "inPromo": false,
    "gtin": [
      "15400141910558",
      "15400141247807",
      "05400141409611",
      "05400141247800",
      "05400141167535",
      "05400141019988",
      "15400141516026",
      "05400141516029"
    ],
    "topCategoryName": "Conserven",
    "topCategoryId": "188",
    "businessDomain": "RETAIL_BE",
    "IsPrivateLabel": true,
    "IsBiffe": false,
    "WeightconversionFactor": "0",
    "IsWeightArticle": false,
    "nutriscoreLabel": "A",
    "IsBio": false,
    "CountryOfOrigin": "ITALIË",
    "IsExclusivelySoldInLuxembourg": false,
    "OrderUnit": "P",
    "ShortName": "BONI PAS.RUST.BAS.690G",
    "IsNew": false,
    "EcoscoreLabel": "A",
    "RecentQuanityOfStockUnits": "12,1",
    "LongName": "BONI passata basilic glas 690g",
    "AlcoholVolume": "0",
    "FicCode": "I",
    "EcoscoreValue": "100"
  },
  {
    "productId": "721",
    "technicalArticleNumber": "11016",
    "commercialArticleNumber": "11016",
    "name": "rode bonen blik",
    "description": "*Rode kidneybonen",
    "brand": "BONI",
    "seoBrand": "Boni Selection",
    "thumbNail": "https://static.colruytgroup.com/images/200x200/std.lang.all/44/88/asset-1944488.jpg",
    "fullImage": "https://static.colruytgroup.com/images/500x500/std.lang.all/44/88/asset-1944488.jpg",
    "squareImage": "https://static.colruytgroup.com/images/500x500sq/std.lang.all/44/88/asset-1944488.jpg",
    "content": "400g",
    "walkRouteSequenceNumber": 16494,
    "price": {
      "basicPrice": 0.59,
      "recommendedQuantity": "1.0",
      "measurementUnitPrice": 2.36,
      "measurementUnit": "K",
      "isRedPrice": false,
      "pricePerUOM": 2.36,
      "activationDate": "06-03-2024",
      "recordSource": "Offline",
      "isPromoActive": "N",
      "priceChangeCode": "E"
    },
    "isAvailable": true,
    "isPriceAvailable": true,
    "inPromo": false,
    "gtin": [
      "15400141159827",
      "15400141278429",
      "15410928054047",
      "05400141110166",
      "05400141159820",
      "05400141168075",
      "05400141206814",
      "05400141210163",
      "05400141278422",
      "00000024110167"
    ],
    "topCategoryName": "Conserven",
    "topCategoryId": "188",
    "businessDomain": "RETAIL_BE",
    "IsPrivateLabel": true,
    "IsBiffe": false,
    "WeightconversionFactor": "0",
    "IsWeightArticle": false,
    "nutriscoreLabel": "A",
    "IsBio": false,
    "CountryOfOrigin": "BELGIË",
    "IsExclusivelySoldInLuxembourg": false,
    "OrderUnit": "P",
    "ShortName": "BONI RODE BONEN 400G",
    "IsNew": false,
    "EcoscoreLabel": "A",
    "RecentQuanityOfStockUnits": "1,12",
    "LongName": "BONI rode bonen blik 400g",
    "AlcoholVolume": "0",
    "FicCode": "I",
    "EcoscoreValue": "89"
  },
  {
    "productId": "10308",
    "technicalArticleNumber": "1128168",
    "commercialArticleNumber": "12809",
    "name": "passata glas",
    "description": "*Biologische\ngezeefde tomaten",
    "brand": "BONI BIO",
    "seoBrand": "Boni Selection Bio",
    "thumbNail": "https://static.colruytgroup.com/images/200x200/std.lang.all/56/45/asset-3205645.jpg",
    "fullImage": "https://static.colruytgroup.com/images/500x500/std.lang.all/56/45/asset-3205645.jpg",
    "squareImage": "https://static.colruytgroup.com/images/500x500sq/std.lang.all/56/45/asset-3205645.jpg",
    "content": "700g",
    "walkRouteSequenceNumber": 8400,
    "price": {
      "basicPrice": 1.59,
      "recommendedQuantity": "1.0",
      "measurementUnitPrice": 2.28,
      "measurementUnit": "K",
      "isRedPrice": false,
      "pricePerUOM": 2.28,
      "activationDate": "28-02-2024",
      "recordSource": "Offline",
      "isPromoActive": "N",
      "priceChangeCode": "E"
    },
    "isAvailable": true,
    "isPriceAvailable": true,
    "inPromo": false,
    "gtin": [
      "15400141312147",
      "05400141386585",
      "15400141386582",
      "15400141615071",
      "05400141615074",
      "05400141367812",
      "15400141367819",
      "15400141837565",
      "15400141871644",
      "05400141075298",
      "05400141167603",
      "05400141208061",
      "05400141247862",
      "05400141303810",
      "05400141312140",
      "05400141409642",
      "15400141228097",
      "15400141247869",
      "15400141303817"
    ],
    "topCategoryName": "Conserven",
    "topCategoryId": "188",
    "businessDomain": "RETAIL_BE",
    "IsPrivateLabel": true,
    "IsBiffe": false,
    "WeightconversionFactor": "0",
    "IsWeightArticle": false,
    "nutriscoreLabel": "A",
    "IsBio": true,
    "CountryOfOrigin": "ITALIË",
    "IsExclusivelySoldInLuxembourg": false,
    "OrderUnit": "P",
    "ShortName": "BONI BIO PASSATA 700GR",
    "IsNew": false,
    "EcoscoreLabel": "A",
    "RecentQuanityOfStockUnits": "1,12",
    "LongName": "BONI BIO passata glas 700g",
    "AlcoholVolume": "0",
    "FicCode": "I",
    "EcoscoreValue": "100"
  },
  {
    "productId": "798",
    "technicalArticleNumber": "13459",
    "commercialArticleNumber": "13459",
    "name": "augurken zoetzuur",
    "description": "Zoetzure augurken. Lekker bij het\naperitief, bij een koude schotel, met\naméricain préparé enz.",
    "brand": "EVERYDAY",
    "seoBrand": "Everyday",
    "thumbNail": "https://static.colruytgroup.com/images/200x200/std.lang.all/21/50/asset-2172150.jpg",
    "fullImage": "https://static.colruytgroup.com/images/500x500/std.lang.all/21/50/asset-2172150.jpg",
    "squareImage": "https://static.colruytgroup.com/images/500x500sq/std.lang.all/21/50/asset-2172150.jpg",
    "content": "670g",
    "walkRouteSequenceNumber": 16326,
    "price": {
      "basicPrice": 0.99,
      "recommendedQuantity": "1.0",
      "measurementUnitPrice": 2.75,
      "measurementUnit": "K",
      "isRedPrice": false,
      "pricePerUOM": 2.75,
      "activationDate": "14-11-2023",
      "recordSource": "Offline",
      "isPromoActive": "N",
      "priceChangeCode": "E"
    },
    "isAvailable": true,
    "isPriceAvailable": true,
    "inPromo": false,
    "gtin": [
      "05400141950793",
      "15400141950790",
      "05400141029062",
      "05400141168563",
      "05400141213911",
      "05400141357516",
      "15400141029069",
      "15400141357513"
    ],
    "topCategoryName": "Kruidenierswaren/Droge voeding",
    "topCategoryId": "233",
    "businessDomain": "RETAIL_BE",
    "IsPrivateLabel": true,
    "IsBiffe": false,
    "WeightconversionFactor": "0",
    "IsWeightArticle": false,
    "nutriscoreLabel": "A",
    "IsBio": false,
    "CountryOfOrigin": "TURKIJE",
    "IsExclusivelySoldInLuxembourg": false,
    "OrderUnit": "P",
    "ShortName": "EVD AUGURK ZOETZ 670GR",
    "InSeason": true,
    "IsNew": false,
    "EcoscoreLabel": "A",
    "RecentQuanityOfStockUnits": "12,1",
    "LongName": "EVERYDAY augurken zoetzuur 670g",
    "AlcoholVolume": "0",
    "StartSeasonDate": "05/08/2021",
    "FicCode": "I",
    "EcoscoreValue": "100"
  },
  {
    "productId": "751",
    "technicalArticleNumber": "11661",
    "commercialArticleNumber": "11661",
    "name": "Parijse champ.gesn. blik",
    "description": "*Gesneden Parijse\nchampignons",
    "brand": "EVERYDAY",
    "seoBrand": "Everyday",
    "thumbNail": "https://static.colruytgroup.com/images/200x200/nl_be/62/79/asset-2486279.jpg",
    "fullImage": "https://static.colruytgroup.com/images/500x500/nl_be/62/79/asset-2486279.jpg",
    "squareImage": "https://static.colruytgroup.com/images/500x500sq/nl_be/62/79/asset-2486279.jpg",
    "content": "290g",
    "walkRouteSequenceNumber": 16346,
    "price": {
      "basicPrice": 0.697,
      "recommendedQuantity": "1.0",
      "measurementUnitPrice": 4.1,
      "measurementUnit": "K",
      "isRedPrice": false,
      "pricePerUOM": 4.1,
      "activationDate": "14-11-2023",
      "recordSource": "Offline",
      "isPromoActive": "N",
      "priceChangeCode": "E"
    },
    "isAvailable": true,
    "isPriceAvailable": true,
    "inPromo": false,
    "gtin": [
      "15400141216476",
      "25400141216473",
      "05400141012309",
      "05400141047813",
      "05400141058246",
      "05400141216479"
    ],
    "topCategoryName": "Conserven",
    "topCategoryId": "188",
    "businessDomain": "RETAIL_BE",
    "IsPrivateLabel": true,
    "IsBiffe": false,
    "WeightconversionFactor": "0",
    "IsWeightArticle": false,
    "nutriscoreLabel": "A",
    "IsBio": false,
    "CountryOfOrigin": "NEDERLAND",
    "IsExclusivelySoldInLuxembourg": false,
    "OrderUnit": "P",
    "ShortName": "EVD CHAMP HOTEL290GR",
    "InSeason": true,
    "IsNew": false,
    "RecentQuanityOfStockUnits": "24,1",
    "LongName": "EVERYDAY Parijse champ.gesn. blik 290g",
    "AlcoholVolume": "0",
    "StartSeasonDate": "07/06/2007",
    "FicCode": "I"
  },
  {
    "productId": "847734",
    "technicalArticleNumber": "4694483",
    "commercialArticleNumber": "21816",
    "name": "Tomato Frito",
    "brand": "HEINZ",
    "seoBrand": "Heinz",
    "thumbNail": "https://static.colruytgroup.com/images/200x200/std.lang.all/93/31/asset-3159331.jpg",
    "fullImage": "https://static.colruytgroup.com/images/500x500/std.lang.all/93/31/asset-3159331.jpg",
    "squareImage": "https://static.colruytgroup.com/images/500x500sq/std.lang.all/93/31/asset-3159331.jpg",
    "content": "520g",
    "walkRouteSequenceNumber": 8459,
    "price": {
      "basicPrice": 1.17,
      "recommendedQuantity": "1.0",
      "measurementUnitPrice": 2.25,
      "measurementUnit": "K",
      "isRedPrice": false,
      "pricePerUOM": 2.25,
      "activationDate": "15-03-2024",
      "recordSource": "Offline",
      "isPromoActive": "N",
      "priceChangeCode": "E"
    },
    "isAvailable": true,
    "isPriceAvailable": true,
    "inPromo": false,
    "gtin": [
      "08410066138753",
      "08410066138760"
    ],
    "topCategoryName": "Conserven",
    "topCategoryId": "188",
    "businessDomain": "RETAIL_BE",
    "IsPrivateLabel": false,
    "IsBiffe": false,
    "WeightconversionFactor": "0",
    "IsWeightArticle": false,
    "nutriscoreLabel": "B",
    "IsBio": false,
    "CountryOfOrigin": "SPANJE",
    "IsExclusivelySoldInLuxembourg": false,
    "OrderUnit": "P",
    "ShortName": "HEIN TOMATO FRITO 520G",
    "IsNew": false,
    "EcoscoreLabel": "B",
    "RecentQuanityOfStockUnits": "1,12",
    "LongName": "HEINZ Tomato Frito 520g",
    "AlcoholVolume": "0",
    "FicCode": "E",
    "EcoscoreValue": "69"
  },
  {
    "productId": "519770",
    "technicalArticleNumber": "4103064",
    "commercialArticleNumber": "7945",
    "name": "Weense worsten 6st",
    "brand": "EVERYDAY",
    "seoBrand": "Everyday",
    "thumbNail": "https://static.colruytgroup.com/images/200x200/std.lang.all/64/16/asset-1956416.jpg",
    "fullImage": "https://static.colruytgroup.com/images/500x500/std.lang.all/64/16/asset-1956416.jpg",
    "squareImage": "https://static.colruytgroup.com/images/500x500sq/std.lang.all/64/16/asset-1956416.jpg",
    "content": "400g",
    "walkRouteSequenceNumber": 16779,
    "price": {
      "basicPrice": 0.77,
      "recommendedQuantity": "1.0",
      "measurementUnitPrice": 4.28,
      "measurementUnit": "K",
      "isRedPrice": false,
      "pricePerUOM": 4.28,
      "activationDate": "15-03-2024",
      "recordSource": "Offline",
      "isPromoActive": "N",
      "priceChangeCode": "H"
    },
    "isAvailable": true,
    "isPriceAvailable": true,
    "inPromo": false,
    "gtin": [
      "15400141286981",
      "05400141286984",
      "25400141286988"
    ],
    "topCategoryName": "Conserven",
    "topCategoryId": "188",
    "businessDomain": "RETAIL_BE",
    "IsPrivateLabel": true,
    "IsBiffe": false,
    "WeightconversionFactor": "0",
    "IsWeightArticle": false,
    "nutriscoreLabel": "D",
    "IsBio": false,
    "CountryOfOrigin": "BELGIË",
    "IsExclusivelySoldInLuxembourg": false,
    "OrderUnit": "P",
    "ShortName": "EVD WEENSE WORST6ST400",
    "IsNew": false,
    "EcoscoreLabel": "E",
    "RecentQuanityOfStockUnits": "1,12",
    "LongName": "EVERYDAY Weense worsten 6st 400g",
    "AlcoholVolume": "0",
    "FicCode": "I",
    "EcoscoreValue": "0"
  },
  {
    "productId": "555160",
    "technicalArticleNumber": "4188887",
    "commercialArticleNumber": "14476",
    "name": "kikkererwten",
    "description": "*Kikkererwten",
    "brand": "BONI",
    "seoBrand": "Boni Selection",
    "thumbNail": "https://static.colruytgroup.com/images/200x200/std.lang.all/91/16/asset-3329116.jpg",
    "fullImage": "https://static.colruytgroup.com/images/500x500/std.lang.all/91/16/asset-3329116.jpg",
    "squareImage": "https://static.colruytgroup.com/images/500x500sq/std.lang.all/91/16/asset-3329116.jpg",
    "content": "200g",
    "walkRouteSequenceNumber": 16482,
    "price": {
      "basicPrice": 0.426,
      "recommendedQuantity": "3.0",
      "measurementUnitPrice": 3.29,
      "measurementUnit": "K",
      "isRedPrice": false,
      "pricePerUOM": 3.29,
      "activationDate": "15-02-2024",
      "recordSource": "Offline",
      "isPromoActive": "N",
      "priceChangeCode": "H"
    },
    "isAvailable": true,
    "isPriceAvailable": true,
    "inPromo": false,
    "gtin": [
      "05400141306859",
      "15400141306856",
      "05400141306842"
    ],
    "topCategoryName": "Conserven",
    "topCategoryId": "188",
    "businessDomain": "RETAIL_BE",
    "IsPrivateLabel": true,
    "IsBiffe": false,
    "WeightconversionFactor": "0",
    "IsWeightArticle": false,
    "nutriscoreLabel": "A",
    "IsBio": false,
    "CountryOfOrigin": "FRANKRIJK",
    "IsExclusivelySoldInLuxembourg": false,
    "OrderUnit": "P",
    "ShortName": "BONI KIKKERERWTEN 200G",
    "IsNew": false,
    "EcoscoreLabel": "A",
    "RecentQuanityOfStockUnits": "3,1,24",
    "LongName": "BONI kikkererwten 200g",
    "FicCode": "I",
    "EcoscoreValue": "98"
  },
  {
    "productId": "676305",
    "technicalArticleNumber": "4392700",
    "commercialArticleNumber": "16536",
    "name": "appelcompote stukjes",
    "description": "*Appelmoes met\nstukjes appel",
    "brand": "EVERYDAY",
    "seoBrand": "Everyday",
    "thumbNail": "https://static.colruytgroup.com/images/200x200/std.lang.all/58/23/asset-2415823.jpg",
    "fullImage": "https://static.colruytgroup.com/images/500x500/std.lang.all/58/23/asset-2415823.jpg",
    "squareImage": "https://static.colruytgroup.com/images/500x500sq/std.lang.all/58/23/asset-2415823.jpg",
    "content": "710g",
    "walkRouteSequenceNumber": 16604,
    "price": {
      "basicPrice": 0.75,
      "recommendedQuantity": "1.0",
      "measurementUnitPrice": 1.06,
      "measurementUnit": "K",
      "isRedPrice": false,
      "pricePerUOM": 1.06,
      "activationDate": "20-12-2023",
      "recordSource": "Offline",
      "isPromoActive": "N",
      "priceChangeCode": "L"
    },
    "isAvailable": true,
    "isPriceAvailable": true,
    "inPromo": false,
    "gtin": [
      "05400141471397",
      "15400141471394"
    ],
    "topCategoryName": "Conserven",
    "topCategoryId": "188",
    "businessDomain": "RETAIL_BE",
    "IsPrivateLabel": true,
    "IsBiffe": false,
    "WeightconversionFactor": "0",
    "IsWeightArticle": false,
    "nutriscoreLabel": "A",
    "IsBio": false,
    "CountryOfOrigin": "BELGIË",
    "IsExclusivelySoldInLuxembourg": false,
    "OrderUnit": "P",
    "ShortName": "EVD APPELCOMPOT.STUK710",
    "IsNew": false,
    "EcoscoreLabel": "A",
    "RecentQuanityOfStockUnits": "12,1",
    "LongName": "EVERYDAY appelcompote stukjes 710g",
    "FicCode": "I",
    "EcoscoreValue": "100"
  },
  {
    "productId": "227945",
    "technicalArticleNumber": "3551805",
    "commercialArticleNumber": "50853",
    "name": "augurken in azijn",
    "brand": "BONI",
    "seoBrand": "Boni Selection",
    "thumbNail": "https://static.colruytgroup.com/images/200x200/std.lang.all/12/75/asset-2261275.jpg",
    "fullImage": "https://static.colruytgroup.com/images/500x500/std.lang.all/12/75/asset-2261275.jpg",
    "squareImage": "https://static.colruytgroup.com/images/500x500sq/std.lang.all/12/75/asset-2261275.jpg",
    "content": "330g",
    "walkRouteSequenceNumber": 16343,
    "price": {
      "basicPrice": 0.914,
      "recommendedQuantity": "1.0",
      "measurementUnitPrice": 4.82,
      "measurementUnit": "K",
      "isRedPrice": false,
      "pricePerUOM": 4.82,
      "activationDate": "07-03-2024",
      "recordSource": "Offline",
      "isPromoActive": "N",
      "priceChangeCode": "E"
    },
    "isAvailable": true,
    "isPriceAvailable": true,
    "inPromo": false,
    "gtin": [
      "15400141827764",
      "15400141298632",
      "05400141410297",
      "05400141298635"
    ],
    "topCategoryName": "Kruidenierswaren/Droge voeding",
    "topCategoryId": "233",
    "businessDomain": "RETAIL_BE",
    "IsPrivateLabel": true,
    "IsBiffe": false,
    "WeightconversionFactor": "0",
    "IsWeightArticle": false,
    "nutriscoreLabel": "C",
    "IsBio": false,
    "CountryOfOrigin": "BELGIË",
    "IsExclusivelySoldInLuxembourg": false,
    "OrderUnit": "P",
    "ShortName": "BONI XTRAFYN AUG.AZ 330",
    "IsNew": false,
    "EcoscoreLabel": "A",
    "RecentQuanityOfStockUnits": "1,12",
    "LongName": "BONI augurken in azijn 330g",
    "AlcoholVolume": "0",
    "FicCode": "I",
    "EcoscoreValue": "97"
  },
  {
    "productId": "41666",
    "technicalArticleNumber": "2424867",
    "commercialArticleNumber": "9157",
    "name": "doperwten wortelen fijn",
    "description": "*Mengeling van extra\nfijne doperwten en\njonge wortelen",
    "brand": "EVERYDAY",
    "seoBrand": "Everyday",
    "thumbNail": "https://static.colruytgroup.com/images/200x200/std.lang.all/63/89/asset-2116389.jpg",
    "fullImage": "https://static.colruytgroup.com/images/500x500/std.lang.all/63/89/asset-2116389.jpg",
    "squareImage": "https://static.colruytgroup.com/images/500x500sq/std.lang.all/63/89/asset-2116389.jpg",
    "content": "800g",
    "walkRouteSequenceNumber": 16423,
    "price": {
      "basicPrice": 1.04,
      "recommendedQuantity": "1.0",
      "measurementUnitPrice": 1.97,
      "measurementUnit": "K",
      "isRedPrice": false,
      "pricePerUOM": 1.97,
      "activationDate": "22-03-2024",
      "recordSource": "Offline",
      "isPromoActive": "N",
      "priceChangeCode": "L"
    },
    "isAvailable": true,
    "isPriceAvailable": true,
    "inPromo": false,
    "gtin": [
      "05400141303537",
      "15400141303534",
      "25400141128554",
      "05400141128550",
      "15400141128557",
      "05400141091571",
      "05400141169928",
      "05400141167467",
      "15400141491576"
    ],
    "topCategoryName": "Conserven",
    "topCategoryId": "188",
    "businessDomain": "RETAIL_BE",
    "IsPrivateLabel": true,
    "IsBiffe": false,
    "WeightconversionFactor": "0",
    "IsWeightArticle": false,
    "nutriscoreLabel": "A",
    "IsBio": false,
    "CountryOfOrigin": "NEDERLAND",
    "IsExclusivelySoldInLuxembourg": false,
    "OrderUnit": "P",
    "ShortName": "EVD ERWTEN WORT.ZF 800G",
    "InSeason": true,
    "IsNew": false,
    "EcoscoreLabel": "A",
    "RecentQuanityOfStockUnits": "1,12",
    "LongName": "EVERYDAY doperwten wortelen fijn 800g",
    "AlcoholVolume": "0",
    "StartSeasonDate": "17/08/2023",
    "FicCode": "I",
    "EcoscoreValue": "100"
  },
  {
    "productId": "95943",
    "technicalArticleNumber": "2810687",
    "commercialArticleNumber": "46104",
    "name": "Pomini appel- & aardbeienmoes",
    "description": "*Fruitspecialiteit:\nappel, aardbei",
    "brand": "BONI",
    "seoBrand": "Boni Selection",
    "thumbNail": "https://static.colruytgroup.com/images/200x200/std.lang.all/53/91/asset-3365391.jpg",
    "fullImage": "https://static.colruytgroup.com/images/500x500/std.lang.all/53/91/asset-3365391.jpg",
    "squareImage": "https://static.colruytgroup.com/images/500x500sq/std.lang.all/53/91/asset-3365391.jpg",
    "content": "4x90g",
    "walkRouteSequenceNumber": 16535,
    "price": {
      "basicPrice": 1.29,
      "recommendedQuantity": "1.0",
      "quantityPrice": 0.967,
      "quantityPriceQuantity": "4.0",
      "measurementUnitPrice": 3.59,
      "measurementUnitQuantityPrice": 2.69,
      "measurementUnit": "K",
      "isRedPrice": false,
      "pricePerUOM": 3.59,
      "activationDate": "20-03-2024",
      "recordSource": "Offline",
      "isPromoActive": "N",
      "priceChangeCode": "E",
      "quantityPricePerUOM": 2.69,
      "quantityActivationDate": "20-03-2024",
      "quantityPriceChangeCode": "E"
    },
    "isAvailable": true,
    "isPriceAvailable": true,
    "inPromo": false,
    "gtin": [
      "05400141851809",
      "15400141282266",
      "05400141282269",
      "05400141209174",
      "05400141077834",
      "05400141387759",
      "15400141851806",
      "15400141677567",
      "05400141677560"
    ],
    "topCategoryName": "Conserven",
    "topCategoryId": "188",
    "businessDomain": "RETAIL_BE",
    "IsPrivateLabel": true,
    "IsBiffe": false,
    "WeightconversionFactor": "0",
    "IsWeightArticle": false,
    "nutriscoreLabel": "A",
    "IsBio": false,
    "CountryOfOrigin": "NEDERLAND",
    "IsExclusivelySoldInLuxembourg": false,
    "OrderUnit": "P",
    "ShortName": "BONICOMP.APP-AARD.4X90G",
    "IsNew": false,
    "EcoscoreLabel": "A",
    "RecentQuanityOfStockUnits": "1,1,16",
    "LongName": "BONI Pomini appel- & aardbeienmoes 4x90g",
    "AlcoholVolume": "0",
    "FicCode": "I",
    "EcoscoreValue": "87"
  },
  {
    "productId": "59862",
    "technicalArticleNumber": "2413811",
    "commercialArticleNumber": "36728",
    "name": "passata rustica glas",
    "description": "*Tomatenpuree",
    "brand": "BONI",
    "seoBrand": "Boni Selection",
    "thumbNail": "https://static.colruytgroup.com/images/200x200/std.lang.all/47/60/asset-3344760.jpg",
    "fullImage": "https://static.colruytgroup.com/images/500x500/std.lang.all/47/60/asset-3344760.jpg",
    "squareImage": "https://static.colruytgroup.com/images/500x500sq/std.lang.all/47/60/asset-3344760.jpg",
    "content": "690g",
    "walkRouteSequenceNumber": 8401,
    "price": {
      "basicPrice": 1.49,
      "recommendedQuantity": "1.0",
      "measurementUnitPrice": 2.16,
      "measurementUnit": "K",
      "isRedPrice": false,
      "pricePerUOM": 2.16,
      "activationDate": "21-02-2024",
      "recordSource": "Offline",
      "isPromoActive": "N",
      "priceChangeCode": "L"
    },
    "isAvailable": true,
    "isPriceAvailable": true,
    "inPromo": false,
    "gtin": [
      "15400141516033",
      "05400141516036",
      "05400141247855",
      "05400141076776",
      "05400141367287",
      "05400141409628",
      "15400141837558",
      "15400141247852"
    ],
    "topCategoryName": "Conserven",
    "topCategoryId": "188",
    "businessDomain": "RETAIL_BE",
    "IsPrivateLabel": true,
    "IsBiffe": false,
    "WeightconversionFactor": "0",
    "IsWeightArticle": false,
    "nutriscoreLabel": "A",
    "IsBio": false,
    "CountryOfOrigin": "ITALIË",
    "IsExclusivelySoldInLuxembourg": false,
    "OrderUnit": "P",
    "ShortName": "BONI PAS RUSTICA 690G",
    "IsNew": false,
    "EcoscoreLabel": "A",
    "RecentQuanityOfStockUnits": "1,1,12,12",
    "LongName": "BONI passata rustica glas 690g",
    "AlcoholVolume": "0",
    "FicCode": "I",
    "EcoscoreValue": "100"
  },
  {
    "productId": "2609",
    "technicalArticleNumber": "1101211",
    "commercialArticleNumber": "13099",
    "name": "olijven zwart ontpit",
    "description": "Zwarte ontpitte olijven. Lekker bij\nhet aperitief of als garnituur.",
    "brand": "BONI",
    "seoBrand": "Boni Selection",
    "thumbNail": "https://static.colruytgroup.com/images/200x200/std.lang.all/85/33/asset-2118533.jpg",
    "fullImage": "https://static.colruytgroup.com/images/500x500/std.lang.all/85/33/asset-2118533.jpg",
    "squareImage": "https://static.colruytgroup.com/images/500x500sq/std.lang.all/85/33/asset-2118533.jpg",
    "content": "400g",
    "walkRouteSequenceNumber": 4594,
    "price": {
      "basicPrice": 1.09,
      "recommendedQuantity": "1.0",
      "measurementUnitPrice": 6.42,
      "measurementUnit": "K",
      "isRedPrice": false,
      "pricePerUOM": 6.42,
      "activationDate": "06-01-2024",
      "recordSource": "Offline",
      "isPromoActive": "N",
      "priceChangeCode": "E"
    },
    "isAvailable": true,
    "isPriceAvailable": true,
    "inPromo": false,
    "gtin": [
      "05400141099713",
      "05400141352962",
      "15400141352969",
      "15400141958413"
    ],
    "topCategoryName": "Chips/Borrelhapjes",
    "topCategoryId": "306",
    "businessDomain": "RETAIL_BE",
    "IsPrivateLabel": true,
    "IsBiffe": false,
    "WeightconversionFactor": "0",
    "IsWeightArticle": false,
    "nutriscoreLabel": "C",
    "IsBio": false,
    "CountryOfOrigin": "SPANJE",
    "IsExclusivelySoldInLuxembourg": false,
    "OrderUnit": "P",
    "ShortName": "BONI ZWART ONTP OLY400G",
    "IsNew": false,
    "EcoscoreLabel": "A",
    "RecentQuanityOfStockUnits": "1,12",
    "LongName": "BONI olijven zwart ontpit 400g",
    "AlcoholVolume": "0",
    "FicCode": "I",
    "EcoscoreValue": "88"
  },
  {
    "productId": "2368",
    "technicalArticleNumber": "1099775",
    "commercialArticleNumber": "13095",
    "name": "olijven groen ontpit",
    "description": "Groene ontpitte olijven. Lekker bij\nhet aperitief of als garnituur.",
    "brand": "BONI",
    "seoBrand": "Boni Selection",
    "thumbNail": "https://static.colruytgroup.com/images/200x200/std.lang.all/88/66/asset-3388866.jpg",
    "fullImage": "https://static.colruytgroup.com/images/500x500/std.lang.all/88/66/asset-3388866.jpg",
    "squareImage": "https://static.colruytgroup.com/images/500x500sq/std.lang.all/88/66/asset-3388866.jpg",
    "content": "335g",
    "walkRouteSequenceNumber": 4592,
    "price": {
      "basicPrice": 0.641,
      "recommendedQuantity": "1.0",
      "measurementUnitPrice": 3.89,
      "measurementUnit": "K",
      "isRedPrice": false,
      "pricePerUOM": 3.89,
      "activationDate": "24-02-2024",
      "recordSource": "Offline",
      "isPromoActive": "N",
      "priceChangeCode": "L"
    },
    "isAvailable": true,
    "isPriceAvailable": true,
    "inPromo": false,
    "gtin": [
      "15400141352952",
      "15400141232360",
      "05400141352955",
      "05400141232363",
      "05400141118407",
      "05400141999891",
      "15400141504894",
      "05400141504897",
      "15400141999898"
    ],
    "topCategoryName": "Chips/Borrelhapjes",
    "topCategoryId": "306",
    "businessDomain": "RETAIL_BE",
    "IsPrivateLabel": true,
    "IsBiffe": false,
    "WeightconversionFactor": "0",
    "IsWeightArticle": false,
    "nutriscoreLabel": "D",
    "IsBio": false,
    "CountryOfOrigin": "SPANJE",
    "IsExclusivelySoldInLuxembourg": false,
    "OrderUnit": "P",
    "ShortName": "BONI OLYF GROE ONTP335G",
    "IsNew": false,
    "EcoscoreLabel": "A",
    "RecentQuanityOfStockUnits": "12,1,1",
    "LongName": "BONI olijven groen ontpit 335g",
    "AlcoholVolume": "0",
    "FicCode": "I",
    "EcoscoreValue": "88"
  },
  {
    "productId": "452740",
    "technicalArticleNumber": "4030404",
    "commercialArticleNumber": "5573",
    "name": "groene olijven met kaas",
    "description": "*Zie verpakking",
    "brand": "EVERYDAY",
    "seoBrand": "Everyday",
    "thumbNail": "https://static.colruytgroup.com/images/200x200/std.lang.all/17/15/asset-2741715.jpg",
    "fullImage": "https://static.colruytgroup.com/images/500x500/std.lang.all/17/15/asset-2741715.jpg",
    "squareImage": "https://static.colruytgroup.com/images/500x500sq/std.lang.all/17/15/asset-2741715.jpg",
    "content": "200g",
    "walkRouteSequenceNumber": 7697,
    "price": {
      "basicPrice": 2.29,
      "recommendedQuantity": "1.0",
      "measurementUnitPrice": 11.45,
      "measurementUnit": "K",
      "isRedPrice": false,
      "pricePerUOM": 11.45,
      "activationDate": "02-03-2024",
      "recordSource": "Offline",
      "isPromoActive": "N",
      "priceChangeCode": "L"
    },
    "isAvailable": true,
    "isPriceAvailable": true,
    "inPromo": false,
    "gtin": [
      "05400141490442",
      "25400141269370",
      "05400141050653",
      "05400141269376",
      "05400141705928",
      "05400141944884"
    ],
    "topCategoryName": "Chips/Borrelhapjes",
    "topCategoryId": "306",
    "businessDomain": "RETAIL_BE",
    "IsPrivateLabel": true,
    "IsBiffe": false,
    "WeightconversionFactor": "0",
    "IsWeightArticle": false,
    "nutriscoreLabel": "D",
    "IsBio": false,
    "CountryOfOrigin": "MAROKKO",
    "IsExclusivelySoldInLuxembourg": false,
    "OrderUnit": "P",
    "ShortName": "EVD OLIJVEN KAAS 200G",
    "IsNew": false,
    "EcoscoreLabel": "B",
    "RecentQuanityOfStockUnits": "1,9",
    "LongName": "EVERYDAY groene olijven met kaas 200g",
    "FicCode": "I",
    "EcoscoreValue": "75"
  },
  {
    "productId": "817",
    "technicalArticleNumber": "12817",
    "commercialArticleNumber": "12817",
    "name": "tomaten gepeld",
    "description": "*Gepelde tomaten\nin tomatensap",
    "brand": "EVERYDAY",
    "seoBrand": "Everyday",
    "thumbNail": "https://static.colruytgroup.com/images/200x200/std.lang.all/29/94/asset-3432994.jpg",
    "fullImage": "https://static.colruytgroup.com/images/500x500/std.lang.all/29/94/asset-3432994.jpg",
    "squareImage": "https://static.colruytgroup.com/images/500x500sq/std.lang.all/29/94/asset-3432994.jpg",
    "content": "400g",
    "walkRouteSequenceNumber": 8524,
    "price": {
      "basicPrice": 0.45,
      "recommendedQuantity": "6.0",
      "measurementUnitPrice": 1.13,
      "measurementUnit": "K",
      "isRedPrice": false,
      "pricePerUOM": 1.13,
      "activationDate": "14-02-2024",
      "recordSource": "Offline",
      "isPromoActive": "N",
      "priceChangeCode": "L"
    },
    "isAvailable": true,
    "isPriceAvailable": true,
    "inPromo": false,
    "gtin": [
      "05400141019711",
      "05400141168808",
      "05400141170887",
      "05400141609424",
      "15400141909446",
      "35400141609425",
      "05400141845006",
      "15400141516071",
      "05400141516074",
      "15400141598770",
      "15400141845003",
      "25400141845000",
      "15400141609421",
      "05400141128178"
    ],
    "topCategoryName": "Conserven",
    "topCategoryId": "188",
    "businessDomain": "RETAIL_BE",
    "IsPrivateLabel": true,
    "IsBiffe": false,
    "WeightconversionFactor": "0",
    "IsWeightArticle": false,
    "nutriscoreLabel": "A",
    "IsBio": false,
    "CountryOfOrigin": "ITALIË",
    "IsExclusivelySoldInLuxembourg": false,
    "OrderUnit": "P",
    "ShortName": "EVERYDAY GEP TOM.400G",
    "IsNew": false,
    "EcoscoreLabel": "A",
    "RecentQuanityOfStockUnits": "1,6,1,6,24,24",
    "LongName": "EVERYDAY tomaten gepeld 400g",
    "AlcoholVolume": "0",
    "FicCode": "I",
    "EcoscoreValue": "90"
  },
  {
    "productId": "663",
    "technicalArticleNumber": "10029",
    "commercialArticleNumber": "10029",
    "name": "ananasschijf op sap",
    "description": "*4 ananasschijven op\nsap",
    "brand": "BONI",
    "seoBrand": "Boni Selection",
    "thumbNail": "https://static.colruytgroup.com/images/200x200/std.lang.all/29/32/asset-3212932.jpg",
    "fullImage": "https://static.colruytgroup.com/images/500x500/std.lang.all/29/32/asset-3212932.jpg",
    "squareImage": "https://static.colruytgroup.com/images/500x500sq/std.lang.all/29/32/asset-3212932.jpg",
    "content": "227g",
    "walkRouteSequenceNumber": 16515,
    "price": {
      "basicPrice": 0.683,
      "recommendedQuantity": "6.0",
      "measurementUnitPrice": 4.89,
      "measurementUnit": "K",
      "isRedPrice": false,
      "pricePerUOM": 4.89,
      "activationDate": "19-03-2024",
      "recordSource": "Offline",
      "isPromoActive": "N",
      "priceChangeCode": "L"
    },
    "isAvailable": true,
    "isPriceAvailable": true,
    "inPromo": false,
    "gtin": [
      "05400141207477",
      "05400141282542",
      "05400141286342",
      "15400141165682",
      "15400141282549",
      "15400141286349",
      "05400141165685",
      "05400141168228",
      "05400141020328",
      "05400141128598",
      "25400141282546",
      "25400141286346",
      "05400141458237",
      "05400141101294"
    ],
    "topCategoryName": "Conserven",
    "topCategoryId": "188",
    "businessDomain": "RETAIL_BE",
    "IsPrivateLabel": true,
    "IsBiffe": false,
    "WeightconversionFactor": "0",
    "IsWeightArticle": false,
    "nutriscoreLabel": "A",
    "IsBio": false,
    "CountryOfOrigin": "FILIPIJNEN",
    "IsExclusivelySoldInLuxembourg": false,
    "OrderUnit": "P",
    "ShortName": "BONI ANAN.SCHIJF SAP227",
    "IsNew": false,
    "EcoscoreLabel": "A",
    "RecentQuanityOfStockUnits": "1,6,6,1,1,48",
    "LongName": "BONI ananasschijf op sap 227g",
    "AlcoholVolume": "0",
    "FicCode": "I",
    "EcoscoreValue": "85"
  },
  {
    "productId": "949",
    "technicalArticleNumber": "28894",
    "commercialArticleNumber": "28894",
    "name": "groene olijven kaasblokjes",
    "description": "*Groen\n*Ontpit\n*Griekenland\n*Met kaasblokjes",
    "brand": "BONI",
    "seoBrand": "Boni Selection",
    "thumbNail": "https://static.colruytgroup.com/images/200x200/std.lang.all/15/10/asset-2741510.jpg",
    "fullImage": "https://static.colruytgroup.com/images/500x500/std.lang.all/15/10/asset-2741510.jpg",
    "squareImage": "https://static.colruytgroup.com/images/500x500sq/std.lang.all/15/10/asset-2741510.jpg",
    "content": "150g",
    "walkRouteSequenceNumber": 7687,
    "price": {
      "basicPrice": 2.89,
      "recommendedQuantity": "1.0",
      "measurementUnitPrice": 19.27,
      "measurementUnit": "K",
      "isRedPrice": false,
      "pricePerUOM": 19.27,
      "activationDate": "15-02-2024",
      "recordSource": "Offline",
      "isPromoActive": "N",
      "priceChangeCode": "E"
    },
    "isAvailable": true,
    "isPriceAvailable": true,
    "inPromo": false,
    "gtin": [
      "15400141974383",
      "05400141088946",
      "15400141406228",
      "05400141938029",
      "05400141090697",
      "05400141705959",
      "15400141088943",
      "05400141500646",
      "05400141406221"
    ],
    "topCategoryName": "Chips/Borrelhapjes",
    "topCategoryId": "306",
    "businessDomain": "RETAIL_BE",
    "IsPrivateLabel": true,
    "IsBiffe": false,
    "WeightconversionFactor": "0",
    "IsWeightArticle": false,
    "nutriscoreLabel": "D",
    "IsBio": false,
    "CountryOfOrigin": "GRIEKENLAND",
    "IsExclusivelySoldInLuxembourg": false,
    "OrderUnit": "P",
    "ShortName": "BONI GR.OLI.KAAS.150 GR",
    "IsNew": false,
    "EcoscoreLabel": "A",
    "RecentQuanityOfStockUnits": "1",
    "LongName": "BONI groene olijven kaasblokjes 150g",
    "AlcoholVolume": "0",
    "FicCode": "I",
    "EcoscoreValue": "97"
  },
  {
    "productId": "36800",
    "technicalArticleNumber": "1825760",
    "commercialArticleNumber": "10270",
    "name": "halve perzik siroop blik",
    "description": "*Halve perziken op\nlichte siroop",
    "brand": "EVERYDAY",
    "seoBrand": "Everyday",
    "thumbNail": "https://static.colruytgroup.com/images/200x200/std.lang.all/66/19/asset-3426619.jpg",
    "fullImage": "https://static.colruytgroup.com/images/500x500/std.lang.all/66/19/asset-3426619.jpg",
    "squareImage": "https://static.colruytgroup.com/images/500x500sq/std.lang.all/66/19/asset-3426619.jpg",
    "content": "820g",
    "walkRouteSequenceNumber": 16689,
    "price": {
      "basicPrice": 1.55,
      "recommendedQuantity": "1.0",
      "measurementUnitPrice": 3.34,
      "measurementUnit": "K",
      "isRedPrice": false,
      "pricePerUOM": 3.34,
      "activationDate": "14-11-2023",
      "recordSource": "Offline",
      "isPromoActive": "N",
      "priceChangeCode": "E"
    },
    "isAvailable": true,
    "isPriceAvailable": true,
    "inPromo": false,
    "gtin": [
      "15400141910473",
      "05400141019827",
      "05400141058390",
      "05400141113921",
      "05400141167443",
      "05400141334166",
      "05400141353327",
      "05400141427295",
      "05400141430240",
      "05400141602708",
      "15400141334163",
      "15400141785026",
      "15400141835110",
      "15400141585138",
      "05400141585131",
      "05400141075281",
      "15400141058397",
      "15400141985693"
    ],
    "topCategoryName": "Conserven",
    "topCategoryId": "188",
    "businessDomain": "RETAIL_BE",
    "IsPrivateLabel": true,
    "IsBiffe": false,
    "WeightconversionFactor": "0",
    "IsWeightArticle": false,
    "nutriscoreLabel": "B",
    "IsBio": false,
    "CountryOfOrigin": "GRIEKENLAND",
    "IsExclusivelySoldInLuxembourg": false,
    "OrderUnit": "P",
    "ShortName": "EVD HALVE PERZIK SIR820",
    "IsNew": false,
    "EcoscoreLabel": "A",
    "RecentQuanityOfStockUnits": "1,12,1,1,12,1",
    "LongName": "EVERYDAY halve perzik siroop blik 820g",
    "AlcoholVolume": "0",
    "FicCode": "I",
    "EcoscoreValue": "81"
  },
  {
    "productId": "947",
    "technicalArticleNumber": "28892",
    "commercialArticleNumber": "28892",
    "name": "groene olijven met look",
    "description": "*Groen\n*Ontpit\n*Griekenland\n*Met look",
    "brand": "BONI",
    "seoBrand": "Boni Selection",
    "thumbNail": "https://static.colruytgroup.com/images/200x200/std.lang.all/87/04/asset-2738704.jpg",
    "fullImage": "https://static.colruytgroup.com/images/500x500/std.lang.all/87/04/asset-2738704.jpg",
    "squareImage": "https://static.colruytgroup.com/images/500x500sq/std.lang.all/87/04/asset-2738704.jpg",
    "content": "150g",
    "walkRouteSequenceNumber": 7686,
    "price": {
      "basicPrice": 2.89,
      "recommendedQuantity": "1.0",
      "measurementUnitPrice": 19.27,
      "measurementUnit": "K",
      "isRedPrice": false,
      "pricePerUOM": 19.27,
      "activationDate": "02-01-2024",
      "recordSource": "Offline",
      "isPromoActive": "N",
      "priceChangeCode": "E"
    },
    "isAvailable": true,
    "isPriceAvailable": true,
    "inPromo": false,
    "gtin": [
      "05400141088922",
      "05400141980707",
      "15400141740728",
      "05400141740721",
      "05400141406214",
      "15400141980704",
      "15400141088929"
    ],
    "topCategoryName": "Chips/Borrelhapjes",
    "topCategoryId": "306",
    "businessDomain": "RETAIL_BE",
    "IsPrivateLabel": true,
    "IsBiffe": false,
    "WeightconversionFactor": "0",
    "IsWeightArticle": false,
    "nutriscoreLabel": "C",
    "IsBio": false,
    "CountryOfOrigin": "GRIEKENLAND",
    "IsExclusivelySoldInLuxembourg": false,
    "OrderUnit": "P",
    "ShortName": "BONI GR.OLI.LOOK 150 GR",
    "IsNew": false,
    "EcoscoreLabel": "B",
    "RecentQuanityOfStockUnits": "1",
    "LongName": "BONI groene olijven met look 150g",
    "AlcoholVolume": "0",
    "FicCode": "I",
    "EcoscoreValue": "75"
  },
  {
    "productId": "475436",
    "technicalArticleNumber": "4063436",
    "commercialArticleNumber": "7071",
    "name": "tomatenpuree dubbel geconc.",
    "description": "* Dubbel geconcentreerde tomatenpuree",
    "brand": "ELVEA",
    "seoBrand": "Elvea",
    "thumbNail": "https://static.colruytgroup.com/images/200x200/std.lang.all/79/44/asset-1767944.jpg",
    "fullImage": "https://static.colruytgroup.com/images/500x500/std.lang.all/79/44/asset-1767944.jpg",
    "squareImage": "https://static.colruytgroup.com/images/500x500sq/std.lang.all/79/44/asset-1767944.jpg",
    "content": "4x70g",
    "walkRouteSequenceNumber": 8450,
    "price": {
      "basicPrice": 1.99,
      "recommendedQuantity": "1.0",
      "measurementUnitPrice": 7.11,
      "measurementUnit": "K",
      "isRedPrice": false,
      "pricePerUOM": 7.11,
      "activationDate": "08-03-2024",
      "recordSource": "Offline",
      "isPromoActive": "N",
      "priceChangeCode": "E"
    },
    "isAvailable": true,
    "isPriceAvailable": true,
    "inPromo": false,
    "gtin": [
      "08001240021147",
      "08001240150748",
      "45400141267288"
    ],
    "topCategoryName": "Conserven",
    "topCategoryId": "188",
    "businessDomain": "RETAIL_BE",
    "IsPrivateLabel": false,
    "IsBiffe": false,
    "WeightconversionFactor": "0",
    "IsWeightArticle": false,
    "nutriscoreLabel": "A",
    "IsBio": false,
    "CountryOfOrigin": "ITALIË",
    "IsExclusivelySoldInLuxembourg": false,
    "OrderUnit": "P",
    "ShortName": "ELVE TOMATENPUR DUB4X70",
    "IsNew": false,
    "EcoscoreLabel": "B",
    "RecentQuanityOfStockUnits": "1,3",
    "LongName": "ELVEA tomatenpuree dubbel geconc. 4x70g",
    "AlcoholVolume": "0",
    "FicCode": "E",
    "EcoscoreValue": "74"
  },
  {
    "productId": "11562",
    "technicalArticleNumber": "1388534",
    "commercialArticleNumber": "12928",
    "name": "tomaten blokjes gepeld",
    "description": "*Blokjes gesneden\nuit gepelde tomaten",
    "brand": "ELVEA",
    "seoBrand": "Elvea",
    "thumbNail": "https://static.colruytgroup.com/images/200x200/std.lang.all/89/30/asset-1718930.jpg",
    "fullImage": "https://static.colruytgroup.com/images/500x500/std.lang.all/89/30/asset-1718930.jpg",
    "squareImage": "https://static.colruytgroup.com/images/500x500sq/std.lang.all/89/30/asset-1718930.jpg",
    "content": "800g",
    "walkRouteSequenceNumber": 8512,
    "price": {
      "basicPrice": 1.93,
      "recommendedQuantity": "3.0",
      "measurementUnitPrice": 2.42,
      "measurementUnit": "K",
      "isRedPrice": false,
      "pricePerUOM": 2.42,
      "activationDate": "14-03-2024",
      "recordSource": "Folder",
      "isPromoActive": "Y",
      "priceChangeCode": "H"
    },
    "isAvailable": true,
    "isPriceAvailable": true,
    "inPromo": true,
    "promotion": [
      {
        "techPromoId": "100864COLR",
        "promotionId": "100864",
        "promotionType": "3",
        "isPersonalized": "N",
        "publicationStartDate": "13-03-2024",
        "publicationEndDate": "26-03-2024"
      }
    ],
    "gtin": [
      "18001240044747",
      "08001240040735",
      "08001240040711"
    ],
    "topCategoryName": "Conserven",
    "topCategoryId": "188",
    "businessDomain": "RETAIL_BE",
    "IsPrivateLabel": false,
    "IsBiffe": false,
    "WeightconversionFactor": "0",
    "IsWeightArticle": false,
    "nutriscoreLabel": "A",
    "IsBio": false,
    "CountryOfOrigin": "ITALIË",
    "IsExclusivelySoldInLuxembourg": false,
    "OrderUnit": "P",
    "ShortName": "ELVEA BL.GEPELD.TOM.800",
    "IsNew": false,
    "EcoscoreLabel": "A",
    "RecentQuanityOfStockUnits": "1,12,3",
    "LongName": "ELVEA tomaten blokjes gepeld 800g",
    "AlcoholVolume": "0",
    "FicCode": "E",
    "EcoscoreValue": "100"
  },
  {
    "productId": "291562",
    "technicalArticleNumber": "3689959",
    "commercialArticleNumber": "34023",
    "name": "olijven mix Grieks",
    "brand": "BONI",
    "seoBrand": "Boni Selection",
    "thumbNail": "https://static.colruytgroup.com/images/200x200/std.lang.all/87/59/asset-2768759.jpg",
    "fullImage": "https://static.colruytgroup.com/images/500x500/std.lang.all/87/59/asset-2768759.jpg",
    "squareImage": "https://static.colruytgroup.com/images/500x500sq/std.lang.all/87/59/asset-2768759.jpg",
    "content": "150g",
    "walkRouteSequenceNumber": 7688,
    "price": {
      "basicPrice": 2.89,
      "recommendedQuantity": "1.0",
      "quantityPrice": 2.66,
      "quantityPriceQuantity": "3.0",
      "measurementUnitPrice": 19.27,
      "measurementUnitQuantityPrice": 17.74,
      "measurementUnit": "K",
      "isRedPrice": false,
      "pricePerUOM": 19.27,
      "activationDate": "17-11-2023",
      "isPromoActive": "N",
      "priceChangeCode": "E",
      "quantityPricePerUOM": 17.74,
      "quantityActivationDate": "17-11-2023",
      "quantityPriceChangeCode": "E"
    },
    "isAvailable": true,
    "isPriceAvailable": true,
    "inPromo": false,
    "gtin": [
      "05400141352481",
      "05400141387438",
      "05400141226676",
      "05400141986877",
      "15400141986874"
    ],
    "topCategoryName": "Chips/Borrelhapjes",
    "topCategoryId": "306",
    "businessDomain": "RETAIL_BE",
    "IsPrivateLabel": true,
    "IsBiffe": false,
    "WeightconversionFactor": "0",
    "IsWeightArticle": false,
    "nutriscoreLabel": "C",
    "IsBio": false,
    "CountryOfOrigin": "GRIEKENLAND",
    "IsExclusivelySoldInLuxembourg": false,
    "OrderUnit": "P",
    "ShortName": "BONI OLIJVENMIX 150GR",
    "IsNew": false,
    "EcoscoreLabel": "A",
    "RecentQuanityOfStockUnits": "1",
    "LongName": "BONI olijven mix Grieks 150g",
    "AlcoholVolume": "0",
    "FicCode": "I",
    "EcoscoreValue": "85"
  },
  {
    "productId": "804",
    "technicalArticleNumber": "13487",
    "commercialArticleNumber": "13487",
    "name": "kappertjes azijn",
    "description": "Kappertjes op azijn. Lekker bij filet\namericain, in sausen, op belegde\nbroodjes, bij visgerechten of op\npizza.",
    "brand": "BONI",
    "seoBrand": "Boni Selection",
    "thumbNail": "https://static.colruytgroup.com/images/200x200/std.lang.all/61/01/asset-3176101.jpg",
    "fullImage": "https://static.colruytgroup.com/images/500x500/std.lang.all/61/01/asset-3176101.jpg",
    "squareImage": "https://static.colruytgroup.com/images/500x500sq/std.lang.all/61/01/asset-3176101.jpg",
    "content": "100g",
    "walkRouteSequenceNumber": 16380,
    "price": {
      "basicPrice": 0.89,
      "recommendedQuantity": "1.0",
      "measurementUnitPrice": 14.84,
      "measurementUnit": "K",
      "isRedPrice": false,
      "pricePerUOM": 14.84,
      "activationDate": "14-11-2023",
      "recordSource": "Offline",
      "isPromoActive": "N",
      "priceChangeCode": "E"
    },
    "isAvailable": true,
    "isPriceAvailable": true,
    "inPromo": false,
    "gtin": [
      "05400141034516",
      "05400141057492",
      "05400141134872",
      "05400141216677",
      "05400141353006",
      "15400141216674",
      "15400141353003"
    ],
    "topCategoryName": "Kruidenierswaren/Droge voeding",
    "topCategoryId": "233",
    "businessDomain": "RETAIL_BE",
    "IsPrivateLabel": true,
    "IsBiffe": false,
    "WeightconversionFactor": "0",
    "IsWeightArticle": false,
    "nutriscoreLabel": "E",
    "IsBio": false,
    "CountryOfOrigin": "SPANJE",
    "IsExclusivelySoldInLuxembourg": false,
    "OrderUnit": "P",
    "ShortName": "BONI KAPPERS 100G",
    "IsNew": false,
    "RecentQuanityOfStockUnits": "1,12",
    "LongName": "BONI kappertjes azijn 100g",
    "AlcoholVolume": "0",
    "FicCode": "I"
  },
  {
    "productId": "119123",
    "technicalArticleNumber": "3012530",
    "commercialArticleNumber": "14143",
    "name": "Frankfurterworsten bok",
    "description": "*5\nfrankfurterworsten",
    "brand": "EVERYDAY",
    "seoBrand": "Everyday",
    "thumbNail": "https://static.colruytgroup.com/images/200x200/std.lang.all/37/67/asset-2513767.jpg",
    "fullImage": "https://static.colruytgroup.com/images/500x500/std.lang.all/37/67/asset-2513767.jpg",
    "squareImage": "https://static.colruytgroup.com/images/500x500sq/std.lang.all/37/67/asset-2513767.jpg",
    "content": "380g",
    "walkRouteSequenceNumber": 16794,
    "price": {
      "basicPrice": 1.45,
      "recommendedQuantity": "3.0",
      "measurementUnitPrice": 5.8,
      "measurementUnit": "K",
      "isRedPrice": false,
      "pricePerUOM": 5.8,
      "activationDate": "22-06-2023",
      "recordSource": "Offline",
      "isPromoActive": "N",
      "priceChangeCode": "E"
    },
    "isAvailable": true,
    "isPriceAvailable": true,
    "inPromo": false,
    "gtin": [
      "05400141573398",
      "05400141167924",
      "05400141169980",
      "05400141111392",
      "05400141573404"
    ],
    "topCategoryName": "Conserven",
    "topCategoryId": "188",
    "businessDomain": "RETAIL_BE",
    "IsPrivateLabel": true,
    "IsBiffe": false,
    "WeightconversionFactor": "0",
    "IsWeightArticle": false,
    "nutriscoreLabel": "D",
    "IsBio": false,
    "CountryOfOrigin": "DUITSLAND",
    "IsExclusivelySoldInLuxembourg": false,
    "OrderUnit": "P",
    "ShortName": "EVD FRANKF.WOR.5ST 380G",
    "InSeason": true,
    "IsNew": false,
    "EcoscoreLabel": "E",
    "RecentQuanityOfStockUnits": "12,1,1",
    "LongName": "EVERYDAY Frankfurterworsten bok 380g",
    "AlcoholVolume": "0",
    "StartSeasonDate": "31/08/2022",
    "FicCode": "I",
    "EcoscoreValue": "19"
  },
  {
    "productId": "200643",
    "technicalArticleNumber": "3422731",
    "commercialArticleNumber": "30377",
    "name": "guacamole mild",
    "description": "*Guacamole op basis\nvan Mexicaanse Hass\navocado's, met\ntomaat, paprika, ui\nen milde kruiding",
    "brand": "BONI",
    "seoBrand": "Boni Selection",
    "thumbNail": "https://static.colruytgroup.com/images/200x200/std.lang.all/94/03/asset-2439403.jpg",
    "fullImage": "https://static.colruytgroup.com/images/500x500/std.lang.all/94/03/asset-2439403.jpg",
    "squareImage": "https://static.colruytgroup.com/images/500x500sq/std.lang.all/94/03/asset-2439403.jpg",
    "content": "200g",
    "walkRouteSequenceNumber": 7763,
    "price": {
      "basicPrice": 2.99,
      "recommendedQuantity": "1.0",
      "quantityPrice": 2.75,
      "quantityPriceQuantity": "3.0",
      "measurementUnitPrice": 14.95,
      "measurementUnitQuantityPrice": 13.75,
      "measurementUnit": "K",
      "isRedPrice": false,
      "pricePerUOM": 14.95,
      "activationDate": "07-03-2024",
      "recordSource": "Offline",
      "isPromoActive": "N",
      "priceChangeCode": "E",
      "quantityPricePerUOM": 13.75,
      "quantityActivationDate": "07-03-2024",
      "quantityPriceChangeCode": "H"
    },
    "isAvailable": true,
    "isPriceAvailable": true,
    "inPromo": false,
    "gtin": [
      "05400141354478",
      "15400141354475",
      "15400141377078",
      "05400141440362",
      "15400141440369",
      "05400141216943"
    ],
    "topCategoryName": "Chips/Borrelhapjes",
    "topCategoryId": "306",
    "businessDomain": "RETAIL_BE",
    "IsPrivateLabel": true,
    "IsBiffe": false,
    "WeightconversionFactor": "0",
    "IsWeightArticle": false,
    "nutriscoreLabel": "A",
    "IsBio": false,
    "CountryOfOrigin": "BELGIË",
    "IsExclusivelySoldInLuxembourg": false,
    "OrderUnit": "P",
    "ShortName": "BONI GUACA MILD 200G",
    "IsNew": false,
    "EcoscoreLabel": "B",
    "RecentQuanityOfStockUnits": "1",
    "LongName": "BONI guacamole mild 200g",
    "AlcoholVolume": "0",
    "FicCode": "I",
    "EcoscoreValue": "64"
  },
  {
    "productId": "2480",
    "technicalArticleNumber": "1099899",
    "commercialArticleNumber": "11961",
    "name": "witte bonen tomatensaus",
    "description": "*Witte bonen in\ntomatensaus",
    "brand": "HAK",
    "seoBrand": "Hak",
    "thumbNail": "https://static.colruytgroup.com/images/200x200/std.lang.all/88/02/asset-3378802.jpg",
    "fullImage": "https://static.colruytgroup.com/images/500x500/std.lang.all/88/02/asset-3378802.jpg",
    "squareImage": "https://static.colruytgroup.com/images/500x500sq/std.lang.all/88/02/asset-3378802.jpg",
    "content": "360g",
    "walkRouteSequenceNumber": 16476,
    "price": {
      "basicPrice": 0.99,
      "recommendedQuantity": "1.0",
      "measurementUnitPrice": 2.75,
      "measurementUnit": "K",
      "isRedPrice": false,
      "pricePerUOM": 2.75,
      "activationDate": "23-03-2024",
      "recordSource": "Folder",
      "isPromoActive": "N",
      "priceChangeCode": "E"
    },
    "isAvailable": true,
    "isPriceAvailable": true,
    "inPromo": false,
    "gtin": [
      "00000025119619",
      "05400141119619",
      "08720600136108",
      "08720600137105",
      "08720600622441",
      "08720600622434"
    ],
    "topCategoryName": "Conserven",
    "topCategoryId": "188",
    "businessDomain": "RETAIL_BE",
    "IsPrivateLabel": false,
    "IsBiffe": false,
    "WeightconversionFactor": "0",
    "IsWeightArticle": false,
    "nutriscoreLabel": "A",
    "IsBio": false,
    "CountryOfOrigin": "BELGIË",
    "IsExclusivelySoldInLuxembourg": false,
    "OrderUnit": "P",
    "ShortName": "HAK BONEN TOMAAT 360G",
    "IsNew": false,
    "EcoscoreLabel": "B",
    "RecentQuanityOfStockUnits": "12,1",
    "LongName": "HAK witte bonen tomatensaus 360g",
    "AlcoholVolume": "0",
    "FicCode": "E",
    "EcoscoreValue": "77"
  },
  {
    "productId": "3126",
    "technicalArticleNumber": "1044401",
    "commercialArticleNumber": "11417",
    "name": "schorseneren",
    "description": "*Schorseneren",
    "brand": "EVERYDAY",
    "seoBrand": "Everyday",
    "thumbNail": "https://static.colruytgroup.com/images/200x200/std.lang.all/06/16/asset-540616.jpg",
    "fullImage": "https://static.colruytgroup.com/images/500x500/std.lang.all/06/16/asset-540616.jpg",
    "squareImage": "https://static.colruytgroup.com/images/500x500sq/std.lang.all/06/16/asset-540616.jpg",
    "content": "540g",
    "walkRouteSequenceNumber": 16347,
    "price": {
      "basicPrice": 1.25,
      "recommendedQuantity": "1.0",
      "measurementUnitPrice": 3.91,
      "measurementUnit": "K",
      "isRedPrice": false,
      "pricePerUOM": 3.91,
      "activationDate": "14-11-2023",
      "recordSource": "Offline",
      "isPromoActive": "N",
      "priceChangeCode": "E"
    },
    "isAvailable": true,
    "isPriceAvailable": true,
    "inPromo": false,
    "gtin": [
      "05400141114171",
      "15400141910107",
      "05400141124170",
      "05400141168631"
    ],
    "topCategoryName": "Conserven",
    "topCategoryId": "188",
    "businessDomain": "RETAIL_BE",
    "IsPrivateLabel": true,
    "IsBiffe": false,
    "WeightconversionFactor": "0",
    "IsWeightArticle": false,
    "nutriscoreLabel": "A",
    "IsBio": false,
    "CountryOfOrigin": "BELGIË",
    "IsExclusivelySoldInLuxembourg": false,
    "OrderUnit": "P",
    "ShortName": "EVD SCHORSENEREN 540G",
    "InSeason": true,
    "IsNew": false,
    "EcoscoreLabel": "A",
    "RecentQuanityOfStockUnits": "12,1",
    "LongName": "EVERYDAY schorseneren 540g",
    "AlcoholVolume": "0",
    "StartSeasonDate": "22/11/2002",
    "FicCode": "I",
    "EcoscoreValue": "100"
  },
  {
    "productId": "3841",
    "technicalArticleNumber": "1004650",
    "commercialArticleNumber": "9017",
    "name": "cocktailworstjes",
    "description": "*12 cocktailworstjes\n*Met 58 %\nkippenseparatorvlees\nen 8 % varkensvlees",
    "brand": "EVERYDAY",
    "seoBrand": "Everyday",
    "thumbNail": "https://static.colruytgroup.com/images/200x200/std.lang.all/69/56/asset-2966956.jpg",
    "fullImage": "https://static.colruytgroup.com/images/500x500/std.lang.all/69/56/asset-2966956.jpg",
    "squareImage": "https://static.colruytgroup.com/images/500x500sq/std.lang.all/69/56/asset-2966956.jpg",
    "content": "200g",
    "walkRouteSequenceNumber": 4614,
    "price": {
      "basicPrice": 0.89,
      "recommendedQuantity": "1.0",
      "quantityPrice": 0.715,
      "quantityPriceQuantity": "2.0",
      "measurementUnitPrice": 7.42,
      "measurementUnitQuantityPrice": 5.96,
      "measurementUnit": "K",
      "isRedPrice": false,
      "pricePerUOM": 7.42,
      "activationDate": "20-03-2024",
      "recordSource": "Offline",
      "isPromoActive": "N",
      "priceChangeCode": "E",
      "quantityPricePerUOM": 5.96,
      "quantityActivationDate": "20-03-2024",
      "quantityPriceChangeCode": "H"
    },
    "isAvailable": true,
    "isPriceAvailable": true,
    "inPromo": false,
    "gtin": [
      "15400141566717",
      "05400141566710",
      "05400141571325",
      "05400141055917",
      "05400141167627",
      "05400141275988",
      "15400141275985"
    ],
    "topCategoryName": "Conserven",
    "topCategoryId": "188",
    "businessDomain": "RETAIL_BE",
    "IsPrivateLabel": true,
    "IsBiffe": false,
    "WeightconversionFactor": "0",
    "IsWeightArticle": false,
    "nutriscoreLabel": "D",
    "IsBio": false,
    "CountryOfOrigin": "BELGIË",
    "IsExclusivelySoldInLuxembourg": false,
    "OrderUnit": "P",
    "ShortName": "EVD COCKTAILWORST 200G",
    "IsNew": false,
    "EcoscoreLabel": "E",
    "RecentQuanityOfStockUnits": "12,1",
    "LongName": "EVERYDAY cocktailworstjes 200g",
    "AlcoholVolume": "0",
    "FicCode": "I",
    "EcoscoreValue": "15"
  },
  {
    "productId": "91030",
    "technicalArticleNumber": "2840107",
    "commercialArticleNumber": "33256",
    "name": "vol-au-vent bokaal",
    "description": "*Vol-au-vent\n*Aantal porties: 2\n*Opwarmen in de pan,\nin de microgolfoven",
    "brand": "EVERYDAY",
    "seoBrand": "Everyday",
    "thumbNail": "https://static.colruytgroup.com/images/200x200/std.lang.all/37/03/asset-2733703.jpg",
    "fullImage": "https://static.colruytgroup.com/images/500x500/std.lang.all/37/03/asset-2733703.jpg",
    "squareImage": "https://static.colruytgroup.com/images/500x500sq/std.lang.all/37/03/asset-2733703.jpg",
    "content": "800g",
    "walkRouteSequenceNumber": 16840,
    "price": {
      "basicPrice": 3.29,
      "recommendedQuantity": "1.0",
      "measurementUnitPrice": 4.12,
      "measurementUnit": "K",
      "isRedPrice": false,
      "pricePerUOM": 4.12,
      "activationDate": "08-02-2024",
      "recordSource": "Offline",
      "isPromoActive": "N",
      "priceChangeCode": "H"
    },
    "isAvailable": true,
    "isPriceAvailable": true,
    "inPromo": false,
    "gtin": [
      "05400141387780",
      "05400141073935",
      "15400141835547",
      "05400141033069",
      "05400141383454",
      "05400141862461"
    ],
    "topCategoryName": "Conserven",
    "topCategoryId": "188",
    "businessDomain": "RETAIL_BE",
    "IsPrivateLabel": true,
    "IsBiffe": false,
    "WeightconversionFactor": "0",
    "IsWeightArticle": false,
    "nutriscoreLabel": "C",
    "IsBio": false,
    "CountryOfOrigin": "BELGIË",
    "IsExclusivelySoldInLuxembourg": false,
    "OrderUnit": "P",
    "ShortName": "EVD VOL AU VENT 800G",
    "IsNew": false,
    "EcoscoreLabel": "C",
    "RecentQuanityOfStockUnits": "1,12",
    "LongName": "EVERYDAY vol-au-vent bokaal 800g",
    "AlcoholVolume": "0",
    "FicCode": "I",
    "EcoscoreValue": "41"
  },
  {
    "productId": "18792",
    "technicalArticleNumber": "1771704",
    "commercialArticleNumber": "19299",
    "name": "soepparels",
    "description": "*Soepparels",
    "brand": "BONI",
    "seoBrand": "Boni Selection",
    "thumbNail": "https://static.colruytgroup.com/images/200x200/std.lang.all/67/97/asset-686797.jpg",
    "fullImage": "https://static.colruytgroup.com/images/500x500/std.lang.all/67/97/asset-686797.jpg",
    "squareImage": "https://static.colruytgroup.com/images/500x500sq/std.lang.all/67/97/asset-686797.jpg",
    "content": "200g",
    "walkRouteSequenceNumber": 16996,
    "price": {
      "basicPrice": 1.19,
      "recommendedQuantity": "1.0",
      "measurementUnitPrice": 5.95,
      "measurementUnit": "K",
      "isRedPrice": false,
      "pricePerUOM": 5.95,
      "activationDate": "14-11-2023",
      "recordSource": "Offline",
      "isPromoActive": "N",
      "priceChangeCode": "E"
    },
    "isAvailable": true,
    "isPriceAvailable": true,
    "inPromo": false,
    "gtin": [
      "05400141210767",
      "15400141956198",
      "09001411222006",
      "09001411222051",
      "15400141394440",
      "05400141394443"
    ],
    "topCategoryName": "Kruidenierswaren/Droge voeding",
    "topCategoryId": "233",
    "businessDomain": "RETAIL_BE",
    "IsPrivateLabel": true,
    "IsBiffe": false,
    "WeightconversionFactor": "0",
    "IsWeightArticle": false,
    "nutriscoreLabel": "E",
    "IsBio": false,
    "CountryOfOrigin": "OOSTENRIJK",
    "IsExclusivelySoldInLuxembourg": false,
    "OrderUnit": "P",
    "ShortName": "BONI SOEPPARELS 200GR",
    "IsNew": false,
    "EcoscoreLabel": "C",
    "RecentQuanityOfStockUnits": "1,16",
    "LongName": "BONI soepparels 200g",
    "AlcoholVolume": "0",
    "FicCode": "I",
    "EcoscoreValue": "43"
  },
  {
    "productId": "714",
    "technicalArticleNumber": "10652",
    "commercialArticleNumber": "10652",
    "name": "noordkrieken ontpit siroop",
    "description": "*Ontpitte\nnoordkrieken op\nlichte siroop",
    "brand": "BONI",
    "seoBrand": "Boni Selection",
    "thumbNail": "https://static.colruytgroup.com/images/200x200/std.lang.all/50/99/asset-2015099.jpg",
    "fullImage": "https://static.colruytgroup.com/images/500x500/std.lang.all/50/99/asset-2015099.jpg",
    "squareImage": "https://static.colruytgroup.com/images/500x500sq/std.lang.all/50/99/asset-2015099.jpg",
    "content": "700g",
    "walkRouteSequenceNumber": 16610,
    "price": {
      "basicPrice": 1.39,
      "recommendedQuantity": "1.0",
      "measurementUnitPrice": 3.98,
      "measurementUnit": "K",
      "isRedPrice": false,
      "pricePerUOM": 3.98,
      "activationDate": "19-12-2023",
      "recordSource": "Offline",
      "isPromoActive": "N",
      "priceChangeCode": "E"
    },
    "isAvailable": true,
    "isPriceAvailable": true,
    "inPromo": false,
    "gtin": [
      "05400141296518",
      "05400141306521",
      "05400141359015",
      "15400141281368",
      "15400141968238",
      "25400141281365",
      "05400141010657",
      "05400141083033",
      "05400141106527",
      "05400141281361",
      "05400141294446",
      "15400141604969",
      "05400141604962"
    ],
    "topCategoryName": "Conserven",
    "topCategoryId": "188",
    "businessDomain": "RETAIL_BE",
    "IsPrivateLabel": true,
    "IsBiffe": false,
    "WeightconversionFactor": "0",
    "IsWeightArticle": false,
    "nutriscoreLabel": "B",
    "IsBio": false,
    "CountryOfOrigin": "NEDERLAND",
    "IsExclusivelySoldInLuxembourg": false,
    "OrderUnit": "P",
    "ShortName": "BONI NOORDKRIEK.SIR.700",
    "IsNew": false,
    "EcoscoreLabel": "C",
    "RecentQuanityOfStockUnits": "1,1,12,12",
    "LongName": "BONI noordkrieken ontpit siroop 700g",
    "AlcoholVolume": "0",
    "FicCode": "I",
    "EcoscoreValue": "54"
  },
  {
    "productId": "113215",
    "technicalArticleNumber": "3002190",
    "commercialArticleNumber": "8446",
    "name": "gevulde kerspaprika",
    "description": "*Kerspaprika gevuld\nmet roomkaas",
    "brand": "BONI",
    "seoBrand": "Boni Selection",
    "thumbNail": "https://static.colruytgroup.com/images/200x200/std.lang.all/91/85/asset-2429185.jpg",
    "fullImage": "https://static.colruytgroup.com/images/500x500/std.lang.all/91/85/asset-2429185.jpg",
    "squareImage": "https://static.colruytgroup.com/images/500x500sq/std.lang.all/91/85/asset-2429185.jpg",
    "content": "150g",
    "walkRouteSequenceNumber": 7673,
    "price": {
      "basicPrice": 2.19,
      "recommendedQuantity": "1.0",
      "measurementUnitPrice": 14.6,
      "measurementUnit": "K",
      "isRedPrice": false,
      "pricePerUOM": 14.6,
      "activationDate": "08-03-2024",
      "recordSource": "Offline",
      "isPromoActive": "N",
      "priceChangeCode": "L"
    },
    "isAvailable": true,
    "isPriceAvailable": true,
    "inPromo": false,
    "gtin": [
      "15400141979258",
      "05400141979251",
      "05400141165838",
      "15400141970972",
      "15400141972235",
      "15400141442158",
      "05400141278576",
      "05400141214086",
      "05400141157284",
      "05400141081978",
      "05400141073584",
      "05400141506631",
      "15400141506638"
    ],
    "topCategoryName": "Chips/Borrelhapjes",
    "topCategoryId": "306",
    "businessDomain": "RETAIL_BE",
    "IsPrivateLabel": true,
    "IsBiffe": false,
    "WeightconversionFactor": "0",
    "IsWeightArticle": false,
    "nutriscoreLabel": "D",
    "IsBio": false,
    "CountryOfOrigin": "DUITSLAND",
    "IsExclusivelySoldInLuxembourg": false,
    "OrderUnit": "P",
    "ShortName": "BONI GEV.KERSPAPRI.150G",
    "IsNew": false,
    "RecentQuanityOfStockUnits": "1,1",
    "LongName": "BONI gevulde kerspaprika 150g",
    "AlcoholVolume": "0",
    "FicCode": "I"
  },
  {
    "productId": "716",
    "technicalArticleNumber": "11003",
    "commercialArticleNumber": "11003",
    "name": "zoete maïs blik",
    "description": "*Zoete maïskorrels\n*Variëteit:\nSupersweet, extra\nzoet",
    "brand": "BONI",
    "seoBrand": "Boni Selection",
    "thumbNail": "https://static.colruytgroup.com/images/200x200/std.lang.all/91/11/asset-3329111.jpg",
    "fullImage": "https://static.colruytgroup.com/images/500x500/std.lang.all/91/11/asset-3329111.jpg",
    "squareImage": "https://static.colruytgroup.com/images/500x500sq/std.lang.all/91/11/asset-3329111.jpg",
    "content": "330g",
    "walkRouteSequenceNumber": 16401,
    "price": {
      "basicPrice": 0.89,
      "recommendedQuantity": "1.0",
      "quantityPrice": 0.665,
      "quantityPriceQuantity": "2.0",
      "measurementUnitPrice": 2.7,
      "measurementUnitQuantityPrice": 2.02,
      "measurementUnit": "K",
      "isRedPrice": false,
      "pricePerUOM": 2.7,
      "activationDate": "20-03-2024",
      "recordSource": "Offline",
      "isPromoActive": "N",
      "priceChangeCode": "E",
      "quantityPricePerUOM": 2.02,
      "quantityActivationDate": "20-03-2024",
      "quantityPriceChangeCode": "L"
    },
    "isAvailable": true,
    "isPriceAvailable": true,
    "inPromo": false,
    "gtin": [
      "05400141096354",
      "05400141096361",
      "05400141294392",
      "05400141296488",
      "05400141326994",
      "05400141327052",
      "05400141410037",
      "15400141327059",
      "15400141096368"
    ],
    "topCategoryName": "Conserven",
    "topCategoryId": "188",
    "businessDomain": "RETAIL_BE",
    "IsPrivateLabel": true,
    "IsBiffe": false,
    "WeightconversionFactor": "0",
    "IsWeightArticle": false,
    "nutriscoreLabel": "A",
    "IsBio": false,
    "CountryOfOrigin": "FRANKRIJK",
    "IsExclusivelySoldInLuxembourg": false,
    "OrderUnit": "P",
    "ShortName": "BONI MAIS 330G .",
    "IsNew": false,
    "EcoscoreLabel": "A",
    "RecentQuanityOfStockUnits": "1,12",
    "LongName": "BONI zoete maïs blik 330g",
    "AlcoholVolume": "0",
    "FicCode": "I",
    "EcoscoreValue": "95"
  },
  {
    "productId": "595075",
    "technicalArticleNumber": "4256348",
    "commercialArticleNumber": "22135",
    "name": "makreelfilets tomatensaus",
    "brand": "EVERYDAY",
    "seoBrand": "Everyday",
    "thumbNail": "https://static.colruytgroup.com/images/200x200/std.lang.all/55/86/asset-2165586.jpg",
    "fullImage": "https://static.colruytgroup.com/images/500x500/std.lang.all/55/86/asset-2165586.jpg",
    "squareImage": "https://static.colruytgroup.com/images/500x500sq/std.lang.all/55/86/asset-2165586.jpg",
    "content": "125g",
    "walkRouteSequenceNumber": 16642,
    "price": {
      "basicPrice": 0.99,
      "recommendedQuantity": "1.0",
      "measurementUnitPrice": 7.92,
      "measurementUnit": "K",
      "isRedPrice": false,
      "pricePerUOM": 7.92,
      "activationDate": "01-03-2024",
      "recordSource": "Offline",
      "isPromoActive": "N",
      "priceChangeCode": "H"
    },
    "isAvailable": true,
    "isPriceAvailable": true,
    "inPromo": false,
    "gtin": [
      "15400141387633",
      "05400141387636",
      "55400141387952"
    ],
    "topCategoryName": "Conserven",
    "topCategoryId": "188",
    "businessDomain": "RETAIL_BE",
    "IsPrivateLabel": true,
    "IsBiffe": false,
    "WeightconversionFactor": "0",
    "IsWeightArticle": false,
    "nutriscoreLabel": "B",
    "IsBio": false,
    "CountryOfOrigin": "DENEMARKEN",
    "IsExclusivelySoldInLuxembourg": false,
    "OrderUnit": "P",
    "ShortName": "EVD MAK.FIL.TOM.SAUS125",
    "IsNew": false,
    "EcoscoreLabel": "D",
    "RecentQuanityOfStockUnits": "12,1",
    "LongName": "EVERYDAY makreelfilets tomatensaus 125g",
    "FicCode": "I",
    "EcoscoreValue": "39"
  },
  {
    "productId": "802",
    "technicalArticleNumber": "13464",
    "commercialArticleNumber": "13464",
    "name": "augurkenschijfjes zoetzuur",
    "description": "Zoetzure augurken in schijfjes. Lekker\nbij het aperitief, bij een koude\nschotel, met filet américain enz.",
    "brand": "BONI",
    "seoBrand": "Boni Selection",
    "thumbNail": "https://static.colruytgroup.com/images/200x200/std.lang.all/40/90/asset-2294090.jpg",
    "fullImage": "https://static.colruytgroup.com/images/500x500/std.lang.all/40/90/asset-2294090.jpg",
    "squareImage": "https://static.colruytgroup.com/images/500x500sq/std.lang.all/40/90/asset-2294090.jpg",
    "content": "670g",
    "walkRouteSequenceNumber": 16342,
    "price": {
      "basicPrice": 1.31,
      "recommendedQuantity": "1.0",
      "measurementUnitPrice": 3.86,
      "measurementUnit": "K",
      "isRedPrice": false,
      "pricePerUOM": 3.86,
      "activationDate": "22-03-2024",
      "recordSource": "Offline",
      "isPromoActive": "N",
      "priceChangeCode": "H"
    },
    "isAvailable": true,
    "isPriceAvailable": true,
    "inPromo": false,
    "gtin": [
      "05400141298628",
      "05400141407556",
      "15400141298625",
      "15400141837985",
      "05400141115970"
    ],
    "topCategoryName": "Kruidenierswaren/Droge voeding",
    "topCategoryId": "233",
    "businessDomain": "RETAIL_BE",
    "IsPrivateLabel": true,
    "IsBiffe": false,
    "WeightconversionFactor": "0",
    "IsWeightArticle": false,
    "nutriscoreLabel": "A",
    "IsBio": false,
    "CountryOfOrigin": "NEDERLAND",
    "IsExclusivelySoldInLuxembourg": false,
    "OrderUnit": "P",
    "ShortName": "BONI GESN AUGU 670G ZZ",
    "InSeason": true,
    "IsNew": false,
    "EcoscoreLabel": "A",
    "RecentQuanityOfStockUnits": "12,1",
    "LongName": "BONI augurkenschijfjes zoetzuur 670g",
    "AlcoholVolume": "0",
    "StartSeasonDate": "28/07/2000",
    "FicCode": "I",
    "EcoscoreValue": "100"
  },
  {
    "productId": "131856",
    "technicalArticleNumber": "3188075",
    "commercialArticleNumber": "26316",
    "name": "tomatensoep met balletjes",
    "description": "*Met tomaat,\n3,5% kippenballetjes\n*In de kookpot",
    "brand": "BONI",
    "seoBrand": "Boni Selection",
    "thumbNail": "https://static.colruytgroup.com/images/200x200/std.lang.all/10/95/asset-3351095.jpg",
    "fullImage": "https://static.colruytgroup.com/images/500x500/std.lang.all/10/95/asset-3351095.jpg",
    "squareImage": "https://static.colruytgroup.com/images/500x500sq/std.lang.all/10/95/asset-3351095.jpg",
    "content": "950ml",
    "walkRouteSequenceNumber": 6632,
    "price": {
      "basicPrice": 2.99,
      "recommendedQuantity": "1.0",
      "measurementUnitPrice": 3.15,
      "measurementUnit": "L",
      "isRedPrice": false,
      "pricePerUOM": 3.15,
      "activationDate": "22-03-2024",
      "recordSource": "Offline",
      "isPromoActive": "N",
      "priceChangeCode": "E"
    },
    "isAvailable": true,
    "isPriceAvailable": true,
    "inPromo": false,
    "gtin": [
      "05400141022681",
      "05400141158830",
      "05400141098655",
      "05400141074451",
      "05400141777802"
    ],
    "topCategoryName": "Bereidingen/Charcuterie/Vis/Veggie",
    "topCategoryId": "105",
    "businessDomain": "RETAIL_BE",
    "IsPrivateLabel": true,
    "IsBiffe": false,
    "WeightconversionFactor": "0",
    "IsWeightArticle": false,
    "nutriscoreLabel": "C",
    "IsBio": false,
    "CountryOfOrigin": "BELGIË",
    "IsExclusivelySoldInLuxembourg": false,
    "OrderUnit": "P",
    "ShortName": "BONI TOM.SOEP BAL.950ML",
    "InSeason": true,
    "IsNew": false,
    "EcoscoreLabel": "B",
    "RecentQuanityOfStockUnits": "1",
    "LongName": "BONI tomatensoep met balletjes 950ml",
    "AlcoholVolume": "0",
    "StartSeasonDate": "05/07/2016",
    "FicCode": "I",
    "EcoscoreValue": "60"
  },
  {
    "productId": "195029",
    "technicalArticleNumber": "3439968",
    "commercialArticleNumber": "50159",
    "name": "Pizza a Casa tomatensaus brik",
    "brand": "ELVEA",
    "seoBrand": "Elvea",
    "thumbNail": "https://static.colruytgroup.com/images/200x200/std.lang.all/89/43/asset-1718943.jpg",
    "fullImage": "https://static.colruytgroup.com/images/500x500/std.lang.all/89/43/asset-1718943.jpg",
    "squareImage": "https://static.colruytgroup.com/images/500x500sq/std.lang.all/89/43/asset-1718943.jpg",
    "content": "250g",
    "walkRouteSequenceNumber": 8442,
    "price": {
      "basicPrice": 1.59,
      "recommendedQuantity": "1.0",
      "measurementUnitPrice": 6.36,
      "measurementUnit": "K",
      "isRedPrice": false,
      "pricePerUOM": 6.36,
      "activationDate": "19-03-2024",
      "recordSource": "Offline",
      "isPromoActive": "N",
      "priceChangeCode": "H"
    },
    "isAvailable": true,
    "isPriceAvailable": true,
    "inPromo": false,
    "gtin": [
      "18001240101617",
      "08001240101016"
    ],
    "topCategoryName": "Conserven",
    "topCategoryId": "188",
    "businessDomain": "RETAIL_BE",
    "IsPrivateLabel": false,
    "IsBiffe": false,
    "WeightconversionFactor": "0",
    "IsWeightArticle": false,
    "nutriscoreLabel": "A",
    "IsBio": false,
    "CountryOfOrigin": "ITALIË",
    "IsExclusivelySoldInLuxembourg": false,
    "OrderUnit": "P",
    "ShortName": "ELVEA PIZZA A CASA 250G",
    "IsNew": false,
    "EcoscoreLabel": "A",
    "RecentQuanityOfStockUnits": "1,16",
    "LongName": "ELVEA Pizza a Casa tomatensaus brik 250g",
    "AlcoholVolume": "0",
    "FicCode": "E",
    "EcoscoreValue": "91"
  },
  {
    "productId": "179589",
    "technicalArticleNumber": "3352453",
    "commercialArticleNumber": "4615",
    "name": "augurkenschijfjes zoetzuur",
    "brand": "BONI",
    "seoBrand": "Boni Selection",
    "thumbNail": "https://static.colruytgroup.com/images/200x200/std.lang.all/99/54/asset-2529954.jpg",
    "fullImage": "https://static.colruytgroup.com/images/500x500/std.lang.all/99/54/asset-2529954.jpg",
    "squareImage": "https://static.colruytgroup.com/images/500x500sq/std.lang.all/99/54/asset-2529954.jpg",
    "content": "530g",
    "walkRouteSequenceNumber": 16327,
    "price": {
      "basicPrice": 0.99,
      "recommendedQuantity": "1.0",
      "measurementUnitPrice": 3.42,
      "measurementUnit": "K",
      "isRedPrice": false,
      "pricePerUOM": 3.42,
      "activationDate": "05-12-2023",
      "recordSource": "Offline",
      "isPromoActive": "N",
      "priceChangeCode": "E"
    },
    "isAvailable": true,
    "isPriceAvailable": true,
    "inPromo": false,
    "gtin": [
      "15400141357537",
      "15400141012832",
      "05400141357530",
      "05400141012835",
      "05400141950816",
      "15400141950813",
      "05400141352948"
    ],
    "topCategoryName": "Kruidenierswaren/Droge voeding",
    "topCategoryId": "233",
    "businessDomain": "RETAIL_BE",
    "IsPrivateLabel": true,
    "IsBiffe": false,
    "WeightconversionFactor": "0",
    "IsWeightArticle": false,
    "nutriscoreLabel": "A",
    "IsBio": false,
    "CountryOfOrigin": "DUITSLAND",
    "IsExclusivelySoldInLuxembourg": false,
    "OrderUnit": "P",
    "ShortName": "BONI AUGURKPLAKJES 530G",
    "InSeason": true,
    "IsNew": false,
    "EcoscoreLabel": "A",
    "RecentQuanityOfStockUnits": "1,12",
    "LongName": "BONI augurkenschijfjes zoetzuur 530g",
    "AlcoholVolume": "0",
    "StartSeasonDate": "17/07/2018",
    "FicCode": "I",
    "EcoscoreValue": "100"
  },
  {
    "productId": "131865",
    "technicalArticleNumber": "3188100",
    "commercialArticleNumber": "26397",
    "name": "kippensoep",
    "description": "*3,5 % kippenvlees\n*In de kookpot",
    "brand": "BONI",
    "seoBrand": "Boni Selection",
    "thumbNail": "https://static.colruytgroup.com/images/200x200/std.lang.all/09/69/asset-3350969.jpg",
    "fullImage": "https://static.colruytgroup.com/images/500x500/std.lang.all/09/69/asset-3350969.jpg",
    "squareImage": "https://static.colruytgroup.com/images/500x500sq/std.lang.all/09/69/asset-3350969.jpg",
    "content": "950ml",
    "walkRouteSequenceNumber": 6633,
    "price": {
      "basicPrice": 2.99,
      "recommendedQuantity": "1.0",
      "measurementUnitPrice": 3.15,
      "measurementUnit": "L",
      "isRedPrice": false,
      "pricePerUOM": 3.15,
      "activationDate": "28-02-2024",
      "recordSource": "Offline",
      "isPromoActive": "N",
      "priceChangeCode": "H"
    },
    "isAvailable": true,
    "isPriceAvailable": true,
    "inPromo": false,
    "gtin": [
      "05400141700350",
      "05400141777857",
      "05400141098679",
      "05400141080292",
      "05400141022735",
      "05400141158847"
    ],
    "topCategoryName": "Bereidingen/Charcuterie/Vis/Veggie",
    "topCategoryId": "105",
    "businessDomain": "RETAIL_BE",
    "IsPrivateLabel": true,
    "IsBiffe": false,
    "WeightconversionFactor": "0",
    "IsWeightArticle": false,
    "nutriscoreLabel": "C",
    "IsBio": false,
    "CountryOfOrigin": "BELGIË",
    "IsExclusivelySoldInLuxembourg": false,
    "OrderUnit": "P",
    "ShortName": "BONI KIPPENSOEP 950ML",
    "InSeason": true,
    "IsNew": false,
    "EcoscoreLabel": "A",
    "RecentQuanityOfStockUnits": "1",
    "LongName": "BONI kippensoep 950ml",
    "AlcoholVolume": "0",
    "StartSeasonDate": "05/07/2016",
    "FicCode": "I",
    "EcoscoreValue": "100"
  },
  {
    "productId": "595073",
    "technicalArticleNumber": "4256346",
    "commercialArticleNumber": "22132",
    "name": "makreelfilets koolzaadolie",
    "brand": "EVERYDAY",
    "seoBrand": "Everyday",
    "thumbNail": "https://static.colruytgroup.com/images/200x200/std.lang.all/40/59/asset-2154059.jpg",
    "fullImage": "https://static.colruytgroup.com/images/500x500/std.lang.all/40/59/asset-2154059.jpg",
    "squareImage": "https://static.colruytgroup.com/images/500x500sq/std.lang.all/40/59/asset-2154059.jpg",
    "content": "125g",
    "walkRouteSequenceNumber": 16643,
    "price": {
      "basicPrice": 1.19,
      "recommendedQuantity": "1.0",
      "measurementUnitPrice": 9.52,
      "measurementUnit": "K",
      "isRedPrice": false,
      "pricePerUOM": 9.52,
      "activationDate": "17-10-2023",
      "recordSource": "Offline",
      "isPromoActive": "N",
      "priceChangeCode": "E"
    },
    "isAvailable": true,
    "isPriceAvailable": true,
    "inPromo": false,
    "gtin": [
      "15400141528357",
      "05400141528350",
      "05400141387612",
      "45400141387955",
      "15400141387619"
    ],
    "topCategoryName": "Conserven",
    "topCategoryId": "188",
    "businessDomain": "RETAIL_BE",
    "IsPrivateLabel": true,
    "IsBiffe": false,
    "WeightconversionFactor": "0",
    "IsWeightArticle": false,
    "nutriscoreLabel": "B",
    "IsBio": false,
    "CountryOfOrigin": "DENEMARKEN",
    "IsExclusivelySoldInLuxembourg": false,
    "OrderUnit": "P",
    "ShortName": "EVD MAKR.FIL.KOOLZ.O125",
    "IsNew": false,
    "EcoscoreLabel": "D",
    "RecentQuanityOfStockUnits": "12,1",
    "LongName": "EVERYDAY makreelfilets koolzaadolie 125g",
    "FicCode": "I",
    "EcoscoreValue": "37"
  },
  {
    "productId": "674061",
    "technicalArticleNumber": "4387927",
    "commercialArticleNumber": "4577",
    "name": "appelmousseline",
    "description": "*Appelmousseline",
    "brand": "BONI",
    "seoBrand": "Boni Selection",
    "thumbNail": "https://static.colruytgroup.com/images/200x200/std.lang.all/68/79/asset-3396879.jpg",
    "fullImage": "https://static.colruytgroup.com/images/500x500/std.lang.all/68/79/asset-3396879.jpg",
    "squareImage": "https://static.colruytgroup.com/images/500x500sq/std.lang.all/68/79/asset-3396879.jpg",
    "content": "570g",
    "walkRouteSequenceNumber": 16509,
    "price": {
      "basicPrice": 1.13,
      "recommendedQuantity": "1.0",
      "quantityPrice": 0.89,
      "quantityPriceQuantity": "2.0",
      "measurementUnitPrice": 1.99,
      "measurementUnitQuantityPrice": 1.57,
      "measurementUnit": "K",
      "isRedPrice": false,
      "pricePerUOM": 1.99,
      "activationDate": "20-03-2024",
      "recordSource": "Offline",
      "isPromoActive": "N",
      "priceChangeCode": "E",
      "quantityPricePerUOM": 1.57,
      "quantityActivationDate": "20-03-2024",
      "quantityPriceChangeCode": "H"
    },
    "isAvailable": true,
    "isPriceAvailable": true,
    "inPromo": false,
    "gtin": [
      "05400141472967",
      "45400141431559",
      "15400141472964",
      "05400141955811",
      "15400141955818"
    ],
    "topCategoryName": "Conserven",
    "topCategoryId": "188",
    "businessDomain": "RETAIL_BE",
    "IsPrivateLabel": true,
    "IsBiffe": false,
    "WeightconversionFactor": "0",
    "IsWeightArticle": false,
    "nutriscoreLabel": "A",
    "IsBio": false,
    "CountryOfOrigin": "BELGIË",
    "IsExclusivelySoldInLuxembourg": false,
    "OrderUnit": "P",
    "ShortName": "BONI APPELMOUSSELINE570",
    "IsNew": false,
    "EcoscoreLabel": "A",
    "RecentQuanityOfStockUnits": "12,1,3,1",
    "LongName": "BONI appelmousseline 570g",
    "FicCode": "I",
    "EcoscoreValue": "94"
  },
  {
    "productId": "4086",
    "technicalArticleNumber": "1007119",
    "commercialArticleNumber": "11861",
    "name": "prinsessenbonen extra fijn",
    "description": "*Extra fijne groene\nbonen",
    "brand": "BONI",
    "seoBrand": "Boni Selection",
    "thumbNail": "https://static.colruytgroup.com/images/200x200/std.lang.all/35/13/asset-1993513.jpg",
    "fullImage": "https://static.colruytgroup.com/images/500x500/std.lang.all/35/13/asset-1993513.jpg",
    "squareImage": "https://static.colruytgroup.com/images/500x500sq/std.lang.all/35/13/asset-1993513.jpg",
    "content": "340g",
    "walkRouteSequenceNumber": 16419,
    "price": {
      "basicPrice": 1.15,
      "recommendedQuantity": "3.0",
      "measurementUnitPrice": 6.39,
      "measurementUnit": "K",
      "isRedPrice": false,
      "pricePerUOM": 6.39,
      "activationDate": "29-12-2023",
      "recordSource": "Offline",
      "isPromoActive": "N",
      "priceChangeCode": "H"
    },
    "isAvailable": true,
    "isPriceAvailable": true,
    "inPromo": false,
    "gtin": [
      "05400141278705",
      "15400141278702",
      "25400141278709",
      "05400141169218",
      "05400141168761",
      "05400141218619"
    ],
    "topCategoryName": "Conserven",
    "topCategoryId": "188",
    "businessDomain": "RETAIL_BE",
    "IsPrivateLabel": true,
    "IsBiffe": false,
    "WeightconversionFactor": "0",
    "IsWeightArticle": false,
    "nutriscoreLabel": "A",
    "IsBio": false,
    "CountryOfOrigin": "INDONESIË",
    "IsExclusivelySoldInLuxembourg": false,
    "OrderUnit": "P",
    "ShortName": "BONI GR.BON GL EF 340G",
    "IsNew": false,
    "EcoscoreLabel": "A",
    "RecentQuanityOfStockUnits": "1,3,12",
    "LongName": "BONI prinsessenbonen extra fijn 340g",
    "AlcoholVolume": "0",
    "FicCode": "I",
    "EcoscoreValue": "89"
  },
  {
    "productId": "11561",
    "technicalArticleNumber": "1388530",
    "commercialArticleNumber": "12925",
    "name": "passata gezeefde tomaten brik",
    "description": "*Gezeefde tomaten",
    "brand": "ELVEA",
    "seoBrand": "Elvea",
    "thumbNail": "https://static.colruytgroup.com/images/200x200/std.lang.all/89/29/asset-1718929.jpg",
    "fullImage": "https://static.colruytgroup.com/images/500x500/std.lang.all/89/29/asset-1718929.jpg",
    "squareImage": "https://static.colruytgroup.com/images/500x500sq/std.lang.all/89/29/asset-1718929.jpg",
    "content": "500g",
    "walkRouteSequenceNumber": 8463,
    "price": {
      "basicPrice": 1.49,
      "recommendedQuantity": "1.0",
      "measurementUnitPrice": 2.98,
      "measurementUnit": "K",
      "isRedPrice": false,
      "pricePerUOM": 2.98,
      "activationDate": "07-02-2024",
      "recordSource": "Offline",
      "isPromoActive": "N",
      "priceChangeCode": "H"
    },
    "isAvailable": true,
    "isPriceAvailable": true,
    "inPromo": false,
    "gtin": [
      "18001240061911",
      "08001240061914"
    ],
    "topCategoryName": "Conserven",
    "topCategoryId": "188",
    "businessDomain": "RETAIL_BE",
    "IsPrivateLabel": false,
    "IsBiffe": false,
    "WeightconversionFactor": "0",
    "IsWeightArticle": false,
    "nutriscoreLabel": "A",
    "IsBio": false,
    "CountryOfOrigin": "BELGIË",
    "IsExclusivelySoldInLuxembourg": false,
    "OrderUnit": "P",
    "ShortName": "ELVE PASSATA TOMAT.500G",
    "InSeason": true,
    "IsNew": false,
    "EcoscoreLabel": "A",
    "RecentQuanityOfStockUnits": "12,1",
    "LongName": "ELVEA passata gezeefde tomaten brik 500g",
    "AlcoholVolume": "0",
    "StartSeasonDate": "03/09/2020",
    "FicCode": "E",
    "EcoscoreValue": "99"
  },
  {
    "productId": "10220",
    "technicalArticleNumber": "1148065",
    "commercialArticleNumber": "11418",
    "name": "rode kool met appelen",
    "description": "*Rodekool met\nappelen",
    "brand": "EVERYDAY",
    "seoBrand": "Everyday",
    "thumbNail": "https://static.colruytgroup.com/images/200x200/std.lang.all/30/23/asset-533023.jpg",
    "fullImage": "https://static.colruytgroup.com/images/500x500/std.lang.all/30/23/asset-533023.jpg",
    "squareImage": "https://static.colruytgroup.com/images/500x500sq/std.lang.all/30/23/asset-533023.jpg",
    "content": "560g",
    "walkRouteSequenceNumber": 16331,
    "price": {
      "basicPrice": 0.667,
      "recommendedQuantity": "1.0",
      "measurementUnitPrice": 1.2,
      "measurementUnit": "K",
      "isRedPrice": false,
      "pricePerUOM": 1.2,
      "activationDate": "29-02-2024",
      "recordSource": "Offline",
      "isPromoActive": "N",
      "priceChangeCode": "H"
    },
    "isAvailable": true,
    "isPriceAvailable": true,
    "inPromo": false,
    "gtin": [
      "15400141984627",
      "05400141114188",
      "05400141166613"
    ],
    "topCategoryName": "Conserven",
    "topCategoryId": "188",
    "businessDomain": "RETAIL_BE",
    "IsPrivateLabel": true,
    "IsBiffe": false,
    "WeightconversionFactor": "0",
    "IsWeightArticle": false,
    "nutriscoreLabel": "C",
    "IsBio": false,
    "CountryOfOrigin": "BELGIË",
    "IsExclusivelySoldInLuxembourg": false,
    "OrderUnit": "P",
    "ShortName": "EVD RODE KOOL 560G",
    "IsNew": false,
    "EcoscoreLabel": "A",
    "RecentQuanityOfStockUnits": "12,1",
    "LongName": "EVERYDAY rode kool met appelen 560g",
    "AlcoholVolume": "0",
    "FicCode": "I",
    "EcoscoreValue": "96"
  },
  {
    "productId": "184839",
    "technicalArticleNumber": "3466862",
    "commercialArticleNumber": "50370",
    "name": "appelmousseline bok",
    "description": "*Appelmousseline",
    "brand": "BONI",
    "seoBrand": "Boni Selection",
    "thumbNail": "https://static.colruytgroup.com/images/200x200/std.lang.all/32/78/asset-2053278.jpg",
    "fullImage": "https://static.colruytgroup.com/images/500x500/std.lang.all/32/78/asset-2053278.jpg",
    "squareImage": "https://static.colruytgroup.com/images/500x500sq/std.lang.all/32/78/asset-2053278.jpg",
    "content": "200g",
    "walkRouteSequenceNumber": 16511,
    "price": {
      "basicPrice": 0.73,
      "recommendedQuantity": "3.0",
      "measurementUnitPrice": 3.65,
      "measurementUnit": "K",
      "isRedPrice": false,
      "pricePerUOM": 3.65,
      "activationDate": "18-01-2024",
      "recordSource": "Offline",
      "isPromoActive": "N",
      "priceChangeCode": "H"
    },
    "isAvailable": true,
    "isPriceAvailable": true,
    "inPromo": false,
    "gtin": [
      "05400141282320",
      "05400141220476",
      "15400141282327",
      "05400141382372",
      "05400141355406",
      "15400141355403"
    ],
    "topCategoryName": "Conserven",
    "topCategoryId": "188",
    "businessDomain": "RETAIL_BE",
    "IsPrivateLabel": true,
    "IsBiffe": false,
    "WeightconversionFactor": "0",
    "IsWeightArticle": false,
    "nutriscoreLabel": "A",
    "IsBio": false,
    "CountryOfOrigin": "BELGIË",
    "IsExclusivelySoldInLuxembourg": false,
    "OrderUnit": "P",
    "ShortName": "BONI APPELMOUSSELINE200",
    "IsNew": false,
    "EcoscoreLabel": "A",
    "RecentQuanityOfStockUnits": "1,3",
    "LongName": "BONI appelmousseline bok 200g",
    "AlcoholVolume": "0",
    "FicCode": "I",
    "EcoscoreValue": "94"
  },
  {
    "productId": "731188",
    "technicalArticleNumber": "4488657",
    "commercialArticleNumber": "8170",
    "name": "olijven natuur",
    "description": "*Groene olijf ontpit",
    "brand": "BONI",
    "seoBrand": "Boni Selection",
    "thumbNail": "https://static.colruytgroup.com/images/200x200/std.lang.all/16/18/asset-2741618.jpg",
    "fullImage": "https://static.colruytgroup.com/images/500x500/std.lang.all/16/18/asset-2741618.jpg",
    "squareImage": "https://static.colruytgroup.com/images/500x500sq/std.lang.all/16/18/asset-2741618.jpg",
    "content": "150g",
    "walkRouteSequenceNumber": 7694,
    "price": {
      "basicPrice": 2.79,
      "recommendedQuantity": "1.0",
      "quantityPrice": 2.57,
      "quantityPriceQuantity": "3.0",
      "measurementUnitPrice": 18.6,
      "measurementUnitQuantityPrice": 17.14,
      "measurementUnit": "K",
      "isRedPrice": false,
      "pricePerUOM": 18.6,
      "activationDate": "31-10-2022",
      "isPromoActive": "N",
      "priceChangeCode": "E",
      "quantityPricePerUOM": 17.14,
      "quantityActivationDate": "31-10-2022",
      "quantityPriceChangeCode": "H"
    },
    "isAvailable": true,
    "isPriceAvailable": true,
    "inPromo": false,
    "gtin": [
      "05400141466829",
      "05400141886207",
      "15400141705901",
      "05400141705904"
    ],
    "topCategoryName": "Chips/Borrelhapjes",
    "topCategoryId": "306",
    "businessDomain": "RETAIL_BE",
    "IsPrivateLabel": true,
    "IsBiffe": false,
    "WeightconversionFactor": "0",
    "IsWeightArticle": false,
    "nutriscoreLabel": "C",
    "IsBio": false,
    "CountryOfOrigin": "GRIEKENLAND",
    "IsExclusivelySoldInLuxembourg": false,
    "OrderUnit": "P",
    "ShortName": "BONI OLIJF NATUUR 150G",
    "IsNew": false,
    "EcoscoreLabel": "A",
    "RecentQuanityOfStockUnits": "1,12",
    "LongName": "BONI olijven natuur 150g",
    "FicCode": "I",
    "EcoscoreValue": "93"
  },
  {
    "productId": "86328",
    "technicalArticleNumber": "3024218",
    "commercialArticleNumber": "18555",
    "name": "sardines olie",
    "description": "*Sardines in\nplantaardige olie",
    "brand": "EVERYDAY",
    "seoBrand": "Everyday",
    "thumbNail": "https://static.colruytgroup.com/images/200x200/std.lang.all/59/47/asset-2125947.jpg",
    "fullImage": "https://static.colruytgroup.com/images/500x500/std.lang.all/59/47/asset-2125947.jpg",
    "squareImage": "https://static.colruytgroup.com/images/500x500sq/std.lang.all/59/47/asset-2125947.jpg",
    "content": "125g",
    "walkRouteSequenceNumber": 16674,
    "price": {
      "basicPrice": 0.96,
      "recommendedQuantity": "1.0",
      "measurementUnitPrice": 7.68,
      "measurementUnit": "K",
      "isRedPrice": false,
      "pricePerUOM": 7.68,
      "activationDate": "02-02-2024",
      "recordSource": "Offline",
      "isPromoActive": "N",
      "priceChangeCode": "E"
    },
    "isAvailable": true,
    "isPriceAvailable": true,
    "inPromo": false,
    "gtin": [
      "15400141335696",
      "05400141294514",
      "05400141170047",
      "05400141167986",
      "05400141075106",
      "05400141073775",
      "05400141020168",
      "25400141335693",
      "25400141020162",
      "15400141908227",
      "15400141781837",
      "15400141020165",
      "05400141427257",
      "05400141427240",
      "05400141335699",
      "05400141193046"
    ],
    "topCategoryName": "Conserven",
    "topCategoryId": "188",
    "businessDomain": "RETAIL_BE",
    "IsPrivateLabel": true,
    "IsBiffe": false,
    "WeightconversionFactor": "0",
    "IsWeightArticle": false,
    "nutriscoreLabel": "B",
    "IsBio": false,
    "CountryOfOrigin": "MAROKKO",
    "IsExclusivelySoldInLuxembourg": false,
    "OrderUnit": "P",
    "ShortName": "EVD SARDIENEN OLIE 125G",
    "IsNew": false,
    "EcoscoreLabel": "D",
    "RecentQuanityOfStockUnits": "50,1,5",
    "LongName": "EVERYDAY sardines olie 125g",
    "AlcoholVolume": "0",
    "FicCode": "I",
    "EcoscoreValue": "28"
  },
  {
    "productId": "10635",
    "technicalArticleNumber": "1378102",
    "commercialArticleNumber": "12814",
    "name": "tomatenstukjes",
    "description": "*Tomatenstukjes van\nbiologische teelt",
    "brand": "BONI BIO",
    "seoBrand": "Boni Selection Bio",
    "thumbNail": "https://static.colruytgroup.com/images/200x200/nl_be/88/32/asset-2338832.jpg",
    "fullImage": "https://static.colruytgroup.com/images/500x500/nl_be/88/32/asset-2338832.jpg",
    "squareImage": "https://static.colruytgroup.com/images/500x500sq/nl_be/88/32/asset-2338832.jpg",
    "content": "500g",
    "walkRouteSequenceNumber": 8520,
    "price": {
      "basicPrice": 1.1,
      "recommendedQuantity": "1.0",
      "measurementUnitPrice": 2.2,
      "measurementUnit": "K",
      "isRedPrice": false,
      "pricePerUOM": 2.2,
      "activationDate": "11-10-2023",
      "recordSource": "Offline",
      "isPromoActive": "N",
      "priceChangeCode": "H"
    },
    "isAvailable": true,
    "isPriceAvailable": true,
    "inPromo": false,
    "gtin": [
      "15400141894452",
      "05400141386707",
      "05400141277265",
      "05400141168693",
      "05400141208115",
      "05400141306613",
      "05400141409734",
      "05400141894455",
      "15400141306610",
      "15400141602910",
      "15400141827559",
      "15400141909309",
      "05400141602913"
    ],
    "topCategoryName": "Conserven",
    "topCategoryId": "188",
    "businessDomain": "RETAIL_BE",
    "IsPrivateLabel": true,
    "IsBiffe": false,
    "WeightconversionFactor": "0",
    "IsWeightArticle": false,
    "nutriscoreLabel": "A",
    "IsBio": true,
    "CountryOfOrigin": "ITALIË",
    "IsExclusivelySoldInLuxembourg": false,
    "OrderUnit": "P",
    "ShortName": "BS BIO TOMATENSTUK.500G",
    "IsNew": false,
    "EcoscoreLabel": "A",
    "RecentQuanityOfStockUnits": "12,1",
    "LongName": "BONI BIO tomatenstukjes 500g",
    "AlcoholVolume": "0",
    "FicCode": "I",
    "EcoscoreValue": "100"
  },
  {
    "productId": "662",
    "technicalArticleNumber": "10028",
    "commercialArticleNumber": "10028",
    "name": "ananas op sap stukjes blik",
    "description": "*Ananasstukjes op\nsap",
    "brand": "BONI",
    "seoBrand": "Boni Selection",
    "thumbNail": "https://static.colruytgroup.com/images/200x200/std.lang.all/23/55/asset-1592355.jpg",
    "fullImage": "https://static.colruytgroup.com/images/500x500/std.lang.all/23/55/asset-1592355.jpg",
    "squareImage": "https://static.colruytgroup.com/images/500x500sq/std.lang.all/23/55/asset-1592355.jpg",
    "content": "227g",
    "walkRouteSequenceNumber": 16516,
    "price": {
      "basicPrice": 0.67,
      "recommendedQuantity": "6.0",
      "measurementUnitPrice": 4.79,
      "measurementUnit": "K",
      "isRedPrice": false,
      "pricePerUOM": 4.79,
      "activationDate": "15-03-2024",
      "recordSource": "Offline",
      "isPromoActive": "N",
      "priceChangeCode": "L"
    },
    "isAvailable": true,
    "isPriceAvailable": true,
    "inPromo": false,
    "gtin": [
      "05400141101287",
      "05400141010626",
      "05400141020373",
      "05400141100280",
      "05400141128581",
      "05400141168259",
      "05400141169317",
      "05400141207484",
      "05400141209846",
      "05400141273267",
      "05400141287967",
      "15400141128588",
      "15400141273264",
      "15400141287964",
      "25400141273261",
      "25400141287961"
    ],
    "topCategoryName": "Conserven",
    "topCategoryId": "188",
    "businessDomain": "RETAIL_BE",
    "IsPrivateLabel": true,
    "IsBiffe": false,
    "WeightconversionFactor": "0",
    "IsWeightArticle": false,
    "nutriscoreLabel": "A",
    "IsBio": false,
    "CountryOfOrigin": "THAILAND",
    "IsExclusivelySoldInLuxembourg": false,
    "OrderUnit": "P",
    "ShortName": "BONI ANANASST.SAP 227G",
    "InSeason": true,
    "IsNew": false,
    "EcoscoreLabel": "A",
    "RecentQuanityOfStockUnits": "1,6,6,1,48",
    "LongName": "BONI ananas op sap stukjes blik 227g",
    "AlcoholVolume": "0",
    "StartSeasonDate": "20/06/1996",
    "FicCode": "I",
    "EcoscoreValue": "85"
  },
  {
    "productId": "95316",
    "technicalArticleNumber": "2810368",
    "commercialArticleNumber": "46105",
    "name": "Pomini appel- en bananenmoes",
    "description": "*Fruitspecialiteit:\nappel, banaan",
    "brand": "BONI",
    "seoBrand": "Boni Selection",
    "thumbNail": "https://static.colruytgroup.com/images/200x200/std.lang.all/71/63/asset-1567163.jpg",
    "fullImage": "https://static.colruytgroup.com/images/500x500/std.lang.all/71/63/asset-1567163.jpg",
    "squareImage": "https://static.colruytgroup.com/images/500x500sq/std.lang.all/71/63/asset-1567163.jpg",
    "content": "4x90g",
    "walkRouteSequenceNumber": 16508,
    "price": {
      "basicPrice": 1.29,
      "recommendedQuantity": "1.0",
      "quantityPrice": 0.967,
      "quantityPriceQuantity": "4.0",
      "measurementUnitPrice": 3.59,
      "measurementUnitQuantityPrice": 2.69,
      "measurementUnit": "K",
      "isRedPrice": false,
      "pricePerUOM": 3.59,
      "activationDate": "20-03-2024",
      "recordSource": "Offline",
      "isPromoActive": "N",
      "priceChangeCode": "E",
      "quantityPricePerUOM": 2.69,
      "quantityActivationDate": "20-03-2024",
      "quantityPriceChangeCode": "E"
    },
    "isAvailable": true,
    "isPriceAvailable": true,
    "inPromo": false,
    "gtin": [
      "05400141677584",
      "15400141677581",
      "05400141147698",
      "05400141015812",
      "05400141016208",
      "15400141209065",
      "05400141209068",
      "05400141077827"
    ],
    "topCategoryName": "Conserven",
    "topCategoryId": "188",
    "businessDomain": "RETAIL_BE",
    "IsPrivateLabel": true,
    "IsBiffe": false,
    "WeightconversionFactor": "0",
    "IsWeightArticle": false,
    "nutriscoreLabel": "A",
    "IsBio": false,
    "CountryOfOrigin": "NEDERLAND",
    "IsExclusivelySoldInLuxembourg": false,
    "OrderUnit": "P",
    "ShortName": "BONI.COMP.APP-BAN.4X90",
    "InSeason": true,
    "IsNew": false,
    "EcoscoreLabel": "A",
    "RecentQuanityOfStockUnits": "1,1,16",
    "LongName": "BONI Pomini appel- en bananenmoes 4x90g",
    "AlcoholVolume": "0",
    "StartSeasonDate": "02/05/2018",
    "FicCode": "I",
    "EcoscoreValue": "100"
  },
  {
    "productId": "806732",
    "technicalArticleNumber": "4627225",
    "commercialArticleNumber": "6861",
    "name": "Tomato Frito",
    "brand": "BONI",
    "seoBrand": "Boni Selection",
    "thumbNail": "https://static.colruytgroup.com/images/200x200/nl_be/34/97/asset-3013497.jpg",
    "fullImage": "https://static.colruytgroup.com/images/500x500/nl_be/34/97/asset-3013497.jpg",
    "squareImage": "https://static.colruytgroup.com/images/500x500sq/nl_be/34/97/asset-3013497.jpg",
    "content": "350g",
    "walkRouteSequenceNumber": 8466,
    "price": {
      "basicPrice": 0.762,
      "recommendedQuantity": "1.0",
      "measurementUnitPrice": 2.18,
      "measurementUnit": "K",
      "isRedPrice": false,
      "pricePerUOM": 2.18,
      "activationDate": "05-03-2024",
      "recordSource": "Offline",
      "isPromoActive": "N",
      "priceChangeCode": "E"
    },
    "isAvailable": true,
    "isPriceAvailable": true,
    "inPromo": false,
    "gtin": [
      "05400141516166",
      "15400141516163"
    ],
    "topCategoryName": "Conserven",
    "topCategoryId": "188",
    "businessDomain": "RETAIL_BE",
    "IsPrivateLabel": true,
    "IsBiffe": false,
    "WeightconversionFactor": "0",
    "IsWeightArticle": false,
    "nutriscoreLabel": "A",
    "IsBio": false,
    "CountryOfOrigin": "SPANJE",
    "IsExclusivelySoldInLuxembourg": false,
    "OrderUnit": "P",
    "ShortName": "BONI TOMATO FRITO 350G",
    "IsNew": false,
    "EcoscoreLabel": "B",
    "RecentQuanityOfStockUnits": "1,24",
    "LongName": "BONI Tomato Frito 350g",
    "FicCode": "I",
    "EcoscoreValue": "69"
  },
  {
    "productId": "19454",
    "technicalArticleNumber": "1642891",
    "commercialArticleNumber": "12900",
    "name": "tomatenpuree dubbel gecon.",
    "description": "*Dubbel\ngeconcentreerde\ntomatenpuree",
    "brand": "CIRIO",
    "seoBrand": "Cirio",
    "thumbNail": "https://static.colruytgroup.com/images/200x200/std.lang.all/95/98/asset-1659598.jpg",
    "fullImage": "https://static.colruytgroup.com/images/500x500/std.lang.all/95/98/asset-1659598.jpg",
    "squareImage": "https://static.colruytgroup.com/images/500x500sq/std.lang.all/95/98/asset-1659598.jpg",
    "content": "4x70g",
    "walkRouteSequenceNumber": 8449,
    "price": {
      "basicPrice": 3.65,
      "recommendedQuantity": "1.0",
      "measurementUnitPrice": 13.04,
      "measurementUnit": "K",
      "isRedPrice": false,
      "pricePerUOM": 13.04,
      "activationDate": "17-02-2024",
      "recordSource": "Offline",
      "isPromoActive": "N",
      "priceChangeCode": "E"
    },
    "isAvailable": true,
    "isPriceAvailable": true,
    "inPromo": false,
    "gtin": [
      "03069539001701",
      "03069538102027"
    ],
    "topCategoryName": "Conserven",
    "topCategoryId": "188",
    "businessDomain": "RETAIL_BE",
    "IsPrivateLabel": false,
    "IsBiffe": false,
    "WeightconversionFactor": "0",
    "IsWeightArticle": false,
    "nutriscoreLabel": "A",
    "IsBio": false,
    "CountryOfOrigin": "FRANKRIJK",
    "IsExclusivelySoldInLuxembourg": false,
    "OrderUnit": "P",
    "ShortName": "CIRIO 4X70G TOMAATCONC",
    "IsNew": false,
    "RecentQuanityOfStockUnits": "1,24",
    "LongName": "CIRIO tomatenpuree dubbel gecon. 4x70g",
    "AlcoholVolume": "0",
    "FicCode": "E"
  },
  {
    "productId": "11563",
    "technicalArticleNumber": "1388536",
    "commercialArticleNumber": "12930",
    "name": "Pelati hele gepelde tomaten",
    "description": "*Hele gepelde\ntomaten",
    "brand": "ELVEA",
    "seoBrand": "Elvea",
    "thumbNail": "https://static.colruytgroup.com/images/200x200/std.lang.all/89/31/asset-1718931.jpg",
    "fullImage": "https://static.colruytgroup.com/images/500x500/std.lang.all/89/31/asset-1718931.jpg",
    "squareImage": "https://static.colruytgroup.com/images/500x500sq/std.lang.all/89/31/asset-1718931.jpg",
    "content": "400g",
    "walkRouteSequenceNumber": 8510,
    "price": {
      "basicPrice": 0.896,
      "recommendedQuantity": "3.0",
      "measurementUnitPrice": 2.25,
      "measurementUnit": "K",
      "isRedPrice": false,
      "pricePerUOM": 2.25,
      "activationDate": "14-03-2024",
      "recordSource": "Folder",
      "isPromoActive": "N",
      "priceChangeCode": "H"
    },
    "isAvailable": true,
    "isPriceAvailable": true,
    "inPromo": true,
    "promotion": [
      {
        "techPromoId": "100864COLR",
        "promotionId": "100864",
        "promotionType": "3",
        "isPersonalized": "N",
        "publicationStartDate": "13-03-2024",
        "publicationEndDate": "26-03-2024"
      }
    ],
    "gtin": [
      "05411251104891",
      "08001240997008",
      "08001240010936",
      "08001240011933",
      "08001240010905"
    ],
    "topCategoryName": "Conserven",
    "topCategoryId": "188",
    "businessDomain": "RETAIL_BE",
    "IsPrivateLabel": false,
    "IsBiffe": false,
    "WeightconversionFactor": "0",
    "IsWeightArticle": false,
    "nutriscoreLabel": "A",
    "IsBio": false,
    "CountryOfOrigin": "ITALIË",
    "IsExclusivelySoldInLuxembourg": false,
    "OrderUnit": "P",
    "ShortName": "ELVEA HELE GEP.TOM.400G",
    "IsNew": false,
    "EcoscoreLabel": "A",
    "RecentQuanityOfStockUnits": "3,1,24",
    "LongName": "ELVEA Pelati hele gepelde tomaten 400g",
    "AlcoholVolume": "0",
    "FicCode": "E",
    "EcoscoreValue": "100"
  },
  {
    "productId": "876005",
    "technicalArticleNumber": "4730936",
    "commercialArticleNumber": "32251",
    "name": "augurken in azijn extra fijn",
    "description": "*Extra fijne augurken\nop azijn met\neen kruidenmengeling",
    "brand": "BONI",
    "seoBrand": "Boni Selection",
    "thumbNail": "https://static.colruytgroup.com/images/200x200/std.lang.all/44/45/asset-3244445.jpg",
    "fullImage": "https://static.colruytgroup.com/images/500x500/std.lang.all/44/45/asset-3244445.jpg",
    "squareImage": "https://static.colruytgroup.com/images/500x500sq/std.lang.all/44/45/asset-3244445.jpg",
    "content": "670g",
    "walkRouteSequenceNumber": 4593,
    "price": {
      "basicPrice": 1.69,
      "recommendedQuantity": "1.0",
      "measurementUnitPrice": 4.7,
      "measurementUnit": "K",
      "isRedPrice": false,
      "pricePerUOM": 4.7,
      "activationDate": "31-01-2024",
      "recordSource": "Offline",
      "isPromoActive": "N",
      "priceChangeCode": "L"
    },
    "isAvailable": true,
    "isPriceAvailable": true,
    "inPromo": false,
    "gtin": [
      "15400141512271",
      "05400141512274"
    ],
    "topCategoryName": "Kruidenierswaren/Droge voeding",
    "topCategoryId": "233",
    "businessDomain": "RETAIL_BE",
    "IsPrivateLabel": true,
    "IsBiffe": false,
    "WeightconversionFactor": "0",
    "IsWeightArticle": false,
    "IsBio": false,
    "CountryOfOrigin": "BELGIË",
    "IsExclusivelySoldInLuxembourg": false,
    "OrderUnit": "P",
    "ShortName": "BONI S.AUGURK AZIJN670G",
    "IsNew": false,
    "RecentQuanityOfStockUnits": "12,1",
    "LongName": "BONI augurken in azijn extra fijn 670g",
    "AlcoholVolume": "0",
    "FicCode": "I"
  },
  {
    "productId": "11642",
    "technicalArticleNumber": "1375141",
    "commercialArticleNumber": "12602",
    "name": "Crunchy tomaten-suprême",
    "description": "*Tomatensuprême met\ncroutons",
    "brand": "ROYCO",
    "seoBrand": "Royco Crunchy",
    "thumbNail": "https://static.colruytgroup.com/images/200x200/std.lang.all/37/23/asset-3353723.jpg",
    "fullImage": "https://static.colruytgroup.com/images/500x500/std.lang.all/37/23/asset-3353723.jpg",
    "squareImage": "https://static.colruytgroup.com/images/500x500sq/std.lang.all/37/23/asset-3353723.jpg",
    "content": "3st",
    "walkRouteSequenceNumber": 16962,
    "price": {
      "basicPrice": 1.49,
      "recommendedQuantity": "2.0",
      "measurementUnitPrice": 24.04,
      "measurementUnit": "K",
      "isRedPrice": false,
      "pricePerUOM": 24.04,
      "activationDate": "20-03-2024",
      "isPromoActive": "Y",
      "priceChangeCode": "H"
    },
    "isAvailable": true,
    "isPriceAvailable": true,
    "inPromo": true,
    "promotion": [
      {
        "techPromoId": "100866COLR",
        "promotionId": "100866",
        "promotionType": "3",
        "isPersonalized": "N",
        "publicationStartDate": "13-03-2024",
        "publicationEndDate": "26-03-2024"
      }
    ],
    "gtin": [
      "05400141126020",
      "05410056186682",
      "05414972705149"
    ],
    "topCategoryName": "Kruidenierswaren/Droge voeding",
    "topCategoryId": "233",
    "businessDomain": "RETAIL_BE",
    "IsPrivateLabel": false,
    "IsBiffe": false,
    "WeightconversionFactor": "0",
    "IsWeightArticle": false,
    "nutriscoreLabel": "C",
    "IsBio": false,
    "CountryOfOrigin": "NEDERLAND",
    "IsExclusivelySoldInLuxembourg": false,
    "OrderUnit": "P",
    "ShortName": "RMS.CRUNCHY TOM.SUPR.3Z",
    "IsNew": false,
    "EcoscoreLabel": "B",
    "RecentQuanityOfStockUnits": "2,1,24",
    "LongName": "ROYCO Crunchy tomaten-suprême 3st",
    "AlcoholVolume": "0",
    "FicCode": "E",
    "EcoscoreValue": "77"
  },
  {
    "productId": "643543",
    "technicalArticleNumber": "4338280",
    "commercialArticleNumber": "23875",
    "name": "ananas schijven sap blik",
    "description": "*Op sap",
    "brand": "EVERYDAY",
    "seoBrand": "Everyday",
    "thumbNail": "https://static.colruytgroup.com/images/200x200/nl_be/16/67/asset-2291667.jpg",
    "fullImage": "https://static.colruytgroup.com/images/500x500/nl_be/16/67/asset-2291667.jpg",
    "squareImage": "https://static.colruytgroup.com/images/500x500sq/nl_be/16/67/asset-2291667.jpg",
    "content": "567g",
    "walkRouteSequenceNumber": 16521,
    "price": {
      "basicPrice": 1.45,
      "recommendedQuantity": "3.0",
      "measurementUnitPrice": 4.27,
      "measurementUnit": "K",
      "isRedPrice": false,
      "pricePerUOM": 4.27,
      "activationDate": "29-12-2023",
      "recordSource": "Offline",
      "isPromoActive": "N",
      "priceChangeCode": "H"
    },
    "isAvailable": true,
    "isPriceAvailable": true,
    "inPromo": false,
    "gtin": [
      "15400141870555",
      "25400141870552",
      "25400141844805",
      "05400141870558",
      "15400141844808",
      "05400141844801"
    ],
    "topCategoryName": "Conserven",
    "topCategoryId": "188",
    "businessDomain": "RETAIL_BE",
    "IsPrivateLabel": true,
    "IsBiffe": false,
    "WeightconversionFactor": "0",
    "IsWeightArticle": false,
    "nutriscoreLabel": "A",
    "IsBio": false,
    "CountryOfOrigin": "INDONESIË",
    "IsExclusivelySoldInLuxembourg": false,
    "OrderUnit": "P",
    "ShortName": "EVD ANANASSCH.SAP 567G",
    "IsNew": false,
    "EcoscoreLabel": "B",
    "RecentQuanityOfStockUnits": "1,1,3,12,3,12",
    "LongName": "EVERYDAY ananas schijven sap blik 567g",
    "FicCode": "I",
    "EcoscoreValue": "72"
  },
  {
    "productId": "857852",
    "technicalArticleNumber": "4708021",
    "commercialArticleNumber": "31597",
    "name": "Ananasstukjes",
    "brand": "BONI",
    "seoBrand": "Boni Selection",
    "thumbNail": "https://static.colruytgroup.com/images/200x200/std.lang.all/41/80/asset-3174180.jpg",
    "fullImage": "https://static.colruytgroup.com/images/500x500/std.lang.all/41/80/asset-3174180.jpg",
    "squareImage": "https://static.colruytgroup.com/images/500x500sq/std.lang.all/41/80/asset-3174180.jpg",
    "content": "230g",
    "walkRouteSequenceNumber": 5322,
    "price": {
      "basicPrice": 2.09,
      "recommendedQuantity": "1.0",
      "measurementUnitPrice": 9.09,
      "measurementUnit": "K",
      "isRedPrice": false,
      "pricePerUOM": 9.09,
      "activationDate": "27-01-2024",
      "recordSource": "Offline",
      "isPromoActive": "N",
      "priceChangeCode": "H"
    },
    "isAvailable": true,
    "isPriceAvailable": true,
    "inPromo": false,
    "gtin": [
      "05400141721478",
      "05400141461114"
    ],
    "topCategoryName": "Conserven",
    "topCategoryId": "188",
    "businessDomain": "RETAIL_BE",
    "IsPrivateLabel": true,
    "IsBiffe": false,
    "WeightconversionFactor": "0",
    "IsWeightArticle": false,
    "nutriscoreLabel": "A",
    "IsBio": false,
    "CountryOfOrigin": "BELGIË",
    "IsExclusivelySoldInLuxembourg": false,
    "OrderUnit": "P",
    "ShortName": "BONI ANANASSTUKJES 230G",
    "IsNew": false,
    "RecentQuanityOfStockUnits": "1,1",
    "LongName": "BONI Ananasstukjes 230g",
    "AlcoholVolume": "0",
    "FicCode": "I"
  },
  {
    "productId": "816",
    "technicalArticleNumber": "12807",
    "commercialArticleNumber": "12807",
    "name": "tomatenstukjes groenten glas",
    "description": "*Stukjes tomaat in\neen tomatensaus met\ndiverse groenten",
    "brand": "BONI",
    "seoBrand": "Boni Selection",
    "thumbNail": "https://static.colruytgroup.com/images/200x200/std.lang.all/52/42/asset-3375242.jpg",
    "fullImage": "https://static.colruytgroup.com/images/500x500/std.lang.all/52/42/asset-3375242.jpg",
    "squareImage": "https://static.colruytgroup.com/images/500x500sq/std.lang.all/52/42/asset-3375242.jpg",
    "content": "690g",
    "walkRouteSequenceNumber": 8458,
    "price": {
      "basicPrice": 1.89,
      "recommendedQuantity": "1.0",
      "measurementUnitPrice": 2.74,
      "measurementUnit": "K",
      "isRedPrice": false,
      "pricePerUOM": 2.74,
      "activationDate": "17-11-2023",
      "isPromoActive": "N",
      "priceChangeCode": "H"
    },
    "isAvailable": true,
    "isPriceAvailable": true,
    "inPromo": false,
    "gtin": [
      "15400141516019",
      "05400141516012",
      "05400141128079",
      "05400141166804",
      "05400141247824",
      "05400141409598",
      "15400141247821"
    ],
    "topCategoryName": "Conserven",
    "topCategoryId": "188",
    "businessDomain": "RETAIL_BE",
    "IsPrivateLabel": true,
    "IsBiffe": false,
    "WeightconversionFactor": "0",
    "IsWeightArticle": false,
    "nutriscoreLabel": "A",
    "IsBio": false,
    "CountryOfOrigin": "ITALIË",
    "IsExclusivelySoldInLuxembourg": false,
    "OrderUnit": "P",
    "ShortName": "BONI TOMAAGROENT.690G",
    "IsNew": false,
    "EcoscoreLabel": "A",
    "RecentQuanityOfStockUnits": "12,1",
    "LongName": "BONI tomatenstukjes groenten glas 690g",
    "AlcoholVolume": "0",
    "FicCode": "I",
    "EcoscoreValue": "86"
  },
  {
    "productId": "11644",
    "technicalArticleNumber": "1375143",
    "commercialArticleNumber": "12605",
    "name": "soep kip",
    "description": "*Klassieke\nkippensoep",
    "brand": "ROYCO",
    "seoBrand": "Royco",
    "thumbNail": "https://static.colruytgroup.com/images/200x200/std.lang.all/36/81/asset-3353681.jpg",
    "fullImage": "https://static.colruytgroup.com/images/500x500/std.lang.all/36/81/asset-3353681.jpg",
    "squareImage": "https://static.colruytgroup.com/images/500x500sq/std.lang.all/36/81/asset-3353681.jpg",
    "content": "4st",
    "walkRouteSequenceNumber": 16961,
    "price": {
      "basicPrice": 1.49,
      "recommendedQuantity": "2.0",
      "measurementUnitPrice": 31.71,
      "measurementUnit": "K",
      "isRedPrice": false,
      "pricePerUOM": 31.71,
      "activationDate": "20-03-2024",
      "recordSource": "Offline",
      "isPromoActive": "N",
      "priceChangeCode": "H"
    },
    "isAvailable": true,
    "isPriceAvailable": true,
    "inPromo": true,
    "promotion": [
      {
        "techPromoId": "100866COLR",
        "promotionId": "100866",
        "promotionType": "3",
        "isPersonalized": "N",
        "publicationStartDate": "13-03-2024",
        "publicationEndDate": "26-03-2024"
      }
    ],
    "gtin": [
      "05410056794344",
      "05414972705101",
      "05410056186156",
      "05400141126051"
    ],
    "topCategoryName": "Kruidenierswaren/Droge voeding",
    "topCategoryId": "233",
    "businessDomain": "RETAIL_BE",
    "IsPrivateLabel": false,
    "IsBiffe": false,
    "WeightconversionFactor": "0",
    "IsWeightArticle": false,
    "nutriscoreLabel": "C",
    "IsBio": false,
    "CountryOfOrigin": "NEDERLAND",
    "IsExclusivelySoldInLuxembourg": false,
    "OrderUnit": "P",
    "ShortName": "RMS CLASSIC KIP 4Z .",
    "IsNew": false,
    "EcoscoreLabel": "B",
    "RecentQuanityOfStockUnits": "2,1,24",
    "LongName": "ROYCO soep kip 4st",
    "AlcoholVolume": "0",
    "FicCode": "E",
    "EcoscoreValue": "71"
  },
  {
    "productId": "766054",
    "technicalArticleNumber": "4549070",
    "commercialArticleNumber": "12381",
    "name": "hummus",
    "brand": "BONI",
    "seoBrand": "Boni Selection",
    "thumbNail": "https://static.colruytgroup.com/images/200x200/std.lang.all/36/58/asset-2733658.jpg",
    "fullImage": "https://static.colruytgroup.com/images/500x500/std.lang.all/36/58/asset-2733658.jpg",
    "squareImage": "https://static.colruytgroup.com/images/500x500sq/std.lang.all/36/58/asset-2733658.jpg",
    "content": "450g",
    "walkRouteSequenceNumber": 7758,
    "price": {
      "basicPrice": 2,
      "recommendedQuantity": "1.0",
      "measurementUnitPrice": 4.45,
      "measurementUnit": "K",
      "isRedPrice": false,
      "pricePerUOM": 4.45,
      "activationDate": "07-03-2024",
      "recordSource": "Offline",
      "isPromoActive": "N",
      "priceChangeCode": "E"
    },
    "isAvailable": true,
    "isPriceAvailable": true,
    "inPromo": false,
    "gtin": [
      "05400141608380",
      "15400141608387"
    ],
    "topCategoryName": "Chips/Borrelhapjes",
    "topCategoryId": "306",
    "businessDomain": "RETAIL_BE",
    "IsPrivateLabel": true,
    "IsBiffe": false,
    "WeightconversionFactor": "0",
    "IsWeightArticle": false,
    "nutriscoreLabel": "C",
    "IsBio": false,
    "CountryOfOrigin": "NEDERLAND",
    "IsExclusivelySoldInLuxembourg": false,
    "OrderUnit": "P",
    "ShortName": "BONI HUMMUS 450G",
    "IsNew": false,
    "EcoscoreLabel": "B",
    "RecentQuanityOfStockUnits": "1",
    "LongName": "BONI hummus 450g",
    "AlcoholVolume": "0",
    "FicCode": "I",
    "EcoscoreValue": "72"
  },
  {
    "productId": "564229",
    "technicalArticleNumber": "4204623",
    "commercialArticleNumber": "15916",
    "name": "tomatenpulp",
    "brand": "MUTTI",
    "seoBrand": "Mutti",
    "thumbNail": "https://static.colruytgroup.com/images/200x200/std.lang.all/40/36/asset-3354036.jpg",
    "fullImage": "https://static.colruytgroup.com/images/500x500/std.lang.all/40/36/asset-3354036.jpg",
    "squareImage": "https://static.colruytgroup.com/images/500x500sq/std.lang.all/40/36/asset-3354036.jpg",
    "content": "400g",
    "walkRouteSequenceNumber": 8456,
    "price": {
      "basicPrice": 1.11,
      "recommendedQuantity": "3.0",
      "measurementUnitPrice": 2.78,
      "measurementUnit": "K",
      "isRedPrice": false,
      "pricePerUOM": 2.78,
      "activationDate": "23-03-2024",
      "recordSource": "Folder",
      "isPromoActive": "Y",
      "priceChangeCode": "E"
    },
    "isAvailable": true,
    "isPriceAvailable": true,
    "inPromo": true,
    "promotion": [
      {
        "techPromoId": "100989COLR",
        "promotionId": "100989",
        "promotionType": "3",
        "isPersonalized": "N",
        "publicationStartDate": "13-03-2024",
        "publicationEndDate": "26-03-2024"
      }
    ],
    "gtin": [
      "08005110170201",
      "00000080042556",
      "08005110170300",
      "08005110170386"
    ],
    "topCategoryName": "Conserven",
    "topCategoryId": "188",
    "businessDomain": "RETAIL_BE",
    "IsPrivateLabel": false,
    "IsBiffe": false,
    "WeightconversionFactor": "0",
    "IsWeightArticle": false,
    "nutriscoreLabel": "A",
    "IsBio": false,
    "CountryOfOrigin": "ITALIË",
    "IsExclusivelySoldInLuxembourg": false,
    "OrderUnit": "P",
    "ShortName": "MUTT TOMATENPULP 400G",
    "IsNew": false,
    "EcoscoreLabel": "A",
    "RecentQuanityOfStockUnits": "3,24,1",
    "LongName": "MUTTI tomatenpulp 400g",
    "FicCode": "E",
    "EcoscoreValue": "100"
  },
  {
    "productId": "154112",
    "technicalArticleNumber": "3291439",
    "commercialArticleNumber": "44722",
    "name": "appelmousseline bok",
    "description": "*Appelmousseline",
    "brand": "MATERNE",
    "seoBrand": "Materne",
    "thumbNail": "https://static.colruytgroup.com/images/200x200/nl_be/33/44/asset-3423344.jpg",
    "fullImage": "https://static.colruytgroup.com/images/500x500/nl_be/33/44/asset-3423344.jpg",
    "squareImage": "https://static.colruytgroup.com/images/500x500sq/nl_be/33/44/asset-3423344.jpg",
    "content": "375g",
    "walkRouteSequenceNumber": 16532,
    "price": {
      "basicPrice": 0.95,
      "recommendedQuantity": "1.0",
      "measurementUnitPrice": 2.54,
      "measurementUnit": "K",
      "isRedPrice": false,
      "pricePerUOM": 2.54,
      "activationDate": "17-02-2024",
      "recordSource": "Offline",
      "isPromoActive": "N",
      "priceChangeCode": "E"
    },
    "isAvailable": true,
    "isPriceAvailable": true,
    "inPromo": false,
    "gtin": [
      "05410046804121",
      "05410046070229",
      "05410046013967"
    ],
    "topCategoryName": "Conserven",
    "topCategoryId": "188",
    "businessDomain": "RETAIL_BE",
    "IsPrivateLabel": false,
    "IsBiffe": false,
    "WeightconversionFactor": "0",
    "IsWeightArticle": false,
    "nutriscoreLabel": "B",
    "IsBio": false,
    "CountryOfOrigin": "BELGIË",
    "IsExclusivelySoldInLuxembourg": false,
    "OrderUnit": "P",
    "ShortName": "MAT APPELMOUSSEL.375G",
    "IsNew": false,
    "RecentQuanityOfStockUnits": "8,1",
    "LongName": "MATERNE appelmousseline bok 375g",
    "AlcoholVolume": "0",
    "FicCode": "E"
  },
  {
    "productId": "1103",
    "technicalArticleNumber": "16498",
    "commercialArticleNumber": "16498",
    "name": "appelmousseline bok",
    "description": "*Appelcompote zonder\nstukjes",
    "brand": "MATERNE",
    "seoBrand": "Materne",
    "thumbNail": "https://static.colruytgroup.com/images/200x200/nl_be/33/42/asset-3423342.jpg",
    "fullImage": "https://static.colruytgroup.com/images/500x500/nl_be/33/42/asset-3423342.jpg",
    "squareImage": "https://static.colruytgroup.com/images/500x500sq/nl_be/33/42/asset-3423342.jpg",
    "content": "600g",
    "walkRouteSequenceNumber": 16550,
    "price": {
      "basicPrice": 1.69,
      "recommendedQuantity": "1.0",
      "measurementUnitPrice": 2.82,
      "measurementUnit": "K",
      "isRedPrice": false,
      "pricePerUOM": 2.82,
      "activationDate": "17-02-2024",
      "recordSource": "Offline",
      "isPromoActive": "N",
      "priceChangeCode": "E"
    },
    "isAvailable": true,
    "isPriceAvailable": true,
    "inPromo": false,
    "gtin": [
      "05410046070052",
      "05410046805050"
    ],
    "topCategoryName": "Conserven",
    "topCategoryId": "188",
    "businessDomain": "RETAIL_BE",
    "IsPrivateLabel": false,
    "IsBiffe": false,
    "WeightconversionFactor": "0",
    "IsWeightArticle": false,
    "nutriscoreLabel": "B",
    "IsBio": false,
    "CountryOfOrigin": "BELGIË",
    "IsExclusivelySoldInLuxembourg": false,
    "OrderUnit": "P",
    "ShortName": "MAT MOUSSELINE APP.600G",
    "IsNew": false,
    "RecentQuanityOfStockUnits": "8,1",
    "LongName": "MATERNE appelmousseline bok 600g",
    "AlcoholVolume": "0",
    "FicCode": "E"
  },
  {
    "productId": "447234",
    "technicalArticleNumber": "4030482",
    "commercialArticleNumber": "5583",
    "name": "groene olijven knoflook",
    "description": "*Zie verpakking",
    "brand": "EVERYDAY",
    "seoBrand": "Everyday",
    "thumbNail": "https://static.colruytgroup.com/images/200x200/std.lang.all/17/16/asset-2741716.jpg",
    "fullImage": "https://static.colruytgroup.com/images/500x500/std.lang.all/17/16/asset-2741716.jpg",
    "squareImage": "https://static.colruytgroup.com/images/500x500sq/std.lang.all/17/16/asset-2741716.jpg",
    "content": "200g",
    "walkRouteSequenceNumber": 7696,
    "price": {
      "basicPrice": 2.39,
      "recommendedQuantity": "1.0",
      "measurementUnitPrice": 11.95,
      "measurementUnit": "K",
      "isRedPrice": false,
      "pricePerUOM": 11.95,
      "activationDate": "23-03-2024",
      "recordSource": "Offline",
      "isPromoActive": "N",
      "priceChangeCode": "H"
    },
    "isAvailable": true,
    "isPriceAvailable": true,
    "inPromo": false,
    "gtin": [
      "05400141488067",
      "05400141050646",
      "05400141269406",
      "25400141269400",
      "05400141944877",
      "05400141710533"
    ],
    "topCategoryName": "Chips/Borrelhapjes",
    "topCategoryId": "306",
    "businessDomain": "RETAIL_BE",
    "IsPrivateLabel": true,
    "IsBiffe": false,
    "WeightconversionFactor": "0",
    "IsWeightArticle": false,
    "nutriscoreLabel": "C",
    "IsBio": false,
    "CountryOfOrigin": "MAROKKO",
    "IsExclusivelySoldInLuxembourg": false,
    "OrderUnit": "P",
    "ShortName": "EVD OLIJVEN LOOK 200G",
    "IsNew": false,
    "EcoscoreLabel": "B",
    "RecentQuanityOfStockUnits": "1",
    "LongName": "EVERYDAY groene olijven knoflook 200g",
    "FicCode": "I",
    "EcoscoreValue": "75"
  },
  {
    "productId": "190150",
    "technicalArticleNumber": "3460576",
    "commercialArticleNumber": "50317",
    "name": "cocktailworstjes",
    "description": "*14 cocktailworstjes\n*Met 70% vlees (kip\nen varken)",
    "brand": "BONI",
    "seoBrand": "Boni Selection",
    "thumbNail": "https://static.colruytgroup.com/images/200x200/std.lang.all/67/16/asset-2976716.jpg",
    "fullImage": "https://static.colruytgroup.com/images/500x500/std.lang.all/67/16/asset-2976716.jpg",
    "squareImage": "https://static.colruytgroup.com/images/500x500sq/std.lang.all/67/16/asset-2976716.jpg",
    "content": "200g",
    "walkRouteSequenceNumber": 4618,
    "price": {
      "basicPrice": 0.95,
      "recommendedQuantity": "1.0",
      "measurementUnitPrice": 7.92,
      "measurementUnit": "K",
      "isRedPrice": false,
      "pricePerUOM": 7.92,
      "activationDate": "26-09-2023",
      "recordSource": "Offline",
      "isPromoActive": "N",
      "priceChangeCode": "E"
    },
    "isAvailable": true,
    "isPriceAvailable": true,
    "inPromo": false,
    "gtin": [
      "35400141415941",
      "15400141055907",
      "15400141415947",
      "05400141415940",
      "05400141381931",
      "05400141381177",
      "05400141055900"
    ],
    "topCategoryName": "Conserven",
    "topCategoryId": "188",
    "businessDomain": "RETAIL_BE",
    "IsPrivateLabel": true,
    "IsBiffe": false,
    "WeightconversionFactor": "0",
    "IsWeightArticle": false,
    "nutriscoreLabel": "D",
    "IsBio": false,
    "CountryOfOrigin": "BELGIË",
    "IsExclusivelySoldInLuxembourg": false,
    "OrderUnit": "P",
    "ShortName": "BONI COCKTAILWORSTJE200",
    "IsNew": false,
    "EcoscoreLabel": "D",
    "RecentQuanityOfStockUnits": "1,12",
    "LongName": "BONI cocktailworstjes 200g",
    "AlcoholVolume": "0",
    "FicCode": "I",
    "EcoscoreValue": "34"
  },
  {
    "productId": "45051",
    "technicalArticleNumber": "2520090",
    "commercialArticleNumber": "39708",
    "name": "nature",
    "description": "*Croutons, natuur",
    "brand": "FLODOR CROÛTONS D'OR",
    "seoBrand": "Flodor",
    "thumbNail": "https://static.colruytgroup.com/images/200x200/std.lang.all/35/21/asset-1993521.jpg",
    "fullImage": "https://static.colruytgroup.com/images/500x500/std.lang.all/35/21/asset-1993521.jpg",
    "squareImage": "https://static.colruytgroup.com/images/500x500sq/std.lang.all/35/21/asset-1993521.jpg",
    "content": "75g",
    "walkRouteSequenceNumber": 16999,
    "price": {
      "basicPrice": 1.69,
      "recommendedQuantity": "1.0",
      "measurementUnitPrice": 22.54,
      "measurementUnit": "K",
      "isRedPrice": false,
      "pricePerUOM": 22.54,
      "activationDate": "20-03-2024",
      "recordSource": "Offline",
      "isPromoActive": "N",
      "priceChangeCode": "H"
    },
    "isAvailable": true,
    "isPriceAvailable": true,
    "inPromo": false,
    "gtin": [
      "03075360005658",
      "33075360005659",
      "43075360005656"
    ],
    "topCategoryName": "Kruidenierswaren/Droge voeding",
    "topCategoryId": "233",
    "businessDomain": "RETAIL_BE",
    "IsPrivateLabel": false,
    "IsBiffe": false,
    "WeightconversionFactor": "0",
    "IsWeightArticle": false,
    "nutriscoreLabel": "E",
    "IsBio": false,
    "CountryOfOrigin": "ITALIË",
    "IsExclusivelySoldInLuxembourg": false,
    "OrderUnit": "P",
    "ShortName": "FLODOR CROUT NATUUR 75G",
    "IsNew": false,
    "EcoscoreLabel": "D",
    "RecentQuanityOfStockUnits": "1,14",
    "LongName": "FLODOR CROÛTONS D'OR nature 75g",
    "AlcoholVolume": "0",
    "FicCode": "E",
    "EcoscoreValue": "38"
  },
  {
    "productId": "801",
    "technicalArticleNumber": "13463",
    "commercialArticleNumber": "13463",
    "name": "zilveruitjes in azijn",
    "description": "Zilveruitjes op azijn. Lekker bij het\naperitief, in vleesgerechten en\nstoofschotels, salades, met américain\npréparé enz.",
    "brand": "EVERYDAY",
    "seoBrand": "Everyday",
    "thumbNail": "https://static.colruytgroup.com/images/200x200/std.lang.all/47/45/asset-1094745.jpg",
    "fullImage": "https://static.colruytgroup.com/images/500x500/std.lang.all/47/45/asset-1094745.jpg",
    "squareImage": "https://static.colruytgroup.com/images/500x500sq/std.lang.all/47/45/asset-1094745.jpg",
    "content": "320g",
    "walkRouteSequenceNumber": 16355,
    "price": {
      "basicPrice": 0.45,
      "recommendedQuantity": "1.0",
      "measurementUnitPrice": 2.37,
      "measurementUnit": "K",
      "isRedPrice": false,
      "pricePerUOM": 2.37,
      "activationDate": "14-11-2023",
      "recordSource": "Offline",
      "isPromoActive": "N",
      "priceChangeCode": "E"
    },
    "isAvailable": true,
    "isPriceAvailable": true,
    "inPromo": false,
    "gtin": [
      "15400141334637",
      "05400141048117",
      "05400141167146",
      "05400141427202",
      "15400141781783"
    ],
    "topCategoryName": "Kruidenierswaren/Droge voeding",
    "topCategoryId": "233",
    "businessDomain": "RETAIL_BE",
    "IsPrivateLabel": true,
    "IsBiffe": false,
    "WeightconversionFactor": "0",
    "IsWeightArticle": false,
    "nutriscoreLabel": "A",
    "IsBio": false,
    "CountryOfOrigin": "BELGIË",
    "IsExclusivelySoldInLuxembourg": false,
    "OrderUnit": "P",
    "ShortName": "EVD UITJES AZIJN 320G",
    "IsNew": false,
    "EcoscoreLabel": "A",
    "RecentQuanityOfStockUnits": "12,1",
    "LongName": "EVERYDAY zilveruitjes in azijn 320g",
    "AlcoholVolume": "0",
    "FicCode": "I",
    "EcoscoreValue": "100"
  },
  {
    "productId": "659",
    "technicalArticleNumber": "9836",
    "commercialArticleNumber": "9836",
    "name": "tonijn groenten-tom.saus",
    "description": "*Tonijn met uien en\nerwten in\ntomatensaus",
    "brand": "EVERYDAY",
    "seoBrand": "Everyday",
    "thumbNail": "https://static.colruytgroup.com/images/200x200/std.lang.all/28/02/asset-2082802.jpg",
    "fullImage": "https://static.colruytgroup.com/images/500x500/std.lang.all/28/02/asset-2082802.jpg",
    "squareImage": "https://static.colruytgroup.com/images/500x500sq/std.lang.all/28/02/asset-2082802.jpg",
    "content": "185g",
    "walkRouteSequenceNumber": 16751,
    "price": {
      "basicPrice": 1.99,
      "recommendedQuantity": "6.0",
      "measurementUnitPrice": 10.76,
      "measurementUnit": "K",
      "isRedPrice": false,
      "pricePerUOM": 10.76,
      "activationDate": "23-01-2024",
      "recordSource": "Offline",
      "isPromoActive": "N",
      "priceChangeCode": "H"
    },
    "isAvailable": true,
    "isPriceAvailable": true,
    "inPromo": false,
    "gtin": [
      "15400141191551",
      "25400141191558",
      "00000025098365",
      "05400141020434",
      "05400141074734",
      "05400141077414",
      "05400141098372",
      "05400141173963",
      "05400141191554"
    ],
    "topCategoryName": "Conserven",
    "topCategoryId": "188",
    "businessDomain": "RETAIL_BE",
    "IsPrivateLabel": true,
    "IsBiffe": false,
    "WeightconversionFactor": "0",
    "IsWeightArticle": false,
    "nutriscoreLabel": "B",
    "IsBio": false,
    "CountryOfOrigin": "VIETNAM",
    "IsExclusivelySoldInLuxembourg": false,
    "OrderUnit": "P",
    "ShortName": "EVD TONIJN GROENTEN 185",
    "IsNew": false,
    "EcoscoreLabel": "D",
    "RecentQuanityOfStockUnits": "6,1,48",
    "LongName": "EVERYDAY tonijn groenten-tom.saus 185g",
    "AlcoholVolume": "0",
    "FicCode": "I",
    "EcoscoreValue": "34"
  },
  {
    "productId": "730",
    "technicalArticleNumber": "11286",
    "commercialArticleNumber": "11286",
    "name": "prinsessenbonen gebr. blik",
    "description": "*Fijne gebroken\nprinsessenbonen",
    "brand": "EVERYDAY",
    "seoBrand": "Everyday",
    "thumbNail": "https://static.colruytgroup.com/images/200x200/std.lang.all/20/59/asset-2172059.jpg",
    "fullImage": "https://static.colruytgroup.com/images/500x500/std.lang.all/20/59/asset-2172059.jpg",
    "squareImage": "https://static.colruytgroup.com/images/500x500sq/std.lang.all/20/59/asset-2172059.jpg",
    "content": "800g",
    "walkRouteSequenceNumber": 16418,
    "price": {
      "basicPrice": 1.19,
      "recommendedQuantity": "3.0",
      "measurementUnitPrice": 2.62,
      "measurementUnit": "K",
      "isRedPrice": false,
      "pricePerUOM": 2.62,
      "activationDate": "29-12-2023",
      "recordSource": "Offline",
      "isPromoActive": "N",
      "priceChangeCode": "H"
    },
    "isAvailable": true,
    "isPriceAvailable": true,
    "inPromo": false,
    "gtin": [
      "05400141166590",
      "05400141505498",
      "15400141505495",
      "05400141058031",
      "05400141083095",
      "05400141128543",
      "05400141345292",
      "15400141128540",
      "15400141345299",
      "25400141128547",
      "25400141345296"
    ],
    "topCategoryName": "Conserven",
    "topCategoryId": "188",
    "businessDomain": "RETAIL_BE",
    "IsPrivateLabel": true,
    "IsBiffe": false,
    "WeightconversionFactor": "0",
    "IsWeightArticle": false,
    "nutriscoreLabel": "A",
    "IsBio": false,
    "CountryOfOrigin": "FRANKRIJK",
    "IsExclusivelySoldInLuxembourg": false,
    "OrderUnit": "P",
    "ShortName": "EVD GEBR PRINCESS800G",
    "InSeason": true,
    "IsNew": false,
    "EcoscoreLabel": "A",
    "RecentQuanityOfStockUnits": "1,12,1,12",
    "LongName": "EVERYDAY prinsessenbonen gebr. blik 800g",
    "AlcoholVolume": "0",
    "StartSeasonDate": "18/08/2009",
    "FicCode": "I",
    "EcoscoreValue": "89"
  },
  {
    "productId": "11567",
    "technicalArticleNumber": "1388570",
    "commercialArticleNumber": "11986",
    "name": "rode kool met stukjes appel",
    "description": "*Rodekool met\nstukjes appel",
    "brand": "HAK",
    "seoBrand": "Hak",
    "thumbNail": "https://static.colruytgroup.com/images/200x200/std.lang.all/68/05/asset-2956805.jpg",
    "fullImage": "https://static.colruytgroup.com/images/500x500/std.lang.all/68/05/asset-2956805.jpg",
    "squareImage": "https://static.colruytgroup.com/images/500x500sq/std.lang.all/68/05/asset-2956805.jpg",
    "content": "355g",
    "walkRouteSequenceNumber": 16332,
    "price": {
      "basicPrice": 0.99,
      "recommendedQuantity": "1.0",
      "measurementUnitPrice": 2.79,
      "measurementUnit": "K",
      "isRedPrice": false,
      "pricePerUOM": 2.79,
      "activationDate": "23-03-2024",
      "recordSource": "Folder",
      "isPromoActive": "N",
      "priceChangeCode": "E"
    },
    "isAvailable": true,
    "isPriceAvailable": true,
    "inPromo": false,
    "gtin": [
      "08720600622458",
      "05410921510147",
      "08720600622465",
      "65400141283862",
      "08720600099106",
      "08720600100109"
    ],
    "topCategoryName": "Conserven",
    "topCategoryId": "188",
    "businessDomain": "RETAIL_BE",
    "IsPrivateLabel": false,
    "IsBiffe": false,
    "WeightconversionFactor": "0",
    "IsWeightArticle": false,
    "nutriscoreLabel": "B",
    "IsBio": false,
    "CountryOfOrigin": "BELGIË",
    "IsExclusivelySoldInLuxembourg": false,
    "OrderUnit": "P",
    "ShortName": "HAK RODEKOOL+APPEL 355G",
    "IsNew": false,
    "EcoscoreLabel": "B",
    "RecentQuanityOfStockUnits": "1,12",
    "LongName": "HAK rode kool met stukjes appel 355g",
    "AlcoholVolume": "0",
    "FicCode": "E",
    "EcoscoreValue": "78"
  },
  {
    "productId": "472878",
    "technicalArticleNumber": "4073699",
    "commercialArticleNumber": "7285",
    "name": "zwarte olijven ontpit",
    "description": "*Ontpit zwarte\ngeoxideerde olijven\n*Oorsprong: Griekenland",
    "brand": "BONI",
    "seoBrand": "Boni Selection",
    "thumbNail": "https://static.colruytgroup.com/images/200x200/std.lang.all/17/18/asset-2741718.jpg",
    "fullImage": "https://static.colruytgroup.com/images/500x500/std.lang.all/17/18/asset-2741718.jpg",
    "squareImage": "https://static.colruytgroup.com/images/500x500sq/std.lang.all/17/18/asset-2741718.jpg",
    "content": "150g",
    "walkRouteSequenceNumber": 7681,
    "price": {
      "basicPrice": 2.89,
      "recommendedQuantity": "1.0",
      "quantityPrice": 2.66,
      "quantityPriceQuantity": "3.0",
      "measurementUnitPrice": 19.27,
      "measurementUnitQuantityPrice": 17.74,
      "measurementUnit": "K",
      "isRedPrice": false,
      "pricePerUOM": 19.27,
      "activationDate": "31-10-2022",
      "isPromoActive": "N",
      "priceChangeCode": "E",
      "quantityPricePerUOM": 17.74,
      "quantityActivationDate": "31-10-2022",
      "quantityPriceChangeCode": "H"
    },
    "isAvailable": true,
    "isPriceAvailable": true,
    "inPromo": false,
    "gtin": [
      "05400141705898",
      "15400141274001",
      "05400141274004",
      "05400141437454",
      "05400141490466",
      "15400141437451",
      "05400141888683"
    ],
    "topCategoryName": "Chips/Borrelhapjes",
    "topCategoryId": "306",
    "businessDomain": "RETAIL_BE",
    "IsPrivateLabel": true,
    "IsBiffe": false,
    "WeightconversionFactor": "0",
    "IsWeightArticle": false,
    "nutriscoreLabel": "C",
    "IsBio": false,
    "CountryOfOrigin": "GRIEKENLAND",
    "IsExclusivelySoldInLuxembourg": false,
    "OrderUnit": "P",
    "ShortName": "BONI S. ZW.OLI.ONTP150G",
    "IsNew": false,
    "EcoscoreLabel": "A",
    "RecentQuanityOfStockUnits": "1,1",
    "LongName": "BONI zwarte olijven ontpit 150g",
    "FicCode": "I",
    "EcoscoreValue": "84"
  },
  {
    "productId": "667841",
    "technicalArticleNumber": "4378176",
    "commercialArticleNumber": "14258",
    "name": "halfgedroogde tomaten",
    "description": "*Halfgedroogde\ntomaten,\nkruiden gemarineerd",
    "brand": "BONI",
    "seoBrand": "Boni Selection",
    "thumbNail": "https://static.colruytgroup.com/images/200x200/std.lang.all/68/29/asset-2706829.jpg",
    "fullImage": "https://static.colruytgroup.com/images/500x500/std.lang.all/68/29/asset-2706829.jpg",
    "squareImage": "https://static.colruytgroup.com/images/500x500sq/std.lang.all/68/29/asset-2706829.jpg",
    "content": "150g",
    "walkRouteSequenceNumber": 7667,
    "price": {
      "basicPrice": 2.19,
      "recommendedQuantity": "1.0",
      "measurementUnitPrice": 14.6,
      "measurementUnit": "K",
      "isRedPrice": false,
      "pricePerUOM": 14.6,
      "activationDate": "08-03-2024",
      "recordSource": "Offline",
      "isPromoActive": "N",
      "priceChangeCode": "L"
    },
    "isAvailable": true,
    "isPriceAvailable": true,
    "inPromo": false,
    "gtin": [
      "15400141991649",
      "05400141450101",
      "15400141632801",
      "05400141991642"
    ],
    "topCategoryName": "Chips/Borrelhapjes",
    "topCategoryId": "306",
    "businessDomain": "RETAIL_BE",
    "IsPrivateLabel": true,
    "IsBiffe": false,
    "WeightconversionFactor": "0",
    "IsWeightArticle": false,
    "nutriscoreLabel": "C",
    "IsBio": false,
    "CountryOfOrigin": "FRANKRIJK",
    "IsExclusivelySoldInLuxembourg": false,
    "OrderUnit": "P",
    "ShortName": "BONI HALFGEDR.TOM.150G",
    "IsNew": false,
    "EcoscoreLabel": "E",
    "RecentQuanityOfStockUnits": "1",
    "LongName": "BONI halfgedroogde tomaten 150g",
    "FicCode": "I",
    "EcoscoreValue": "0"
  },
  {
    "productId": "355631",
    "technicalArticleNumber": "3867377",
    "commercialArticleNumber": "13469",
    "name": "tonijn olijfolie MSC",
    "description": "*met label MSC",
    "brand": "BONI",
    "seoBrand": "Boni Selection",
    "thumbNail": "https://static.colruytgroup.com/images/200x200/std.lang.all/30/06/asset-3133006.jpg",
    "fullImage": "https://static.colruytgroup.com/images/500x500/std.lang.all/30/06/asset-3133006.jpg",
    "squareImage": "https://static.colruytgroup.com/images/500x500sq/std.lang.all/30/06/asset-3133006.jpg",
    "content": "190g",
    "walkRouteSequenceNumber": 16737,
    "price": {
      "basicPrice": 2.17,
      "recommendedQuantity": "1.0",
      "measurementUnitPrice": 15.5,
      "measurementUnit": "K",
      "isRedPrice": false,
      "pricePerUOM": 15.5,
      "activationDate": "19-12-2023",
      "isPromoActive": "N",
      "priceChangeCode": "H"
    },
    "isAvailable": true,
    "isPriceAvailable": true,
    "inPromo": false,
    "gtin": [
      "15400141962779",
      "05400141962772",
      "55400141915872",
      "05400141007381",
      "05400141282399",
      "05400141414431",
      "15400141247043",
      "15400141414438",
      "15400141441793",
      "05400141441796",
      "25400141867507",
      "05400141867503",
      "05400141247046"
    ],
    "topCategoryName": "Conserven",
    "topCategoryId": "188",
    "businessDomain": "RETAIL_BE",
    "IsPrivateLabel": true,
    "IsBiffe": false,
    "WeightconversionFactor": "0",
    "IsWeightArticle": false,
    "nutriscoreLabel": "A",
    "IsBio": false,
    "CountryOfOrigin": "FILIPIJNEN",
    "IsExclusivelySoldInLuxembourg": false,
    "OrderUnit": "P",
    "ShortName": "BONI TONIJN MSC OLIE190",
    "IsNew": false,
    "EcoscoreLabel": "C",
    "RecentQuanityOfStockUnits": "1,1,48",
    "LongName": "BONI tonijn olijfolie MSC 190g",
    "AlcoholVolume": "0",
    "FicCode": "I",
    "EcoscoreValue": "50"
  },
  {
    "productId": "9997",
    "technicalArticleNumber": "1370270",
    "commercialArticleNumber": "11943",
    "name": "erwt wortelen extra fijn",
    "description": "*Extra fijne\ndoperwtjes",
    "brand": "HAK",
    "seoBrand": "Hak",
    "thumbNail": "https://static.colruytgroup.com/images/200x200/std.lang.all/01/57/asset-2900157.jpg",
    "fullImage": "https://static.colruytgroup.com/images/500x500/std.lang.all/01/57/asset-2900157.jpg",
    "squareImage": "https://static.colruytgroup.com/images/500x500sq/std.lang.all/01/57/asset-2900157.jpg",
    "content": "680g",
    "walkRouteSequenceNumber": 16407,
    "price": {
      "basicPrice": 2.29,
      "recommendedQuantity": "2.0",
      "measurementUnitPrice": 5.09,
      "measurementUnit": "K",
      "isRedPrice": false,
      "pricePerUOM": 5.09,
      "activationDate": "19-02-2024",
      "recordSource": "Offline",
      "isPromoActive": "N",
      "priceChangeCode": "H"
    },
    "isAvailable": true,
    "isPriceAvailable": true,
    "inPromo": false,
    "gtin": [
      "05410018791855",
      "08720600061103",
      "08720600062100"
    ],
    "topCategoryName": "Conserven",
    "topCategoryId": "188",
    "businessDomain": "RETAIL_BE",
    "IsPrivateLabel": false,
    "IsBiffe": false,
    "WeightconversionFactor": "0",
    "IsWeightArticle": false,
    "nutriscoreLabel": "A",
    "IsBio": false,
    "CountryOfOrigin": "BELGIË",
    "IsExclusivelySoldInLuxembourg": false,
    "OrderUnit": "P",
    "ShortName": "HAK DOPERWT-WORT EF 680",
    "InSeason": true,
    "IsNew": false,
    "EcoscoreLabel": "B",
    "RecentQuanityOfStockUnits": "1",
    "LongName": "HAK erwt wortelen extra fijn 680g",
    "AlcoholVolume": "0",
    "StartSeasonDate": "27/03/2023",
    "FicCode": "E",
    "EcoscoreValue": "76"
  },
  {
    "productId": "16029",
    "technicalArticleNumber": "1459668",
    "commercialArticleNumber": "10955",
    "name": "tonijn zonnebloemolie",
    "description": "*Tonijn in olie",
    "brand": "EVERYDAY",
    "seoBrand": "Everyday",
    "thumbNail": "https://static.colruytgroup.com/images/200x200/std.lang.all/71/80/asset-3337180.jpg",
    "fullImage": "https://static.colruytgroup.com/images/500x500/std.lang.all/71/80/asset-3337180.jpg",
    "squareImage": "https://static.colruytgroup.com/images/500x500sq/std.lang.all/71/80/asset-3337180.jpg",
    "content": "200g",
    "walkRouteSequenceNumber": 16746,
    "price": {
      "basicPrice": 1.11,
      "recommendedQuantity": "6.0",
      "measurementUnitPrice": 7.4,
      "measurementUnit": "K",
      "isRedPrice": false,
      "pricePerUOM": 7.4,
      "activationDate": "21-02-2024",
      "recordSource": "Offline",
      "isPromoActive": "N",
      "priceChangeCode": "L"
    },
    "isAvailable": true,
    "isPriceAvailable": true,
    "inPromo": false,
    "gtin": [
      "25400141867538",
      "15400141867531",
      "05400141867534",
      "05400141573381",
      "15400141573388",
      "25400141573385",
      "05400141168297",
      "05400141208016",
      "05400141209877",
      "05400141231700",
      "05400141232233",
      "05400141272222",
      "05400141294460",
      "05400141377866",
      "05400141377873",
      "05400141399585",
      "05400141410211",
      "15400141191384",
      "15400141191438",
      "15400141231707",
      "15400141399582",
      "25400141191381",
      "25400141231704",
      "25400141399589",
      "05400141075854",
      "05400141077551",
      "05400141191387",
      "05400141191431",
      "05400141191455",
      "05400141054828",
      "05400141055757"
    ],
    "topCategoryName": "Conserven",
    "topCategoryId": "188",
    "businessDomain": "RETAIL_BE",
    "IsPrivateLabel": true,
    "IsBiffe": false,
    "WeightconversionFactor": "0",
    "IsWeightArticle": false,
    "nutriscoreLabel": "B",
    "IsBio": false,
    "CountryOfOrigin": "FILIPIJNEN",
    "IsExclusivelySoldInLuxembourg": false,
    "OrderUnit": "P",
    "ShortName": "EVD TONIJN OLIE 200G",
    "IsNew": false,
    "EcoscoreLabel": "D",
    "RecentQuanityOfStockUnits": "48,6,1,6,1",
    "LongName": "EVERYDAY tonijn zonnebloemolie 200g",
    "AlcoholVolume": "0",
    "FicCode": "I",
    "EcoscoreValue": "34"
  },
  {
    "productId": "795",
    "technicalArticleNumber": "13453",
    "commercialArticleNumber": "13453",
    "name": "augurken zoetzuur",
    "description": "Augurken zoetzuur met natuurazijn en\nkruidenmengsel.",
    "brand": "BONI",
    "seoBrand": "Boni Selection",
    "thumbNail": "https://static.colruytgroup.com/images/200x200/std.lang.all/12/72/asset-2261272.jpg",
    "fullImage": "https://static.colruytgroup.com/images/500x500/std.lang.all/12/72/asset-2261272.jpg",
    "squareImage": "https://static.colruytgroup.com/images/500x500sq/std.lang.all/12/72/asset-2261272.jpg",
    "content": "1,550kg",
    "walkRouteSequenceNumber": 16328,
    "price": {
      "basicPrice": 2.19,
      "recommendedQuantity": "1.0",
      "measurementUnitPrice": 2.58,
      "measurementUnit": "K",
      "isRedPrice": false,
      "pricePerUOM": 2.58,
      "activationDate": "14-11-2023",
      "recordSource": "Offline",
      "isPromoActive": "N",
      "priceChangeCode": "E"
    },
    "isAvailable": true,
    "isPriceAvailable": true,
    "inPromo": false,
    "gtin": [
      "05400141352986",
      "05400141407549",
      "15400141352983",
      "15400141953302",
      "05400141047998"
    ],
    "topCategoryName": "Kruidenierswaren/Droge voeding",
    "topCategoryId": "233",
    "businessDomain": "RETAIL_BE",
    "IsPrivateLabel": true,
    "IsBiffe": false,
    "WeightconversionFactor": "0",
    "IsWeightArticle": false,
    "nutriscoreLabel": "A",
    "IsBio": false,
    "CountryOfOrigin": "HONGARIJE",
    "IsExclusivelySoldInLuxembourg": false,
    "OrderUnit": "P",
    "ShortName": "HC BONI ZOEZ AUGUR1.55K",
    "IsNew": false,
    "EcoscoreLabel": "A",
    "RecentQuanityOfStockUnits": "6,1",
    "LongName": "BONI augurken zoetzuur 1,550kg",
    "AlcoholVolume": "0",
    "FicCode": "I",
    "EcoscoreValue": "100"
  },
  {
    "productId": "664439",
    "technicalArticleNumber": "4372451",
    "commercialArticleNumber": "19804",
    "name": "hummus pikant",
    "description": "*kikkererwten,\nsesampasta,\nchilipeper",
    "brand": "BONI",
    "seoBrand": "Boni Selection",
    "thumbNail": "https://static.colruytgroup.com/images/200x200/std.lang.all/17/96/asset-3021796.jpg",
    "fullImage": "https://static.colruytgroup.com/images/500x500/std.lang.all/17/96/asset-3021796.jpg",
    "squareImage": "https://static.colruytgroup.com/images/500x500sq/std.lang.all/17/96/asset-3021796.jpg",
    "content": "200g",
    "walkRouteSequenceNumber": 7654,
    "price": {
      "basicPrice": 0.89,
      "recommendedQuantity": "1.0",
      "measurementUnitPrice": 4.45,
      "measurementUnit": "K",
      "isRedPrice": false,
      "pricePerUOM": 4.45,
      "activationDate": "23-03-2024",
      "recordSource": "Offline",
      "isPromoActive": "N",
      "priceChangeCode": "L"
    },
    "isAvailable": true,
    "isPriceAvailable": true,
    "inPromo": false,
    "gtin": [
      "05400141740714",
      "05400141997965",
      "15400141997962",
      "15400141740711"
    ],
    "topCategoryName": "Chips/Borrelhapjes",
    "topCategoryId": "306",
    "businessDomain": "RETAIL_BE",
    "IsPrivateLabel": true,
    "IsBiffe": false,
    "WeightconversionFactor": "0",
    "IsWeightArticle": false,
    "nutriscoreLabel": "C",
    "IsBio": false,
    "CountryOfOrigin": "BELGIË",
    "IsExclusivelySoldInLuxembourg": false,
    "OrderUnit": "P",
    "ShortName": "BONI HUMMUS PIKANT 200G",
    "IsNew": false,
    "EcoscoreLabel": "B",
    "RecentQuanityOfStockUnits": "1",
    "LongName": "BONI hummus pikant 200g",
    "FicCode": "I",
    "EcoscoreValue": "72"
  },
  {
    "productId": "11743",
    "technicalArticleNumber": "1358366",
    "commercialArticleNumber": "28925",
    "name": "groene olijven zonder pit",
    "description": "*Groen\n*Ontpit\n*Griekenland",
    "brand": "BONI BIO",
    "seoBrand": "Boni Selection Bio",
    "thumbNail": "https://static.colruytgroup.com/images/200x200/std.lang.all/16/12/asset-2741612.jpg",
    "fullImage": "https://static.colruytgroup.com/images/500x500/std.lang.all/16/12/asset-2741612.jpg",
    "squareImage": "https://static.colruytgroup.com/images/500x500sq/std.lang.all/16/12/asset-2741612.jpg",
    "content": "150g",
    "walkRouteSequenceNumber": 7684,
    "price": {
      "basicPrice": 2.99,
      "recommendedQuantity": "1.0",
      "quantityPrice": 2.85,
      "quantityPriceQuantity": "3.0",
      "measurementUnitPrice": 19.94,
      "measurementUnitQuantityPrice": 19,
      "measurementUnit": "K",
      "isRedPrice": false,
      "pricePerUOM": 19.94,
      "activationDate": "24-02-2024",
      "recordSource": "Offline",
      "isPromoActive": "N",
      "priceChangeCode": "E",
      "quantityPricePerUOM": 19,
      "quantityActivationDate": "24-02-2024",
      "quantityPriceChangeCode": "L"
    },
    "isAvailable": true,
    "isPriceAvailable": true,
    "inPromo": false,
    "gtin": [
      "05400141492798",
      "05400141886269",
      "05400141039436",
      "05400141353716",
      "05400141374032",
      "15400141492795",
      "15400141089452"
    ],
    "topCategoryName": "Chips/Borrelhapjes",
    "topCategoryId": "306",
    "businessDomain": "RETAIL_BE",
    "IsPrivateLabel": true,
    "IsBiffe": false,
    "WeightconversionFactor": "0",
    "IsWeightArticle": false,
    "nutriscoreLabel": "C",
    "IsBio": true,
    "CountryOfOrigin": "BELGIË",
    "IsExclusivelySoldInLuxembourg": false,
    "OrderUnit": "P",
    "ShortName": "BIO BS OLIJVEN 150G",
    "InSeason": true,
    "IsNew": false,
    "EcoscoreLabel": "A",
    "RecentQuanityOfStockUnits": "1,12",
    "LongName": "BONI BIO groene olijven zonder pit 150g",
    "AlcoholVolume": "0",
    "StartSeasonDate": "29/10/2012",
    "FicCode": "I",
    "EcoscoreValue": "100"
  },
  {
    "productId": "11641",
    "technicalArticleNumber": "1375139",
    "commercialArticleNumber": "12600",
    "name": "Crunchy asperge",
    "description": "*Aspergesoep met\ncroutons",
    "brand": "ROYCO",
    "seoBrand": "Royco Crunchy",
    "thumbNail": "https://static.colruytgroup.com/images/200x200/std.lang.all/36/80/asset-3353680.jpg",
    "fullImage": "https://static.colruytgroup.com/images/500x500/std.lang.all/36/80/asset-3353680.jpg",
    "squareImage": "https://static.colruytgroup.com/images/500x500sq/std.lang.all/36/80/asset-3353680.jpg",
    "content": "3st",
    "walkRouteSequenceNumber": 16971,
    "price": {
      "basicPrice": 1.79,
      "recommendedQuantity": "1.0",
      "measurementUnitPrice": 29.84,
      "measurementUnit": "K",
      "isRedPrice": false,
      "pricePerUOM": 29.84,
      "activationDate": "20-03-2024",
      "recordSource": "Offline",
      "isPromoActive": "N",
      "priceChangeCode": "H"
    },
    "isAvailable": true,
    "isPriceAvailable": true,
    "inPromo": true,
    "promotion": [
      {
        "techPromoId": "100866COLR",
        "promotionId": "100866",
        "promotionType": "3",
        "isPersonalized": "N",
        "publicationStartDate": "13-03-2024",
        "publicationEndDate": "26-03-2024"
      }
    ],
    "gtin": [
      "05410056187337",
      "05414972705217"
    ],
    "topCategoryName": "Kruidenierswaren/Droge voeding",
    "topCategoryId": "233",
    "businessDomain": "RETAIL_BE",
    "IsPrivateLabel": false,
    "IsBiffe": false,
    "WeightconversionFactor": "0",
    "IsWeightArticle": false,
    "nutriscoreLabel": "C",
    "IsBio": false,
    "CountryOfOrigin": "NEDERLAND",
    "IsExclusivelySoldInLuxembourg": false,
    "OrderUnit": "P",
    "ShortName": "RMS CRUNCHY ASPERGES 3Z",
    "IsNew": false,
    "EcoscoreLabel": "B",
    "RecentQuanityOfStockUnits": "1",
    "LongName": "ROYCO Crunchy asperge 3st",
    "AlcoholVolume": "0",
    "FicCode": "E",
    "EcoscoreValue": "65"
  },
  {
    "productId": "463458",
    "technicalArticleNumber": "3957449",
    "commercialArticleNumber": "2260",
    "name": "witte bonen tomatensaus",
    "description": "*Witte bonen in\ntomatensaus",
    "brand": "BONI BIO",
    "seoBrand": "Boni Selection Bio",
    "thumbNail": "https://static.colruytgroup.com/images/200x200/std.lang.all/32/81/asset-2203281.jpg",
    "fullImage": "https://static.colruytgroup.com/images/500x500/std.lang.all/32/81/asset-2203281.jpg",
    "squareImage": "https://static.colruytgroup.com/images/500x500sq/std.lang.all/32/81/asset-2203281.jpg",
    "content": "360g",
    "walkRouteSequenceNumber": 16477,
    "price": {
      "basicPrice": 1.39,
      "recommendedQuantity": "1.0",
      "measurementUnitPrice": 3.87,
      "measurementUnit": "K",
      "isRedPrice": false,
      "pricePerUOM": 3.87,
      "activationDate": "30-12-2023",
      "recordSource": "Offline",
      "isPromoActive": "N",
      "priceChangeCode": "H"
    },
    "isAvailable": true,
    "isPriceAvailable": true,
    "inPromo": false,
    "gtin": [
      "15400141808596",
      "05400141562774",
      "15400141562771",
      "05400141278965",
      "05400141385793",
      "15400141278962",
      "15400141385790",
      "35400141039901",
      "05400141808599"
    ],
    "topCategoryName": "Conserven",
    "topCategoryId": "188",
    "businessDomain": "RETAIL_BE",
    "IsPrivateLabel": true,
    "IsBiffe": false,
    "WeightconversionFactor": "0",
    "IsWeightArticle": false,
    "nutriscoreLabel": "A",
    "IsBio": true,
    "CountryOfOrigin": "CHINA (VOLKSREBUPLIEK)",
    "IsExclusivelySoldInLuxembourg": false,
    "OrderUnit": "P",
    "ShortName": "BONI BIO WIT BO.T360",
    "IsNew": false,
    "EcoscoreLabel": "A",
    "RecentQuanityOfStockUnits": "3,1",
    "LongName": "BONI BIO witte bonen tomatensaus 360g",
    "FicCode": "I",
    "EcoscoreValue": "100"
  },
  {
    "productId": "178667",
    "technicalArticleNumber": "3356990",
    "commercialArticleNumber": "7112",
    "name": "soep pompoen suprême Crunchy",
    "brand": "ROYCO",
    "seoBrand": "Royco Crunchy",
    "thumbNail": "https://static.colruytgroup.com/images/200x200/std.lang.all/36/90/asset-3353690.jpg",
    "fullImage": "https://static.colruytgroup.com/images/500x500/std.lang.all/36/90/asset-3353690.jpg",
    "squareImage": "https://static.colruytgroup.com/images/500x500sq/std.lang.all/36/90/asset-3353690.jpg",
    "content": "3st",
    "walkRouteSequenceNumber": 16963,
    "price": {
      "basicPrice": 1.49,
      "recommendedQuantity": "1.0",
      "measurementUnitPrice": 21.92,
      "measurementUnit": "K",
      "isRedPrice": false,
      "pricePerUOM": 21.92,
      "activationDate": "20-03-2024",
      "recordSource": "Offline",
      "isPromoActive": "N",
      "priceChangeCode": "H"
    },
    "isAvailable": true,
    "isPriceAvailable": true,
    "inPromo": true,
    "promotion": [
      {
        "techPromoId": "100866COLR",
        "promotionId": "100866",
        "promotionType": "3",
        "isPersonalized": "N",
        "publicationStartDate": "13-03-2024",
        "publicationEndDate": "26-03-2024"
      }
    ],
    "gtin": [
      "05414972100258",
      "05414972705255"
    ],
    "topCategoryName": "Kruidenierswaren/Droge voeding",
    "topCategoryId": "233",
    "businessDomain": "RETAIL_BE",
    "IsPrivateLabel": false,
    "IsBiffe": false,
    "WeightconversionFactor": "0",
    "IsWeightArticle": false,
    "nutriscoreLabel": "C",
    "IsBio": false,
    "CountryOfOrigin": "NEDERLAND",
    "IsExclusivelySoldInLuxembourg": false,
    "OrderUnit": "P",
    "ShortName": "RMS POMPOEN SUP.CRUN 3Z",
    "IsNew": false,
    "EcoscoreLabel": "B",
    "RecentQuanityOfStockUnits": "1,24",
    "LongName": "ROYCO soep pompoen suprême Crunchy 3st",
    "AlcoholVolume": "0",
    "FicCode": "E",
    "EcoscoreValue": "75"
  },
  {
    "productId": "3409",
    "technicalArticleNumber": "1097579",
    "commercialArticleNumber": "9289",
    "name": "ravioli tomatensaus blik",
    "description": "*Gevogelte ravioli\nin tomatensaus\n*Aantal porties: 2\n*Opwarmen in de pan,\nin de microgolfoven",
    "brand": "EVERYDAY",
    "seoBrand": "Everyday",
    "thumbNail": "https://static.colruytgroup.com/images/200x200/std.lang.all/29/95/asset-3432995.jpg",
    "fullImage": "https://static.colruytgroup.com/images/500x500/std.lang.all/29/95/asset-3432995.jpg",
    "squareImage": "https://static.colruytgroup.com/images/500x500sq/std.lang.all/29/95/asset-3432995.jpg",
    "content": "800g",
    "walkRouteSequenceNumber": 16760,
    "price": {
      "basicPrice": 1.99,
      "recommendedQuantity": "1.0",
      "measurementUnitPrice": 2.49,
      "measurementUnit": "K",
      "isRedPrice": false,
      "pricePerUOM": 2.49,
      "activationDate": "17-02-2024",
      "recordSource": "Offline",
      "isPromoActive": "N",
      "priceChangeCode": "E"
    },
    "isAvailable": true,
    "isPriceAvailable": true,
    "inPromo": false,
    "gtin": [
      "00000025092899",
      "05400141033151",
      "05400141033168",
      "05400141057614",
      "05400141096552",
      "05400141398700",
      "15400141398707",
      "25400141057618",
      "35400141398701",
      "15400141977872",
      "05400141977875"
    ],
    "topCategoryName": "Conserven",
    "topCategoryId": "188",
    "businessDomain": "RETAIL_BE",
    "IsPrivateLabel": true,
    "IsBiffe": false,
    "WeightconversionFactor": "0",
    "IsWeightArticle": false,
    "nutriscoreLabel": "C",
    "IsBio": false,
    "CountryOfOrigin": "BELGIË",
    "IsExclusivelySoldInLuxembourg": false,
    "OrderUnit": "P",
    "ShortName": "EVD RAVIOLI 800G.",
    "InSeason": true,
    "IsNew": false,
    "EcoscoreLabel": "A",
    "RecentQuanityOfStockUnits": "1,12",
    "LongName": "EVERYDAY ravioli tomatensaus blik 800g",
    "AlcoholVolume": "0",
    "StartSeasonDate": "14/11/2023",
    "FicCode": "I",
    "EcoscoreValue": "81"
  },
  {
    "productId": "189113",
    "technicalArticleNumber": "3447107",
    "commercialArticleNumber": "28912",
    "name": "groene olijven basilicum",
    "description": "*Groene\n*Met basilicum\n*Ontpit\n*Griekenland",
    "brand": "BONI",
    "seoBrand": "Boni Selection",
    "thumbNail": "https://static.colruytgroup.com/images/200x200/std.lang.all/16/10/asset-2741610.jpg",
    "fullImage": "https://static.colruytgroup.com/images/500x500/std.lang.all/16/10/asset-2741610.jpg",
    "squareImage": "https://static.colruytgroup.com/images/500x500sq/std.lang.all/16/10/asset-2741610.jpg",
    "content": "150g",
    "walkRouteSequenceNumber": 7685,
    "price": {
      "basicPrice": 2.89,
      "recommendedQuantity": "1.0",
      "quantityPrice": 2.74,
      "quantityPriceQuantity": "3.0",
      "measurementUnitPrice": 19.27,
      "measurementUnitQuantityPrice": 18.27,
      "measurementUnit": "K",
      "isRedPrice": false,
      "pricePerUOM": 19.27,
      "activationDate": "14-11-2023",
      "recordSource": "Offline",
      "isPromoActive": "N",
      "priceChangeCode": "E",
      "quantityPricePerUOM": 18.27,
      "quantityActivationDate": "14-11-2023",
      "quantityPriceChangeCode": "E"
    },
    "isAvailable": true,
    "isPriceAvailable": true,
    "inPromo": false,
    "gtin": [
      "05400141705911",
      "15400141406273",
      "05400141492774",
      "05400141886283",
      "15400141088851",
      "05400141376708",
      "05400141089424",
      "05400141088854",
      "05400141406276"
    ],
    "topCategoryName": "Chips/Borrelhapjes",
    "topCategoryId": "306",
    "businessDomain": "RETAIL_BE",
    "IsPrivateLabel": true,
    "IsBiffe": false,
    "WeightconversionFactor": "0",
    "IsWeightArticle": false,
    "nutriscoreLabel": "C",
    "IsBio": false,
    "CountryOfOrigin": "BELGIË",
    "IsExclusivelySoldInLuxembourg": false,
    "OrderUnit": "P",
    "ShortName": "BONI GR.OLI.BASILI.150G",
    "IsNew": false,
    "EcoscoreLabel": "A",
    "RecentQuanityOfStockUnits": "1",
    "LongName": "BONI groene olijven basilicum 150g",
    "AlcoholVolume": "0",
    "FicCode": "I",
    "EcoscoreValue": "93"
  },
  {
    "productId": "851678",
    "technicalArticleNumber": "4699817",
    "commercialArticleNumber": "30987",
    "name": "kikkererwten",
    "brand": "BONI BIO",
    "seoBrand": "Boni Selection Bio",
    "thumbNail": "https://static.colruytgroup.com/images/200x200/std.lang.all/10/79/asset-3211079.jpg",
    "fullImage": "https://static.colruytgroup.com/images/500x500/std.lang.all/10/79/asset-3211079.jpg",
    "squareImage": "https://static.colruytgroup.com/images/500x500sq/std.lang.all/10/79/asset-3211079.jpg",
    "content": "330g",
    "walkRouteSequenceNumber": 4585,
    "price": {
      "basicPrice": 1.16,
      "recommendedQuantity": "1.0",
      "measurementUnitPrice": 5.4,
      "measurementUnit": "K",
      "isRedPrice": false,
      "pricePerUOM": 5.4,
      "activationDate": "19-03-2024",
      "recordSource": "Offline",
      "isPromoActive": "N",
      "priceChangeCode": "E"
    },
    "isAvailable": true,
    "isPriceAvailable": true,
    "inPromo": false,
    "gtin": [
      "05400141800210",
      "15400141800217"
    ],
    "topCategoryName": "Conserven",
    "topCategoryId": "188",
    "businessDomain": "RETAIL_BE",
    "IsPrivateLabel": true,
    "IsBiffe": false,
    "WeightconversionFactor": "0",
    "IsWeightArticle": false,
    "nutriscoreLabel": "A",
    "IsBio": true,
    "CountryOfOrigin": "NEDERLAND",
    "IsExclusivelySoldInLuxembourg": false,
    "OrderUnit": "P",
    "ShortName": "BONI BIO KIKKERERWT330G",
    "IsNew": false,
    "EcoscoreLabel": "A",
    "RecentQuanityOfStockUnits": "12,1",
    "LongName": "BONI BIO kikkererwten 330g",
    "AlcoholVolume": "0",
    "FicCode": "I",
    "EcoscoreValue": "100"
  },
  {
    "productId": "10886",
    "technicalArticleNumber": "1399471",
    "commercialArticleNumber": "12825",
    "name": "Italiaanse garnituur",
    "description": "*Tomatenbereiding\nmet kruiden",
    "brand": "BONI",
    "seoBrand": "Boni Selection",
    "thumbNail": "https://static.colruytgroup.com/images/200x200/nl_be/55/73/asset-3205573.jpg",
    "fullImage": "https://static.colruytgroup.com/images/500x500/nl_be/55/73/asset-3205573.jpg",
    "squareImage": "https://static.colruytgroup.com/images/500x500sq/nl_be/55/73/asset-3205573.jpg",
    "content": "400g",
    "walkRouteSequenceNumber": 8521,
    "price": {
      "basicPrice": 1.25,
      "recommendedQuantity": "3.0",
      "measurementUnitPrice": 3.13,
      "measurementUnit": "K",
      "isRedPrice": false,
      "pricePerUOM": 3.13,
      "activationDate": "05-03-2024",
      "recordSource": "Offline",
      "isPromoActive": "N",
      "priceChangeCode": "E"
    },
    "isAvailable": true,
    "isPriceAvailable": true,
    "inPromo": false,
    "gtin": [
      "15400141228103",
      "15400141315070",
      "25400141342905",
      "05400141075243",
      "05400141076783",
      "05400141077520",
      "05400141315073",
      "05400141342901",
      "05400141403022",
      "05400141403039"
    ],
    "topCategoryName": "Conserven",
    "topCategoryId": "188",
    "businessDomain": "RETAIL_BE",
    "IsPrivateLabel": true,
    "IsBiffe": false,
    "WeightconversionFactor": "0",
    "IsWeightArticle": false,
    "nutriscoreLabel": "A",
    "IsBio": false,
    "CountryOfOrigin": "ITALIË",
    "IsExclusivelySoldInLuxembourg": false,
    "OrderUnit": "P",
    "ShortName": "BONI ITAL.GARNIT 400G",
    "IsNew": false,
    "EcoscoreLabel": "A",
    "RecentQuanityOfStockUnits": "1,3",
    "LongName": "BONI Italiaanse garnituur 400g",
    "AlcoholVolume": "0",
    "FicCode": "I",
    "EcoscoreValue": "99"
  },
  {
    "productId": "175773",
    "technicalArticleNumber": "3375723",
    "commercialArticleNumber": "7494",
    "name": "Weense worstjes",
    "description": "*Worst in blik\n*Klaar voor gebruik\n*Snelle snack\n*Perfect als apero\n*Kwaliteitsvlees",
    "brand": "ZWAN",
    "seoBrand": "Zwan",
    "thumbNail": "https://static.colruytgroup.com/images/200x200/std.lang.all/53/60/asset-2795360.jpg",
    "fullImage": "https://static.colruytgroup.com/images/500x500/std.lang.all/53/60/asset-2795360.jpg",
    "squareImage": "https://static.colruytgroup.com/images/500x500sq/std.lang.all/53/60/asset-2795360.jpg",
    "content": "420g",
    "walkRouteSequenceNumber": 16781,
    "price": {
      "basicPrice": 2.19,
      "recommendedQuantity": "4.0",
      "measurementUnitPrice": 9.13,
      "measurementUnit": "K",
      "isRedPrice": false,
      "pricePerUOM": 9.13,
      "activationDate": "20-03-2024",
      "recordSource": "Offline",
      "isPromoActive": "N",
      "priceChangeCode": "L"
    },
    "isAvailable": true,
    "isPriceAvailable": true,
    "inPromo": false,
    "gtin": [
      "08710447785553",
      "05400141288438",
      "08712100808661"
    ],
    "topCategoryName": "Conserven",
    "topCategoryId": "188",
    "businessDomain": "RETAIL_BE",
    "IsPrivateLabel": false,
    "IsBiffe": false,
    "WeightconversionFactor": "0",
    "IsWeightArticle": false,
    "nutriscoreLabel": "D",
    "IsBio": false,
    "CountryOfOrigin": "BELGIË",
    "IsExclusivelySoldInLuxembourg": false,
    "OrderUnit": "P",
    "ShortName": "ZWAN 8 WEENSE WORST 420",
    "InSeason": true,
    "IsNew": false,
    "EcoscoreLabel": "E",
    "RecentQuanityOfStockUnits": "4,1,12",
    "LongName": "ZWAN Weense worstjes 420g",
    "AlcoholVolume": "0",
    "StartSeasonDate": "24/12/2023",
    "FicCode": "E",
    "EcoscoreValue": "0"
  },
  {
    "productId": "513075",
    "technicalArticleNumber": "4086184",
    "commercialArticleNumber": "7893",
    "name": "mini salami gedroogd-gerookt",
    "description": "*5 gerookte,\ngedroogde worsten",
    "brand": "BONI",
    "seoBrand": "Boni Selection",
    "thumbNail": "https://static.colruytgroup.com/images/200x200/std.lang.all/02/06/asset-3180206.jpg",
    "fullImage": "https://static.colruytgroup.com/images/500x500/std.lang.all/02/06/asset-3180206.jpg",
    "squareImage": "https://static.colruytgroup.com/images/500x500sq/std.lang.all/02/06/asset-3180206.jpg",
    "content": "5x25g",
    "walkRouteSequenceNumber": 4602,
    "price": {
      "basicPrice": 2.19,
      "recommendedQuantity": "1.0",
      "measurementUnitPrice": 17.52,
      "measurementUnit": "K",
      "isRedPrice": false,
      "pricePerUOM": 17.52,
      "activationDate": "08-12-2023",
      "recordSource": "Offline",
      "isPromoActive": "N",
      "priceChangeCode": "H"
    },
    "isAvailable": true,
    "isPriceAvailable": true,
    "inPromo": false,
    "gtin": [
      "05400141281569",
      "15400141281566"
    ],
    "topCategoryName": "Conserven",
    "topCategoryId": "188",
    "businessDomain": "RETAIL_BE",
    "IsPrivateLabel": true,
    "IsBiffe": false,
    "WeightconversionFactor": "0",
    "IsWeightArticle": false,
    "nutriscoreLabel": "E",
    "IsBio": false,
    "CountryOfOrigin": "DUITSLAND",
    "IsExclusivelySoldInLuxembourg": false,
    "OrderUnit": "P",
    "ShortName": "BONI MINI SALAMI 5X25G",
    "IsNew": false,
    "EcoscoreLabel": "E",
    "RecentQuanityOfStockUnits": "1,20",
    "LongName": "BONI mini salami gedroogd-gerookt 5x25g",
    "FicCode": "I",
    "EcoscoreValue": "15"
  },
  {
    "productId": "42437",
    "technicalArticleNumber": "2436840",
    "commercialArticleNumber": "2312",
    "name": "gegrilde paprika's",
    "description": "*Rode gegrilde\npaprika's",
    "brand": "BONI",
    "seoBrand": "Boni Selection",
    "thumbNail": "https://static.colruytgroup.com/images/200x200/std.lang.all/44/38/asset-2224438.jpg",
    "fullImage": "https://static.colruytgroup.com/images/500x500/std.lang.all/44/38/asset-2224438.jpg",
    "squareImage": "https://static.colruytgroup.com/images/500x500sq/std.lang.all/44/38/asset-2224438.jpg",
    "content": "670g",
    "walkRouteSequenceNumber": 4591,
    "price": {
      "basicPrice": 1.99,
      "recommendedQuantity": "1.0",
      "measurementUnitPrice": 2.98,
      "measurementUnit": "K",
      "isRedPrice": false,
      "pricePerUOM": 2.98,
      "activationDate": "26-01-2024",
      "recordSource": "Offline",
      "isPromoActive": "N",
      "priceChangeCode": "H"
    },
    "isAvailable": true,
    "isPriceAvailable": true,
    "inPromo": false,
    "gtin": [
      "15400141422846",
      "05400141277678",
      "05400141049046",
      "05400141168174",
      "15400141277675",
      "00540014133122",
      "05400141422849"
    ],
    "topCategoryName": "Conserven",
    "topCategoryId": "188",
    "businessDomain": "RETAIL_BE",
    "IsPrivateLabel": true,
    "IsBiffe": false,
    "WeightconversionFactor": "0",
    "IsWeightArticle": false,
    "nutriscoreLabel": "A",
    "IsBio": false,
    "CountryOfOrigin": "BELGIË",
    "IsExclusivelySoldInLuxembourg": false,
    "OrderUnit": "P",
    "ShortName": "BONI GEGRILDE PEPER670",
    "IsNew": false,
    "EcoscoreLabel": "A",
    "RecentQuanityOfStockUnits": "1,12",
    "LongName": "BONI gegrilde paprika's 670g",
    "AlcoholVolume": "0",
    "FicCode": "I",
    "EcoscoreValue": "100"
  },
  {
    "productId": "1101",
    "technicalArticleNumber": "16496",
    "commercialArticleNumber": "16496",
    "name": "appelcompote stuk bok",
    "description": "*Appelmoes op basis\nvan stukjes appel",
    "brand": "MATERNE",
    "seoBrand": "Materne",
    "thumbNail": "https://static.colruytgroup.com/images/200x200/nl_be/33/40/asset-3423340.jpg",
    "fullImage": "https://static.colruytgroup.com/images/500x500/nl_be/33/40/asset-3423340.jpg",
    "squareImage": "https://static.colruytgroup.com/images/500x500sq/nl_be/33/40/asset-3423340.jpg",
    "content": "375g",
    "walkRouteSequenceNumber": 16587,
    "price": {
      "basicPrice": 1.19,
      "recommendedQuantity": "3.0",
      "measurementUnitPrice": 3.18,
      "measurementUnit": "K",
      "isRedPrice": false,
      "pricePerUOM": 3.18,
      "activationDate": "28-02-2024",
      "recordSource": "Offline",
      "isPromoActive": "N",
      "priceChangeCode": "E"
    },
    "isAvailable": true,
    "isPriceAvailable": true,
    "inPromo": false,
    "gtin": [
      "00000025164961",
      "05400141164961",
      "05410046010010",
      "05410046800116"
    ],
    "topCategoryName": "Conserven",
    "topCategoryId": "188",
    "businessDomain": "RETAIL_BE",
    "IsPrivateLabel": false,
    "IsBiffe": false,
    "WeightconversionFactor": "0",
    "IsWeightArticle": false,
    "nutriscoreLabel": "A",
    "IsBio": false,
    "CountryOfOrigin": "BELGIË",
    "IsExclusivelySoldInLuxembourg": false,
    "OrderUnit": "P",
    "ShortName": "MAT APPELKOMP.STUK 375G",
    "IsNew": false,
    "RecentQuanityOfStockUnits": "3,1",
    "LongName": "MATERNE appelcompote stuk bok 375g",
    "AlcoholVolume": "0",
    "FicCode": "E"
  },
  {
    "productId": "461594",
    "technicalArticleNumber": "3956411",
    "commercialArticleNumber": "2166",
    "name": "appelmoes extra kwaliteit bok",
    "brand": "HAK",
    "seoBrand": "Hak",
    "thumbNail": "https://static.colruytgroup.com/images/200x200/std.lang.all/67/21/asset-2956721.jpg",
    "fullImage": "https://static.colruytgroup.com/images/500x500/std.lang.all/67/21/asset-2956721.jpg",
    "squareImage": "https://static.colruytgroup.com/images/500x500sq/std.lang.all/67/21/asset-2956721.jpg",
    "content": "355g",
    "walkRouteSequenceNumber": 16589,
    "price": {
      "basicPrice": 0.976,
      "recommendedQuantity": "1.0",
      "measurementUnitPrice": 2.75,
      "measurementUnit": "K",
      "isRedPrice": false,
      "pricePerUOM": 2.75,
      "activationDate": "23-03-2024",
      "recordSource": "Folder",
      "isPromoActive": "N",
      "priceChangeCode": "E"
    },
    "isAvailable": true,
    "isPriceAvailable": true,
    "inPromo": false,
    "gtin": [
      "05400141074024",
      "08720600617157",
      "08720600617164",
      "08720600622427",
      "08720600622410"
    ],
    "topCategoryName": "Conserven",
    "topCategoryId": "188",
    "businessDomain": "RETAIL_BE",
    "IsPrivateLabel": false,
    "IsBiffe": false,
    "WeightconversionFactor": "0",
    "IsWeightArticle": false,
    "nutriscoreLabel": "A",
    "IsBio": false,
    "CountryOfOrigin": "NEDERLAND",
    "IsExclusivelySoldInLuxembourg": false,
    "OrderUnit": "P",
    "ShortName": "HAK APPELMOES 355G",
    "IsNew": false,
    "EcoscoreLabel": "B",
    "RecentQuanityOfStockUnits": "1,12,3",
    "LongName": "HAK appelmoes extra kwaliteit bok 355g",
    "AlcoholVolume": "0",
    "FicCode": "E",
    "EcoscoreValue": "76"
  },
  {
    "productId": "838549",
    "technicalArticleNumber": "4681222",
    "commercialArticleNumber": "30464",
    "name": "Dipsauzen Pesto Rosso",
    "brand": "BONI",
    "seoBrand": "Boni Selection",
    "thumbNail": "https://static.colruytgroup.com/images/200x200/std.lang.all/80/57/asset-3198057.jpg",
    "fullImage": "https://static.colruytgroup.com/images/500x500/std.lang.all/80/57/asset-3198057.jpg",
    "squareImage": "https://static.colruytgroup.com/images/500x500sq/std.lang.all/80/57/asset-3198057.jpg",
    "content": "175g",
    "walkRouteSequenceNumber": 6788,
    "price": {
      "basicPrice": 2.79,
      "recommendedQuantity": "1.0",
      "quantityPrice": 2.68,
      "quantityPriceQuantity": "3.0",
      "measurementUnitPrice": 15.95,
      "measurementUnitQuantityPrice": 15.32,
      "measurementUnit": "K",
      "isRedPrice": false,
      "pricePerUOM": 15.95,
      "activationDate": "13-06-2023",
      "isPromoActive": "N",
      "priceChangeCode": "E",
      "quantityPricePerUOM": 15.32,
      "quantityActivationDate": "13-06-2023",
      "quantityPriceChangeCode": "E"
    },
    "isAvailable": true,
    "isPriceAvailable": true,
    "inPromo": false,
    "gtin": [
      "05400141513103",
      "15400141513100"
    ],
    "topCategoryName": "Chips/Borrelhapjes",
    "topCategoryId": "306",
    "businessDomain": "RETAIL_BE",
    "IsPrivateLabel": true,
    "IsBiffe": false,
    "WeightconversionFactor": "0",
    "IsWeightArticle": false,
    "nutriscoreLabel": "E",
    "IsBio": false,
    "CountryOfOrigin": "BELGIË",
    "IsExclusivelySoldInLuxembourg": false,
    "OrderUnit": "P",
    "ShortName": "BONI DIPS.PEST ROSSO175",
    "IsNew": false,
    "EcoscoreLabel": "D",
    "RecentQuanityOfStockUnits": "1",
    "LongName": "BONI Dipsauzen Pesto Rosso 175g",
    "FicCode": "I",
    "EcoscoreValue": "38"
  },
  {
    "productId": "718",
    "technicalArticleNumber": "11010",
    "commercialArticleNumber": "11010",
    "name": "doperwten extra fijn blik",
    "description": "*Extra fijne\nsoeperwtjes",
    "brand": "BONI",
    "seoBrand": "Boni Selection",
    "thumbNail": "https://static.colruytgroup.com/images/200x200/std.lang.all/91/12/asset-3329112.jpg",
    "fullImage": "https://static.colruytgroup.com/images/500x500/std.lang.all/91/12/asset-3329112.jpg",
    "squareImage": "https://static.colruytgroup.com/images/500x500sq/std.lang.all/91/12/asset-3329112.jpg",
    "content": "200g",
    "walkRouteSequenceNumber": 16366,
    "price": {
      "basicPrice": 0.75,
      "recommendedQuantity": "2.0",
      "quantityPrice": 0.536,
      "quantityPriceQuantity": "3.0",
      "measurementUnitPrice": 5.36,
      "measurementUnitQuantityPrice": 3.84,
      "measurementUnit": "K",
      "isRedPrice": false,
      "pricePerUOM": 5.36,
      "activationDate": "20-03-2024",
      "isPromoActive": "N",
      "priceChangeCode": "E",
      "quantityPricePerUOM": 3.84,
      "quantityActivationDate": "20-03-2024",
      "quantityPriceChangeCode": "L"
    },
    "isAvailable": true,
    "isPriceAvailable": true,
    "inPromo": false,
    "gtin": [
      "05400141110104",
      "05400141171068",
      "05400141210101",
      "05400141278385",
      "05400141294408",
      "05400141296495",
      "05400141456882",
      "15400141278382",
      "15400141870678",
      "25400141278389"
    ],
    "topCategoryName": "Conserven",
    "topCategoryId": "188",
    "businessDomain": "RETAIL_BE",
    "IsPrivateLabel": true,
    "IsBiffe": false,
    "WeightconversionFactor": "0",
    "IsWeightArticle": false,
    "nutriscoreLabel": "A",
    "IsBio": false,
    "CountryOfOrigin": "HONGARIJE",
    "IsExclusivelySoldInLuxembourg": false,
    "OrderUnit": "P",
    "ShortName": "BONI ERWTEN EF200G",
    "IsNew": false,
    "EcoscoreLabel": "A",
    "RecentQuanityOfStockUnits": "6,1,24",
    "LongName": "BONI doperwten extra fijn blik 200g",
    "AlcoholVolume": "0",
    "FicCode": "I",
    "EcoscoreValue": "99"
  },
  {
    "productId": "676787",
    "technicalArticleNumber": "4393439",
    "commercialArticleNumber": "2956",
    "name": "appelcompote stukjes",
    "brand": "BONI",
    "seoBrand": "Boni Selection",
    "thumbNail": "https://static.colruytgroup.com/images/200x200/std.lang.all/58/24/asset-2415824.jpg",
    "fullImage": "https://static.colruytgroup.com/images/500x500/std.lang.all/58/24/asset-2415824.jpg",
    "squareImage": "https://static.colruytgroup.com/images/500x500sq/std.lang.all/58/24/asset-2415824.jpg",
    "content": "570g",
    "walkRouteSequenceNumber": 16592,
    "price": {
      "basicPrice": 1.19,
      "recommendedQuantity": "3.0",
      "quantityPrice": 0.955,
      "quantityPriceQuantity": "4.0",
      "measurementUnitPrice": 2.09,
      "measurementUnitQuantityPrice": 1.68,
      "measurementUnit": "K",
      "isRedPrice": false,
      "pricePerUOM": 2.09,
      "activationDate": "20-03-2024",
      "recordSource": "Offline",
      "isPromoActive": "N",
      "priceChangeCode": "E",
      "quantityPricePerUOM": 1.68,
      "quantityActivationDate": "20-03-2024",
      "quantityPriceChangeCode": "H"
    },
    "isAvailable": true,
    "isPriceAvailable": true,
    "inPromo": false,
    "gtin": [
      "15400141474296",
      "05400141474299",
      "55400141431556"
    ],
    "topCategoryName": "Conserven",
    "topCategoryId": "188",
    "businessDomain": "RETAIL_BE",
    "IsPrivateLabel": true,
    "IsBiffe": false,
    "WeightconversionFactor": "0",
    "IsWeightArticle": false,
    "nutriscoreLabel": "A",
    "IsBio": false,
    "CountryOfOrigin": "BELGIË",
    "IsExclusivelySoldInLuxembourg": false,
    "OrderUnit": "P",
    "ShortName": "BONI APPELCOMP.STUK570",
    "IsNew": false,
    "EcoscoreLabel": "A",
    "RecentQuanityOfStockUnits": "1,3",
    "LongName": "BONI appelcompote stukjes 570g",
    "FicCode": "I",
    "EcoscoreValue": "100"
  },
  {
    "productId": "8015",
    "technicalArticleNumber": "1181803",
    "commercialArticleNumber": "28889",
    "name": "groene olijven met look",
    "description": "*Groen\n*Ontpit\n*Griekenland\n*Met look",
    "brand": "BONI",
    "seoBrand": "Boni Selection",
    "thumbNail": "https://static.colruytgroup.com/images/200x200/std.lang.all/98/45/asset-2959845.jpg",
    "fullImage": "https://static.colruytgroup.com/images/500x500/std.lang.all/98/45/asset-2959845.jpg",
    "squareImage": "https://static.colruytgroup.com/images/500x500sq/std.lang.all/98/45/asset-2959845.jpg",
    "content": "400g",
    "walkRouteSequenceNumber": 7692,
    "price": {
      "basicPrice": 5.49,
      "recommendedQuantity": "1.0",
      "measurementUnitPrice": 13.73,
      "measurementUnit": "K",
      "isRedPrice": false,
      "pricePerUOM": 13.73,
      "activationDate": "17-02-2024",
      "recordSource": "Offline",
      "isPromoActive": "N",
      "priceChangeCode": "E"
    },
    "isAvailable": true,
    "isPriceAvailable": true,
    "inPromo": false,
    "gtin": [
      "15400141974871",
      "05400141387469",
      "15400141740742",
      "05400141974874",
      "05400141039993",
      "05400141088915",
      "15400141387466",
      "05400141740745"
    ],
    "topCategoryName": "Chips/Borrelhapjes",
    "topCategoryId": "306",
    "businessDomain": "RETAIL_BE",
    "IsPrivateLabel": true,
    "IsBiffe": false,
    "WeightconversionFactor": "0",
    "IsWeightArticle": false,
    "nutriscoreLabel": "C",
    "IsBio": false,
    "CountryOfOrigin": "GRIEKENLAND",
    "IsExclusivelySoldInLuxembourg": false,
    "OrderUnit": "P",
    "ShortName": "BONI GR.OLIJF LOOK 400G",
    "InSeason": true,
    "IsNew": false,
    "EcoscoreLabel": "B",
    "RecentQuanityOfStockUnits": "1,9",
    "LongName": "BONI groene olijven met look 400g",
    "AlcoholVolume": "0",
    "StartSeasonDate": "03/04/2002",
    "FicCode": "I",
    "EcoscoreValue": "75"
  },
  {
    "productId": "736",
    "technicalArticleNumber": "11313",
    "commercialArticleNumber": "11313",
    "name": "witte bonen blik",
    "description": "*Witte bonen",
    "brand": "EVERYDAY",
    "seoBrand": "Everyday",
    "thumbNail": "https://static.colruytgroup.com/images/200x200/std.lang.all/76/87/asset-577687.jpg",
    "fullImage": "https://static.colruytgroup.com/images/500x500/std.lang.all/76/87/asset-577687.jpg",
    "squareImage": "https://static.colruytgroup.com/images/500x500sq/std.lang.all/76/87/asset-577687.jpg",
    "content": "400g",
    "walkRouteSequenceNumber": 16455,
    "price": {
      "basicPrice": 0.89,
      "recommendedQuantity": "1.0",
      "quantityPrice": 0.635,
      "quantityPriceQuantity": "2.0",
      "measurementUnitPrice": 3.56,
      "measurementUnitQuantityPrice": 2.54,
      "measurementUnit": "K",
      "isRedPrice": false,
      "pricePerUOM": 3.56,
      "activationDate": "23-03-2024",
      "recordSource": "Online",
      "isPromoActive": "N",
      "priceChangeCode": "E",
      "quantityPricePerUOM": 2.54,
      "quantityActivationDate": "23-03-2024",
      "quantityPriceChangeCode": "E"
    },
    "isAvailable": true,
    "isPriceAvailable": true,
    "inPromo": false,
    "gtin": [
      "15400141688327",
      "05400141688320",
      "25400141331640",
      "00000024113137",
      "05400141057119",
      "05400141174335",
      "05400141331646",
      "15400141057116",
      "15400141311317",
      "15400141331643",
      "25400141057113"
    ],
    "topCategoryName": "Conserven",
    "topCategoryId": "188",
    "businessDomain": "RETAIL_BE",
    "IsPrivateLabel": true,
    "IsBiffe": false,
    "WeightconversionFactor": "0",
    "IsWeightArticle": false,
    "nutriscoreLabel": "A",
    "IsBio": false,
    "CountryOfOrigin": "FRANKRIJK",
    "IsExclusivelySoldInLuxembourg": false,
    "OrderUnit": "P",
    "ShortName": "EVD WITTE BONEN 400GR",
    "IsNew": false,
    "EcoscoreLabel": "A",
    "RecentQuanityOfStockUnits": "1,24",
    "LongName": "EVERYDAY witte bonen blik 400g",
    "AlcoholVolume": "0",
    "FicCode": "I",
    "EcoscoreValue": "89"
  },
  {
    "productId": "103430",
    "technicalArticleNumber": "3133869",
    "commercialArticleNumber": "44004",
    "name": "Frankfurterworsten 8st bok",
    "description": "*8\nfrankfurterworsten",
    "brand": "BONI",
    "seoBrand": "Boni Selection",
    "thumbNail": "https://static.colruytgroup.com/images/200x200/std.lang.all/35/47/asset-2453547.jpg",
    "fullImage": "https://static.colruytgroup.com/images/500x500/std.lang.all/35/47/asset-2453547.jpg",
    "squareImage": "https://static.colruytgroup.com/images/500x500sq/std.lang.all/35/47/asset-2453547.jpg",
    "content": "550g",
    "walkRouteSequenceNumber": 16795,
    "price": {
      "basicPrice": 2.99,
      "recommendedQuantity": "3.0",
      "measurementUnitPrice": 8.31,
      "measurementUnit": "K",
      "isRedPrice": false,
      "pricePerUOM": 8.31,
      "activationDate": "28-02-2024",
      "recordSource": "Offline",
      "isPromoActive": "N",
      "priceChangeCode": "H"
    },
    "isAvailable": true,
    "isPriceAvailable": true,
    "inPromo": false,
    "gtin": [
      "05400141419290",
      "05400141154542",
      "15400141193661",
      "05400141193664",
      "05400141125689",
      "15400141419297"
    ],
    "topCategoryName": "Conserven",
    "topCategoryId": "188",
    "businessDomain": "RETAIL_BE",
    "IsPrivateLabel": true,
    "IsBiffe": false,
    "WeightconversionFactor": "0",
    "IsWeightArticle": false,
    "nutriscoreLabel": "D",
    "IsBio": false,
    "CountryOfOrigin": "DUITSLAND",
    "IsExclusivelySoldInLuxembourg": false,
    "OrderUnit": "P",
    "ShortName": "BONI 8 FRANK.WORST550G",
    "IsNew": false,
    "EcoscoreLabel": "E",
    "RecentQuanityOfStockUnits": "3,1",
    "LongName": "BONI Frankfurterworsten 8st bok 550g",
    "AlcoholVolume": "0",
    "FicCode": "I",
    "EcoscoreValue": "19"
  },
  {
    "productId": "705955",
    "technicalArticleNumber": "4442365",
    "commercialArticleNumber": "11510",
    "name": "tonijn in eigen nat MSC",
    "description": "*Tonijn in eigen nat\n*MSC",
    "brand": "BONI",
    "seoBrand": "Boni Selection",
    "thumbNail": "https://static.colruytgroup.com/images/200x200/std.lang.all/71/98/asset-2667198.jpg",
    "fullImage": "https://static.colruytgroup.com/images/500x500/std.lang.all/71/98/asset-2667198.jpg",
    "squareImage": "https://static.colruytgroup.com/images/500x500sq/std.lang.all/71/98/asset-2667198.jpg",
    "content": "95g",
    "walkRouteSequenceNumber": 16701,
    "price": {
      "basicPrice": 1.49,
      "recommendedQuantity": "2.0",
      "measurementUnitPrice": 19.87,
      "measurementUnit": "K",
      "isRedPrice": false,
      "pricePerUOM": 19.87,
      "activationDate": "17-11-2023",
      "isPromoActive": "N",
      "priceChangeCode": "H"
    },
    "isAvailable": true,
    "isPriceAvailable": true,
    "inPromo": false,
    "gtin": [
      "25400141965258",
      "15400141965251",
      "05400141965254",
      "25400141468186",
      "05400141468182",
      "15400141468189"
    ],
    "topCategoryName": "Conserven",
    "topCategoryId": "188",
    "businessDomain": "RETAIL_BE",
    "IsPrivateLabel": true,
    "IsBiffe": false,
    "WeightconversionFactor": "0",
    "IsWeightArticle": false,
    "nutriscoreLabel": "A",
    "IsBio": false,
    "CountryOfOrigin": "FILIPIJNEN",
    "IsExclusivelySoldInLuxembourg": false,
    "OrderUnit": "P",
    "ShortName": "BONI TONIJN NAT.MSC 95G",
    "IsNew": false,
    "EcoscoreLabel": "C",
    "RecentQuanityOfStockUnits": "6,1,48",
    "LongName": "BONI tonijn in eigen nat MSC 95g",
    "FicCode": "I",
    "EcoscoreValue": "51"
  },
  {
    "productId": "265741",
    "technicalArticleNumber": "3648375",
    "commercialArticleNumber": "31760",
    "name": "Trio dip Grieks",
    "brand": "BONI",
    "seoBrand": "Boni Selection",
    "thumbNail": "https://static.colruytgroup.com/images/200x200/std.lang.all/32/58/asset-2943258.jpg",
    "fullImage": "https://static.colruytgroup.com/images/500x500/std.lang.all/32/58/asset-2943258.jpg",
    "squareImage": "https://static.colruytgroup.com/images/500x500sq/std.lang.all/32/58/asset-2943258.jpg",
    "content": "210g",
    "walkRouteSequenceNumber": 6773,
    "price": {
      "basicPrice": 2.99,
      "recommendedQuantity": "1.0",
      "quantityPrice": 2.87,
      "quantityPriceQuantity": "3.0",
      "measurementUnitPrice": 14.24,
      "measurementUnitQuantityPrice": 13.67,
      "measurementUnit": "K",
      "isRedPrice": false,
      "pricePerUOM": 14.24,
      "activationDate": "03-06-2023",
      "isPromoActive": "N",
      "priceChangeCode": "E",
      "quantityPricePerUOM": 13.67,
      "quantityActivationDate": "03-06-2023",
      "quantityPriceChangeCode": "H"
    },
    "isAvailable": true,
    "isPriceAvailable": true,
    "inPromo": false,
    "gtin": [
      "15400141751380",
      "15400141351740",
      "05400141351743",
      "05400141216004",
      "05400141751383",
      "05400141979374",
      "15400141979371"
    ],
    "topCategoryName": "Chips/Borrelhapjes",
    "topCategoryId": "306",
    "businessDomain": "RETAIL_BE",
    "IsPrivateLabel": true,
    "IsBiffe": false,
    "WeightconversionFactor": "0",
    "IsWeightArticle": false,
    "nutriscoreLabel": "D",
    "IsBio": false,
    "CountryOfOrigin": "BELGIË",
    "IsExclusivelySoldInLuxembourg": false,
    "OrderUnit": "P",
    "ShortName": "BONI GR TRIO DIP 210G",
    "IsNew": false,
    "EcoscoreLabel": "C",
    "RecentQuanityOfStockUnits": "1",
    "LongName": "BONI Trio dip Grieks 210g",
    "AlcoholVolume": "0",
    "FicCode": "I",
    "EcoscoreValue": "43"
  },
  {
    "productId": "704",
    "technicalArticleNumber": "12678",
    "commercialArticleNumber": "12678",
    "name": "Crunchy gevogelte",
    "description": "*Gevogeltesoep\nmet croutons",
    "brand": "ROYCO",
    "seoBrand": "Royco Crunchy",
    "thumbNail": "https://static.colruytgroup.com/images/200x200/std.lang.all/36/78/asset-3353678.jpg",
    "fullImage": "https://static.colruytgroup.com/images/500x500/std.lang.all/36/78/asset-3353678.jpg",
    "squareImage": "https://static.colruytgroup.com/images/500x500sq/std.lang.all/36/78/asset-3353678.jpg",
    "content": "3st",
    "walkRouteSequenceNumber": 16969,
    "price": {
      "basicPrice": 1.79,
      "recommendedQuantity": "1.0",
      "measurementUnitPrice": 29.84,
      "measurementUnit": "K",
      "isRedPrice": false,
      "pricePerUOM": 29.84,
      "activationDate": "20-03-2024",
      "recordSource": "Offline",
      "isPromoActive": "N",
      "priceChangeCode": "H"
    },
    "isAvailable": true,
    "isPriceAvailable": true,
    "inPromo": true,
    "promotion": [
      {
        "techPromoId": "100866COLR",
        "promotionId": "100866",
        "promotionType": "3",
        "isPersonalized": "N",
        "publicationStartDate": "13-03-2024",
        "publicationEndDate": "26-03-2024"
      }
    ],
    "gtin": [
      "05410056187344",
      "05410056787346",
      "05414972705224"
    ],
    "topCategoryName": "Kruidenierswaren/Droge voeding",
    "topCategoryId": "233",
    "businessDomain": "RETAIL_BE",
    "IsPrivateLabel": false,
    "IsBiffe": false,
    "WeightconversionFactor": "0",
    "IsWeightArticle": false,
    "nutriscoreLabel": "C",
    "IsBio": false,
    "CountryOfOrigin": "NEDERLAND",
    "IsExclusivelySoldInLuxembourg": false,
    "OrderUnit": "P",
    "ShortName": "RMS CRUNCHY GEVOGELTE3Z",
    "IsNew": false,
    "EcoscoreLabel": "B",
    "RecentQuanityOfStockUnits": "1,24",
    "LongName": "ROYCO Crunchy gevogelte 3st",
    "AlcoholVolume": "0",
    "FicCode": "E",
    "EcoscoreValue": "79"
  },
  {
    "productId": "814",
    "technicalArticleNumber": "12802",
    "commercialArticleNumber": "12802",
    "name": "passata glas",
    "description": "*Gezeefde tomaten",
    "brand": "ELVEA",
    "seoBrand": "Elvea",
    "thumbNail": "https://static.colruytgroup.com/images/200x200/std.lang.all/87/93/asset-1718793.jpg",
    "fullImage": "https://static.colruytgroup.com/images/500x500/std.lang.all/87/93/asset-1718793.jpg",
    "squareImage": "https://static.colruytgroup.com/images/500x500sq/std.lang.all/87/93/asset-1718793.jpg",
    "content": "690g",
    "walkRouteSequenceNumber": 8408,
    "price": {
      "basicPrice": 2.99,
      "recommendedQuantity": "1.0",
      "measurementUnitPrice": 4.34,
      "measurementUnit": "K",
      "isRedPrice": false,
      "pricePerUOM": 4.34,
      "activationDate": "12-03-2024",
      "recordSource": "Offline",
      "isPromoActive": "N",
      "priceChangeCode": "E"
    },
    "isAvailable": true,
    "isPriceAvailable": true,
    "inPromo": false,
    "gtin": [
      "00000080014546",
      "08001240030811"
    ],
    "topCategoryName": "Conserven",
    "topCategoryId": "188",
    "businessDomain": "RETAIL_BE",
    "IsPrivateLabel": false,
    "IsBiffe": false,
    "WeightconversionFactor": "0",
    "IsWeightArticle": false,
    "nutriscoreLabel": "A",
    "IsBio": false,
    "CountryOfOrigin": "BELGIË",
    "IsExclusivelySoldInLuxembourg": false,
    "OrderUnit": "P",
    "ShortName": "ELVEA PASSATA 690 GR",
    "IsNew": false,
    "EcoscoreLabel": "A",
    "RecentQuanityOfStockUnits": "1,12",
    "LongName": "ELVEA passata glas 690g",
    "AlcoholVolume": "0",
    "FicCode": "E",
    "EcoscoreValue": "100"
  },
  {
    "productId": "2715",
    "technicalArticleNumber": "1012735",
    "commercialArticleNumber": "9425",
    "name": "balletjes tomatensaus bok",
    "description": "*Varkensgehakt-\nballetjes in\ntomatensaus\n*Aantal porties: 2\n*Pan, microgolfoven",
    "brand": "EVERYDAY",
    "seoBrand": "Everyday",
    "thumbNail": "https://static.colruytgroup.com/images/200x200/nl_be/94/49/asset-909449.jpg",
    "fullImage": "https://static.colruytgroup.com/images/500x500/nl_be/94/49/asset-909449.jpg",
    "squareImage": "https://static.colruytgroup.com/images/500x500sq/nl_be/94/49/asset-909449.jpg",
    "content": "800g",
    "walkRouteSequenceNumber": 16838,
    "price": {
      "basicPrice": 3.29,
      "recommendedQuantity": "1.0",
      "measurementUnitPrice": 4.12,
      "measurementUnit": "K",
      "isRedPrice": false,
      "pricePerUOM": 4.12,
      "activationDate": "02-12-2023",
      "recordSource": "Offline",
      "isPromoActive": "N",
      "priceChangeCode": "H"
    },
    "isAvailable": true,
    "isPriceAvailable": true,
    "inPromo": false,
    "gtin": [
      "15400141997238",
      "05400141073928",
      "15400141910466"
    ],
    "topCategoryName": "Conserven",
    "topCategoryId": "188",
    "businessDomain": "RETAIL_BE",
    "IsPrivateLabel": true,
    "IsBiffe": false,
    "WeightconversionFactor": "0",
    "IsWeightArticle": false,
    "nutriscoreLabel": "C",
    "IsBio": false,
    "CountryOfOrigin": "BELGIË",
    "IsExclusivelySoldInLuxembourg": false,
    "OrderUnit": "P",
    "ShortName": "EVD BAL TOMAAT 800GR",
    "IsNew": false,
    "EcoscoreLabel": "D",
    "RecentQuanityOfStockUnits": "1,12",
    "LongName": "EVERYDAY balletjes tomatensaus bok 800g",
    "AlcoholVolume": "0",
    "FicCode": "I",
    "EcoscoreValue": "31"
  },
  {
    "productId": "564275",
    "technicalArticleNumber": "4201270",
    "commercialArticleNumber": "14184",
    "name": "passata",
    "brand": "MUTTI",
    "seoBrand": "Mutti",
    "thumbNail": "https://static.colruytgroup.com/images/200x200/nl_be/88/40/asset-3348840.jpg",
    "fullImage": "https://static.colruytgroup.com/images/500x500/nl_be/88/40/asset-3348840.jpg",
    "squareImage": "https://static.colruytgroup.com/images/500x500sq/nl_be/88/40/asset-3348840.jpg",
    "content": "700g",
    "walkRouteSequenceNumber": 8406,
    "price": {
      "basicPrice": 2.01,
      "recommendedQuantity": "1.0",
      "measurementUnitPrice": 2.88,
      "measurementUnit": "K",
      "isRedPrice": false,
      "pricePerUOM": 2.88,
      "activationDate": "23-03-2024",
      "recordSource": "Folder",
      "isPromoActive": "Y",
      "priceChangeCode": "E"
    },
    "isAvailable": true,
    "isPriceAvailable": true,
    "inPromo": true,
    "promotion": [
      {
        "techPromoId": "100989COLR",
        "promotionId": "100989",
        "promotionType": "3",
        "isPersonalized": "N",
        "publicationStartDate": "13-03-2024",
        "publicationEndDate": "26-03-2024"
      }
    ],
    "gtin": [
      "00000080042563",
      "08005110190216"
    ],
    "topCategoryName": "Conserven",
    "topCategoryId": "188",
    "businessDomain": "RETAIL_BE",
    "IsPrivateLabel": false,
    "IsBiffe": false,
    "WeightconversionFactor": "0",
    "IsWeightArticle": false,
    "nutriscoreLabel": "A",
    "IsBio": false,
    "CountryOfOrigin": "ITALIË",
    "IsExclusivelySoldInLuxembourg": false,
    "OrderUnit": "P",
    "ShortName": "MUTT PASSATA 700G",
    "IsNew": false,
    "EcoscoreLabel": "A",
    "RecentQuanityOfStockUnits": "1,6",
    "LongName": "MUTTI passata 700g",
    "FicCode": "E",
    "EcoscoreValue": "100"
  },
  {
    "productId": "761",
    "technicalArticleNumber": "11853",
    "commercialArticleNumber": "11853",
    "name": "prinsessenbonen gebroken",
    "description": "*Fijne gebroken\nprinsessenbonen",
    "brand": "BONI",
    "seoBrand": "Boni Selection",
    "thumbNail": "https://static.colruytgroup.com/images/200x200/std.lang.all/43/55/asset-554355.jpg",
    "fullImage": "https://static.colruytgroup.com/images/500x500/std.lang.all/43/55/asset-554355.jpg",
    "squareImage": "https://static.colruytgroup.com/images/500x500sq/std.lang.all/43/55/asset-554355.jpg",
    "content": "680g",
    "walkRouteSequenceNumber": 16469,
    "price": {
      "basicPrice": 1.15,
      "recommendedQuantity": "3.0",
      "measurementUnitPrice": 3.2,
      "measurementUnit": "K",
      "isRedPrice": false,
      "pricePerUOM": 3.2,
      "activationDate": "11-03-2024",
      "recordSource": "Offline",
      "isPromoActive": "N",
      "priceChangeCode": "H"
    },
    "isAvailable": true,
    "isPriceAvailable": true,
    "inPromo": false,
    "gtin": [
      "00000025118537",
      "05400141033243",
      "05400141190007",
      "05400141418538",
      "15400141278665",
      "15400141909347",
      "05400141278668"
    ],
    "topCategoryName": "Conserven",
    "topCategoryId": "188",
    "businessDomain": "RETAIL_BE",
    "IsPrivateLabel": true,
    "IsBiffe": false,
    "WeightconversionFactor": "0",
    "IsWeightArticle": false,
    "nutriscoreLabel": "A",
    "IsBio": false,
    "CountryOfOrigin": "BELGIË",
    "IsExclusivelySoldInLuxembourg": false,
    "OrderUnit": "P",
    "ShortName": "BONI GEB.PRIN BOON 680G",
    "InSeason": true,
    "IsNew": false,
    "EcoscoreLabel": "A",
    "RecentQuanityOfStockUnits": "1,12",
    "LongName": "BONI prinsessenbonen gebroken 680g",
    "AlcoholVolume": "0",
    "StartSeasonDate": "29/08/2023",
    "FicCode": "I",
    "EcoscoreValue": "100"
  },
  {
    "productId": "291558",
    "technicalArticleNumber": "3689951",
    "commercialArticleNumber": "34017",
    "name": "groen peper gevuld LV",
    "brand": "BONI",
    "seoBrand": "Boni Selection",
    "thumbNail": "https://static.colruytgroup.com/images/200x200/std.lang.all/06/99/asset-3440699.jpg",
    "fullImage": "https://static.colruytgroup.com/images/500x500/std.lang.all/06/99/asset-3440699.jpg",
    "squareImage": "https://static.colruytgroup.com/images/500x500sq/std.lang.all/06/99/asset-3440699.jpg",
    "content": "150g",
    "walkRouteSequenceNumber": 7672,
    "price": {
      "basicPrice": 2.19,
      "recommendedQuantity": "1.0",
      "measurementUnitPrice": 14.6,
      "measurementUnit": "K",
      "isRedPrice": false,
      "pricePerUOM": 14.6,
      "activationDate": "08-03-2024",
      "recordSource": "Offline",
      "isPromoActive": "N",
      "priceChangeCode": "L"
    },
    "isAvailable": true,
    "isPriceAvailable": true,
    "inPromo": false,
    "gtin": [
      "05400141473667",
      "05400141386448",
      "05400141256017",
      "05400141352474",
      "05400210100913",
      "15400141256014",
      "15400141473664"
    ],
    "topCategoryName": "Chips/Borrelhapjes",
    "topCategoryId": "306",
    "businessDomain": "RETAIL_BE",
    "IsPrivateLabel": true,
    "IsBiffe": false,
    "WeightconversionFactor": "0",
    "IsWeightArticle": false,
    "nutriscoreLabel": "D",
    "IsBio": false,
    "CountryOfOrigin": "GRIEKENLAND",
    "IsExclusivelySoldInLuxembourg": false,
    "OrderUnit": "P",
    "ShortName": "BONI PEP.GEVUL LV 150G",
    "IsNew": false,
    "RecentQuanityOfStockUnits": "1",
    "LongName": "BONI groen peper gevuld LV 150g",
    "AlcoholVolume": "0",
    "FicCode": "I"
  },
  {
    "productId": "2372",
    "technicalArticleNumber": "1099849",
    "commercialArticleNumber": "11919",
    "name": "rode kool met stukjes appel",
    "description": "*Rodekool met\nstukjes appel",
    "brand": "HAK",
    "seoBrand": "Hak",
    "thumbNail": "https://static.colruytgroup.com/images/200x200/std.lang.all/02/21/asset-2900221.jpg",
    "fullImage": "https://static.colruytgroup.com/images/500x500/std.lang.all/02/21/asset-2900221.jpg",
    "squareImage": "https://static.colruytgroup.com/images/500x500sq/std.lang.all/02/21/asset-2900221.jpg",
    "content": "700g",
    "walkRouteSequenceNumber": 16333,
    "price": {
      "basicPrice": 1.99,
      "recommendedQuantity": "1.0",
      "measurementUnitPrice": 2.85,
      "measurementUnit": "K",
      "isRedPrice": false,
      "pricePerUOM": 2.85,
      "activationDate": "19-02-2024",
      "recordSource": "Offline",
      "isPromoActive": "N",
      "priceChangeCode": "E"
    },
    "isAvailable": true,
    "isPriceAvailable": true,
    "inPromo": false,
    "gtin": [
      "08720600091100",
      "08720600098109",
      "08720600096105",
      "05400141999198",
      "00000025119190"
    ],
    "topCategoryName": "Conserven",
    "topCategoryId": "188",
    "businessDomain": "RETAIL_BE",
    "IsPrivateLabel": false,
    "IsBiffe": false,
    "WeightconversionFactor": "0",
    "IsWeightArticle": false,
    "nutriscoreLabel": "A",
    "IsBio": false,
    "CountryOfOrigin": "BELGIË",
    "IsExclusivelySoldInLuxembourg": false,
    "OrderUnit": "P",
    "ShortName": "HAK RODE KOOL APP. 700G",
    "IsNew": false,
    "EcoscoreLabel": "B",
    "RecentQuanityOfStockUnits": "1,12",
    "LongName": "HAK rode kool met stukjes appel 700g",
    "AlcoholVolume": "0",
    "FicCode": "E",
    "EcoscoreValue": "78"
  },
  {
    "productId": "763",
    "technicalArticleNumber": "11856",
    "commercialArticleNumber": "11856",
    "name": "rode kool appelen",
    "description": "*Rodekool met\nappelen",
    "brand": "BONI",
    "seoBrand": "Boni Selection",
    "thumbNail": "https://static.colruytgroup.com/images/200x200/std.lang.all/74/93/asset-397493.jpg",
    "fullImage": "https://static.colruytgroup.com/images/500x500/std.lang.all/74/93/asset-397493.jpg",
    "squareImage": "https://static.colruytgroup.com/images/500x500sq/std.lang.all/74/93/asset-397493.jpg",
    "content": "680g",
    "walkRouteSequenceNumber": 16336,
    "price": {
      "basicPrice": 1.03,
      "recommendedQuantity": "1.0",
      "measurementUnitPrice": 1.52,
      "measurementUnit": "K",
      "isRedPrice": false,
      "pricePerUOM": 1.52,
      "activationDate": "08-03-2024",
      "recordSource": "Offline",
      "isPromoActive": "N",
      "priceChangeCode": "E"
    },
    "isAvailable": true,
    "isPriceAvailable": true,
    "inPromo": false,
    "gtin": [
      "15400141851127",
      "05400141851120",
      "00000025118568",
      "05400141045888",
      "05400141168051",
      "05400141169393",
      "05400141186796",
      "15400141186793"
    ],
    "topCategoryName": "Conserven",
    "topCategoryId": "188",
    "businessDomain": "RETAIL_BE",
    "IsPrivateLabel": true,
    "IsBiffe": false,
    "WeightconversionFactor": "0",
    "IsWeightArticle": false,
    "nutriscoreLabel": "A",
    "IsBio": false,
    "CountryOfOrigin": "NEDERLAND",
    "IsExclusivelySoldInLuxembourg": false,
    "OrderUnit": "P",
    "ShortName": "BONI RODE KOOL APL 680G",
    "IsNew": false,
    "EcoscoreLabel": "A",
    "RecentQuanityOfStockUnits": "12,1",
    "LongName": "BONI rode kool appelen 680g",
    "AlcoholVolume": "0",
    "FicCode": "I",
    "EcoscoreValue": "100"
  },
  {
    "productId": "11568",
    "technicalArticleNumber": "1388621",
    "commercialArticleNumber": "11201",
    "name": "crispy maïs blik",
    "description": "*Knapperige\nmaïskorrels",
    "brand": "BONDUELLE",
    "seoBrand": "Bonduelle",
    "thumbNail": "https://static.colruytgroup.com/images/200x200/std.lang.all/75/76/asset-2337576.jpg",
    "fullImage": "https://static.colruytgroup.com/images/500x500/std.lang.all/75/76/asset-2337576.jpg",
    "squareImage": "https://static.colruytgroup.com/images/500x500sq/std.lang.all/75/76/asset-2337576.jpg",
    "content": "150g",
    "walkRouteSequenceNumber": 16430,
    "price": {
      "basicPrice": 1.29,
      "recommendedQuantity": "4.0",
      "measurementUnitPrice": 9.22,
      "measurementUnit": "K",
      "isRedPrice": false,
      "pricePerUOM": 9.22,
      "activationDate": "13-03-2024",
      "recordSource": "Offline",
      "isPromoActive": "Y",
      "priceChangeCode": "E"
    },
    "isAvailable": true,
    "isPriceAvailable": true,
    "inPromo": true,
    "promotion": [
      {
        "techPromoId": "100868COLR",
        "promotionId": "100868",
        "promotionType": "3",
        "isPersonalized": "N",
        "publicationStartDate": "13-03-2024",
        "publicationEndDate": "26-03-2024"
      }
    ],
    "gtin": [
      "03083680597210",
      "03083680597562",
      "03083680996785",
      "03083680997201"
    ],
    "topCategoryName": "Conserven",
    "topCategoryId": "188",
    "businessDomain": "RETAIL_BE",
    "IsPrivateLabel": false,
    "IsBiffe": false,
    "WeightconversionFactor": "0",
    "IsWeightArticle": false,
    "nutriscoreLabel": "A",
    "IsBio": false,
    "CountryOfOrigin": "BELGIË",
    "IsExclusivelySoldInLuxembourg": false,
    "OrderUnit": "P",
    "ShortName": "BOND CRISPY MAIS 150G",
    "IsNew": false,
    "EcoscoreLabel": "A",
    "RecentQuanityOfStockUnits": "1,4",
    "LongName": "BONDUELLE crispy maïs blik 150g",
    "AlcoholVolume": "0",
    "FicCode": "E",
    "EcoscoreValue": "90"
  },
  {
    "productId": "122359",
    "technicalArticleNumber": "3188225",
    "commercialArticleNumber": "26734",
    "name": "Minestrone",
    "description": "Verse minestronesoep. Opwarmen in een\nsteelpannetje of in de microgolfoven.",
    "brand": "BONI",
    "seoBrand": "Boni Selection",
    "thumbNail": "https://static.colruytgroup.com/images/200x200/std.lang.all/09/70/asset-3350970.jpg",
    "fullImage": "https://static.colruytgroup.com/images/500x500/std.lang.all/09/70/asset-3350970.jpg",
    "squareImage": "https://static.colruytgroup.com/images/500x500sq/std.lang.all/09/70/asset-3350970.jpg",
    "content": "950ml",
    "walkRouteSequenceNumber": 6635,
    "price": {
      "basicPrice": 2.99,
      "recommendedQuantity": "1.0",
      "measurementUnitPrice": 3.15,
      "measurementUnit": "L",
      "isRedPrice": false,
      "pricePerUOM": 3.15,
      "activationDate": "31-01-2024",
      "isPromoActive": "N",
      "priceChangeCode": "H"
    },
    "isAvailable": true,
    "isPriceAvailable": true,
    "inPromo": false,
    "gtin": [
      "05400141158854",
      "05400141628357",
      "05400141022667",
      "05400141425208",
      "05400141700367"
    ],
    "topCategoryName": "Bereidingen/Charcuterie/Vis/Veggie",
    "topCategoryId": "105",
    "businessDomain": "RETAIL_BE",
    "IsPrivateLabel": true,
    "IsBiffe": false,
    "WeightconversionFactor": "0",
    "IsWeightArticle": false,
    "nutriscoreLabel": "C",
    "IsBio": false,
    "CountryOfOrigin": "BELGIË",
    "IsExclusivelySoldInLuxembourg": false,
    "OrderUnit": "P",
    "ShortName": "BONI MINES.SOEP950ML",
    "InSeason": true,
    "IsNew": false,
    "EcoscoreLabel": "A",
    "RecentQuanityOfStockUnits": "1",
    "LongName": "BONI Minestrone 950ml",
    "AlcoholVolume": "0",
    "StartSeasonDate": "21/09/2020",
    "FicCode": "I",
    "EcoscoreValue": "100"
  },
  {
    "productId": "425866",
    "technicalArticleNumber": "3933792",
    "commercialArticleNumber": "1075",
    "name": "cubetti basilicum",
    "brand": "ELVEA",
    "seoBrand": "Elvea",
    "thumbNail": "https://static.colruytgroup.com/images/200x200/std.lang.all/88/10/asset-1718810.jpg",
    "fullImage": "https://static.colruytgroup.com/images/500x500/std.lang.all/88/10/asset-1718810.jpg",
    "squareImage": "https://static.colruytgroup.com/images/500x500sq/std.lang.all/88/10/asset-1718810.jpg",
    "content": "400g",
    "walkRouteSequenceNumber": 8514,
    "price": {
      "basicPrice": 1.75,
      "recommendedQuantity": "6.0",
      "measurementUnitPrice": 4.38,
      "measurementUnit": "K",
      "isRedPrice": false,
      "pricePerUOM": 4.38,
      "activationDate": "19-03-2024",
      "recordSource": "Folder",
      "isPromoActive": "Y",
      "priceChangeCode": "H"
    },
    "isAvailable": true,
    "isPriceAvailable": true,
    "inPromo": true,
    "promotion": [
      {
        "techPromoId": "100864COLR",
        "promotionId": "100864",
        "promotionType": "3",
        "isPersonalized": "N",
        "publicationStartDate": "13-03-2024",
        "publicationEndDate": "26-03-2024"
      }
    ],
    "gtin": [
      "18001240100580",
      "05400141007282",
      "08001240100590",
      "08001240100583",
      "18001240100597"
    ],
    "topCategoryName": "Conserven",
    "topCategoryId": "188",
    "businessDomain": "RETAIL_BE",
    "IsPrivateLabel": false,
    "IsBiffe": false,
    "WeightconversionFactor": "0",
    "IsWeightArticle": false,
    "nutriscoreLabel": "A",
    "IsBio": false,
    "CountryOfOrigin": "BELGIË",
    "IsExclusivelySoldInLuxembourg": false,
    "OrderUnit": "P",
    "ShortName": "ELVE CUBETTI BAS400G",
    "InSeason": true,
    "IsNew": false,
    "EcoscoreLabel": "A",
    "RecentQuanityOfStockUnits": "2,1,24",
    "LongName": "ELVEA cubetti basilicum 400g",
    "StartSeasonDate": "20/03/2020",
    "FicCode": "E",
    "EcoscoreValue": "100"
  },
  {
    "productId": "715430",
    "technicalArticleNumber": "4460474",
    "commercialArticleNumber": "22024",
    "name": "hummus",
    "description": "*Bereiding op basis\nvan kikkerwten en\nsesampasta",
    "brand": "BONI BIO",
    "seoBrand": "Boni Selection Bio",
    "thumbNail": "https://static.colruytgroup.com/images/200x200/std.lang.all/81/71/asset-3028171.jpg",
    "fullImage": "https://static.colruytgroup.com/images/500x500/std.lang.all/81/71/asset-3028171.jpg",
    "squareImage": "https://static.colruytgroup.com/images/500x500sq/std.lang.all/81/71/asset-3028171.jpg",
    "content": "200g",
    "walkRouteSequenceNumber": 7773,
    "price": {
      "basicPrice": 2.79,
      "recommendedQuantity": "1.0",
      "quantityPrice": 2.62,
      "quantityPriceQuantity": "3.0",
      "measurementUnitPrice": 13.95,
      "measurementUnitQuantityPrice": 13.1,
      "measurementUnit": "K",
      "isRedPrice": false,
      "pricePerUOM": 13.95,
      "activationDate": "16-03-2024",
      "recordSource": "Offline",
      "isPromoActive": "N",
      "priceChangeCode": "E",
      "quantityPricePerUOM": 13.1,
      "quantityActivationDate": "16-03-2024",
      "quantityPriceChangeCode": "H"
    },
    "isAvailable": true,
    "isPriceAvailable": true,
    "inPromo": false,
    "gtin": [
      "15400141504818",
      "05400141504811"
    ],
    "topCategoryName": "Chips/Borrelhapjes",
    "topCategoryId": "306",
    "businessDomain": "RETAIL_BE",
    "IsPrivateLabel": true,
    "IsBiffe": false,
    "WeightconversionFactor": "0",
    "IsWeightArticle": false,
    "nutriscoreLabel": "C",
    "IsBio": true,
    "CountryOfOrigin": "BELGIË",
    "IsExclusivelySoldInLuxembourg": false,
    "OrderUnit": "P",
    "ShortName": "BONI BIO HUMMUS 200G",
    "IsNew": false,
    "EcoscoreLabel": "A",
    "RecentQuanityOfStockUnits": "1",
    "LongName": "BONI BIO hummus 200g",
    "FicCode": "I",
    "EcoscoreValue": "100"
  },
  {
    "productId": "6027",
    "technicalArticleNumber": "1170174",
    "commercialArticleNumber": "28901",
    "name": "zongedroogde tomaten basilicum",
    "description": "*Zongedroogde\ntomaten met\nbasilicum,\nniet gemarineerd",
    "brand": "BONI",
    "seoBrand": "Boni Selection",
    "thumbNail": "https://static.colruytgroup.com/images/200x200/std.lang.all/67/82/asset-2796782.jpg",
    "fullImage": "https://static.colruytgroup.com/images/500x500/std.lang.all/67/82/asset-2796782.jpg",
    "squareImage": "https://static.colruytgroup.com/images/500x500sq/std.lang.all/67/82/asset-2796782.jpg",
    "content": "100g",
    "walkRouteSequenceNumber": 7639,
    "price": {
      "basicPrice": 2.89,
      "recommendedQuantity": "1.0",
      "quantityPrice": 2.74,
      "quantityPriceQuantity": "2.0",
      "measurementUnitPrice": 28.9,
      "measurementUnitQuantityPrice": 27.4,
      "measurementUnit": "K",
      "isRedPrice": false,
      "pricePerUOM": 28.9,
      "activationDate": "14-11-2023",
      "recordSource": "Offline",
      "isPromoActive": "N",
      "priceChangeCode": "E",
      "quantityPricePerUOM": 27.4,
      "quantityActivationDate": "14-11-2023",
      "quantityPriceChangeCode": "E"
    },
    "isAvailable": true,
    "isPriceAvailable": true,
    "inPromo": false,
    "gtin": [
      "15400141406266",
      "05400141406269",
      "05400141697988",
      "15400141974376",
      "15400141589730",
      "05400141589733",
      "05400141038972",
      "05400141089998",
      "05400141212679",
      "05400141234510",
      "15400141212676",
      "15400141234517",
      "05400141938012",
      "05400141977721"
    ],
    "topCategoryName": "Chips/Borrelhapjes",
    "topCategoryId": "306",
    "businessDomain": "RETAIL_BE",
    "IsPrivateLabel": true,
    "IsBiffe": false,
    "WeightconversionFactor": "0",
    "IsWeightArticle": false,
    "nutriscoreLabel": "E",
    "IsBio": false,
    "CountryOfOrigin": "TURKIJE",
    "IsExclusivelySoldInLuxembourg": false,
    "OrderUnit": "P",
    "ShortName": "BONI TOMATEN DROOG 100G",
    "IsNew": false,
    "EcoscoreLabel": "E",
    "RecentQuanityOfStockUnits": "1,1",
    "LongName": "BONI zongedroogde tomaten basilicum 100g",
    "AlcoholVolume": "0",
    "FicCode": "I",
    "EcoscoreValue": "12"
  },
  {
    "productId": "347071",
    "technicalArticleNumber": "3732344",
    "commercialArticleNumber": "12644",
    "name": "doperwten zeer fijn",
    "brand": "EVERYDAY",
    "seoBrand": "Everyday",
    "thumbNail": "https://static.colruytgroup.com/images/200x200/std.lang.all/75/77/asset-1437577.jpg",
    "fullImage": "https://static.colruytgroup.com/images/500x500/std.lang.all/75/77/asset-1437577.jpg",
    "squareImage": "https://static.colruytgroup.com/images/500x500sq/std.lang.all/75/77/asset-1437577.jpg",
    "content": "400g",
    "walkRouteSequenceNumber": 16388,
    "price": {
      "basicPrice": 0.748,
      "recommendedQuantity": "1.0",
      "measurementUnitPrice": 1.87,
      "measurementUnit": "K",
      "isRedPrice": false,
      "pricePerUOM": 1.87,
      "activationDate": "28-02-2024",
      "recordSource": "Offline",
      "isPromoActive": "N",
      "priceChangeCode": "L"
    },
    "isAvailable": true,
    "isPriceAvailable": true,
    "inPromo": false,
    "gtin": [
      "25400141189975",
      "05400141189971",
      "15400141189978"
    ],
    "topCategoryName": "Conserven",
    "topCategoryId": "188",
    "businessDomain": "RETAIL_BE",
    "IsPrivateLabel": true,
    "IsBiffe": false,
    "WeightconversionFactor": "0",
    "IsWeightArticle": false,
    "nutriscoreLabel": "A",
    "IsBio": false,
    "CountryOfOrigin": "HONGARIJE",
    "IsExclusivelySoldInLuxembourg": false,
    "OrderUnit": "P",
    "ShortName": "EVD ERWTEN ZR FIJN 400G",
    "InSeason": true,
    "IsNew": false,
    "EcoscoreLabel": "A",
    "RecentQuanityOfStockUnits": "1,12",
    "LongName": "EVERYDAY doperwten zeer fijn 400g",
    "AlcoholVolume": "0",
    "StartSeasonDate": "24/06/2019",
    "FicCode": "I",
    "EcoscoreValue": "99"
  },
  {
    "productId": "255485",
    "technicalArticleNumber": "3588060",
    "commercialArticleNumber": "18484",
    "name": "witte asperges geschild",
    "description": "*Asperges,\ngeschild",
    "brand": "EVERYDAY",
    "seoBrand": "Everyday",
    "thumbNail": "https://static.colruytgroup.com/images/200x200/std.lang.all/48/33/asset-1164833.jpg",
    "fullImage": "https://static.colruytgroup.com/images/500x500/std.lang.all/48/33/asset-1164833.jpg",
    "squareImage": "https://static.colruytgroup.com/images/500x500sq/std.lang.all/48/33/asset-1164833.jpg",
    "content": "190g",
    "walkRouteSequenceNumber": 16480,
    "price": {
      "basicPrice": 0.99,
      "recommendedQuantity": "3.0",
      "measurementUnitPrice": 9,
      "measurementUnit": "K",
      "isRedPrice": false,
      "pricePerUOM": 9,
      "activationDate": "02-02-2024",
      "recordSource": "Offline",
      "isPromoActive": "N",
      "priceChangeCode": "E"
    },
    "isAvailable": true,
    "isPriceAvailable": true,
    "inPromo": false,
    "gtin": [
      "25400141043680",
      "25400141631399",
      "15400141631392",
      "05400141043686",
      "15400141043683",
      "05400141631395",
      "15400141952398",
      "05400141952391"
    ],
    "topCategoryName": "Conserven",
    "topCategoryId": "188",
    "businessDomain": "RETAIL_BE",
    "IsPrivateLabel": true,
    "IsBiffe": false,
    "WeightconversionFactor": "0",
    "IsWeightArticle": false,
    "nutriscoreLabel": "A",
    "IsBio": false,
    "CountryOfOrigin": "CHINA (VOLKSREBUPLIEK)",
    "IsExclusivelySoldInLuxembourg": false,
    "OrderUnit": "P",
    "ShortName": "EVD ASPERG.WIT 190G",
    "IsNew": false,
    "EcoscoreLabel": "B",
    "RecentQuanityOfStockUnits": "12,1,1,12,3,3,1,12",
    "LongName": "EVERYDAY witte asperges geschild 190g",
    "AlcoholVolume": "0",
    "FicCode": "I",
    "EcoscoreValue": "69"
  },
  {
    "productId": "616561",
    "technicalArticleNumber": "4292621",
    "commercialArticleNumber": "27075",
    "name": "knackworsten",
    "brand": "EVERYDAY",
    "seoBrand": "Everyday",
    "thumbNail": "https://static.colruytgroup.com/images/200x200/std.lang.all/46/48/asset-2254648.jpg",
    "fullImage": "https://static.colruytgroup.com/images/500x500/std.lang.all/46/48/asset-2254648.jpg",
    "squareImage": "https://static.colruytgroup.com/images/500x500sq/std.lang.all/46/48/asset-2254648.jpg",
    "content": "10st",
    "walkRouteSequenceNumber": 7717,
    "price": {
      "basicPrice": 2.69,
      "recommendedQuantity": "1.0",
      "measurementUnitPrice": 7.69,
      "measurementUnit": "K",
      "isRedPrice": false,
      "pricePerUOM": 7.69,
      "activationDate": "28-02-2024",
      "recordSource": "Offline",
      "isPromoActive": "N",
      "priceChangeCode": "H"
    },
    "isAvailable": true,
    "isPriceAvailable": true,
    "inPromo": false,
    "gtin": [
      "15400141418443",
      "05400141418446"
    ],
    "topCategoryName": "Conserven",
    "topCategoryId": "188",
    "businessDomain": "RETAIL_BE",
    "IsPrivateLabel": true,
    "IsBiffe": false,
    "WeightconversionFactor": "0",
    "IsWeightArticle": false,
    "nutriscoreLabel": "D",
    "IsBio": false,
    "CountryOfOrigin": "POLEN",
    "IsExclusivelySoldInLuxembourg": false,
    "OrderUnit": "P",
    "ShortName": "EVD KNACKI 10ST",
    "IsNew": false,
    "EcoscoreLabel": "E",
    "RecentQuanityOfStockUnits": "1",
    "LongName": "EVERYDAY knackworsten 10st",
    "AlcoholVolume": "0",
    "FicCode": "I",
    "EcoscoreValue": "0"
  },
  {
    "productId": "732",
    "technicalArticleNumber": "11300",
    "commercialArticleNumber": "11300",
    "name": "wit bonen tomaten saus blik",
    "description": "*Witte bonen in\ntomatensaus",
    "brand": "BONI",
    "seoBrand": "Boni Selection",
    "thumbNail": "https://static.colruytgroup.com/images/200x200/std.lang.all/82/98/asset-2178298.jpg",
    "fullImage": "https://static.colruytgroup.com/images/500x500/std.lang.all/82/98/asset-2178298.jpg",
    "squareImage": "https://static.colruytgroup.com/images/500x500sq/std.lang.all/82/98/asset-2178298.jpg",
    "content": "200g",
    "walkRouteSequenceNumber": 16475,
    "price": {
      "basicPrice": 0.74,
      "recommendedQuantity": "1.0",
      "measurementUnitPrice": 3.7,
      "measurementUnit": "K",
      "isRedPrice": false,
      "pricePerUOM": 3.7,
      "activationDate": "29-12-2023",
      "isPromoActive": "N",
      "priceChangeCode": "H"
    },
    "isAvailable": true,
    "isPriceAvailable": true,
    "inPromo": false,
    "gtin": [
      "05400141029079",
      "05400141168624",
      "05400141278446",
      "05400141424577",
      "05400141424591",
      "15400141029076",
      "15400141278443",
      "05400141981964",
      "15400141981961"
    ],
    "topCategoryName": "Conserven",
    "topCategoryId": "188",
    "businessDomain": "RETAIL_BE",
    "IsPrivateLabel": true,
    "IsBiffe": false,
    "WeightconversionFactor": "0",
    "IsWeightArticle": false,
    "nutriscoreLabel": "A",
    "IsBio": false,
    "CountryOfOrigin": "NEDERLAND",
    "IsExclusivelySoldInLuxembourg": false,
    "OrderUnit": "P",
    "ShortName": "BONI WIT BON.TOM 200G",
    "IsNew": false,
    "EcoscoreLabel": "A",
    "RecentQuanityOfStockUnits": "24,1",
    "LongName": "BONI wit bonen tomaten saus blik 200g",
    "AlcoholVolume": "0",
    "FicCode": "I",
    "EcoscoreValue": "100"
  },
  {
    "productId": "12887",
    "technicalArticleNumber": "1338370",
    "commercialArticleNumber": "12188",
    "name": "tomaat met balletjes brik",
    "description": "*Tomatensoep\nmet balletjes",
    "brand": "LIEBIG",
    "seoBrand": "Liebig",
    "thumbNail": "https://static.colruytgroup.com/images/200x200/nl_be/99/39/asset-3039939.jpg",
    "fullImage": "https://static.colruytgroup.com/images/500x500/nl_be/99/39/asset-3039939.jpg",
    "squareImage": "https://static.colruytgroup.com/images/500x500sq/nl_be/99/39/asset-3039939.jpg",
    "content": "1L",
    "walkRouteSequenceNumber": 16881,
    "price": {
      "basicPrice": 3.19,
      "recommendedQuantity": "1.0",
      "measurementUnitPrice": 3.19,
      "measurementUnit": "L",
      "isRedPrice": false,
      "pricePerUOM": 3.19,
      "activationDate": "13-03-2024",
      "recordSource": "Offline",
      "isPromoActive": "N",
      "priceChangeCode": "H"
    },
    "isAvailable": true,
    "isPriceAvailable": true,
    "inPromo": false,
    "gtin": [
      "05410056188051",
      "05414972726489",
      "05414972705743",
      "05414972205748"
    ],
    "topCategoryName": "Kruidenierswaren/Droge voeding",
    "topCategoryId": "233",
    "businessDomain": "RETAIL_BE",
    "IsPrivateLabel": false,
    "IsBiffe": false,
    "WeightconversionFactor": "0",
    "IsWeightArticle": false,
    "nutriscoreLabel": "B",
    "IsBio": false,
    "CountryOfOrigin": "FRANKRIJK",
    "IsExclusivelySoldInLuxembourg": false,
    "OrderUnit": "P",
    "ShortName": "LIEB TOMAAT BALLETJES1L",
    "IsNew": false,
    "EcoscoreLabel": "B",
    "RecentQuanityOfStockUnits": "1,2,8,8",
    "LongName": "LIEBIG tomaat met balletjes brik 1L",
    "AlcoholVolume": "0",
    "FicCode": "E",
    "EcoscoreValue": "65"
  },
  {
    "productId": "752",
    "technicalArticleNumber": "11663",
    "commercialArticleNumber": "11663",
    "name": "Parijse champ. heel blik",
    "description": "*Hele Parijse\nchampignons",
    "brand": "EVERYDAY",
    "seoBrand": "Everyday",
    "thumbNail": "https://static.colruytgroup.com/images/200x200/nl_be/62/80/asset-2486280.jpg",
    "fullImage": "https://static.colruytgroup.com/images/500x500/nl_be/62/80/asset-2486280.jpg",
    "squareImage": "https://static.colruytgroup.com/images/500x500sq/nl_be/62/80/asset-2486280.jpg",
    "content": "390g",
    "walkRouteSequenceNumber": 16345,
    "price": {
      "basicPrice": 0.99,
      "recommendedQuantity": "1.0",
      "measurementUnitPrice": 4.31,
      "measurementUnit": "K",
      "isRedPrice": false,
      "pricePerUOM": 4.31,
      "activationDate": "24-11-2023",
      "recordSource": "Offline",
      "isPromoActive": "N",
      "priceChangeCode": "H"
    },
    "isAvailable": true,
    "isPriceAvailable": true,
    "inPromo": false,
    "gtin": [
      "15400141984566",
      "05400141012361",
      "05400141166569",
      "05400141216455",
      "15400141216452"
    ],
    "topCategoryName": "Conserven",
    "topCategoryId": "188",
    "businessDomain": "RETAIL_BE",
    "IsPrivateLabel": true,
    "IsBiffe": false,
    "WeightconversionFactor": "0",
    "IsWeightArticle": false,
    "nutriscoreLabel": "A",
    "IsBio": false,
    "CountryOfOrigin": "NEDERLAND",
    "IsExclusivelySoldInLuxembourg": false,
    "OrderUnit": "P",
    "ShortName": "EVD HELE CHAMP 390G",
    "IsNew": false,
    "RecentQuanityOfStockUnits": "1",
    "LongName": "EVERYDAY Parijse champ. heel blik 390g",
    "AlcoholVolume": "0",
    "FicCode": "I"
  },
  {
    "productId": "10688",
    "technicalArticleNumber": "1343538",
    "commercialArticleNumber": "6756",
    "name": "kikkererwten blik",
    "description": "*Biologische\nkikkererwten",
    "brand": "BIOITALIA",
    "seoBrand": "Bioitalia",
    "thumbNail": "https://static.colruytgroup.com/images/200x200/std.lang.all/90/65/asset-1779065.jpg",
    "fullImage": "https://static.colruytgroup.com/images/500x500/std.lang.all/90/65/asset-1779065.jpg",
    "squareImage": "https://static.colruytgroup.com/images/500x500sq/std.lang.all/90/65/asset-1779065.jpg",
    "content": "400g",
    "walkRouteSequenceNumber": 16485,
    "price": {
      "basicPrice": 1.25,
      "recommendedQuantity": "1.0",
      "measurementUnitPrice": 5.21,
      "measurementUnit": "K",
      "isRedPrice": false,
      "pricePerUOM": 5.21,
      "activationDate": "14-11-2023",
      "isPromoActive": "N",
      "priceChangeCode": "E"
    },
    "isAvailable": true,
    "isPriceAvailable": true,
    "inPromo": false,
    "gtin": [
      "48024046004204",
      "08024046004206",
      "08024046420068"
    ],
    "topCategoryName": "Conserven",
    "topCategoryId": "188",
    "businessDomain": "RETAIL_BE",
    "IsPrivateLabel": false,
    "IsBiffe": false,
    "WeightconversionFactor": "0",
    "IsWeightArticle": false,
    "nutriscoreLabel": "A",
    "IsBio": true,
    "CountryOfOrigin": "BELGIË",
    "IsExclusivelySoldInLuxembourg": false,
    "OrderUnit": "P",
    "ShortName": "UB BIO ITAL KIKERWT 400",
    "IsNew": false,
    "EcoscoreLabel": "B",
    "RecentQuanityOfStockUnits": "1,12",
    "LongName": "BIOITALIA kikkererwten blik 400g",
    "AlcoholVolume": "0",
    "FicCode": "E",
    "EcoscoreValue": "75"
  },
  {
    "productId": "15725",
    "technicalArticleNumber": "1583482",
    "commercialArticleNumber": "12840",
    "name": "tomatenstukjes",
    "description": "*Tomatenblokjes,\ngesneden van gepelde\ntomaten",
    "brand": "CIRIO",
    "seoBrand": "Cirio",
    "thumbNail": "https://static.colruytgroup.com/images/200x200/std.lang.all/97/39/asset-1659739.jpg",
    "fullImage": "https://static.colruytgroup.com/images/500x500/std.lang.all/97/39/asset-1659739.jpg",
    "squareImage": "https://static.colruytgroup.com/images/500x500sq/std.lang.all/97/39/asset-1659739.jpg",
    "content": "400g",
    "walkRouteSequenceNumber": 8518,
    "price": {
      "basicPrice": 1.63,
      "recommendedQuantity": "6.0",
      "measurementUnitPrice": 4.08,
      "measurementUnit": "K",
      "isRedPrice": false,
      "pricePerUOM": 4.08,
      "activationDate": "27-02-2024",
      "recordSource": "Online",
      "isPromoActive": "N",
      "priceChangeCode": "H"
    },
    "isAvailable": true,
    "isPriceAvailable": true,
    "inPromo": false,
    "gtin": [
      "08000320010118",
      "08000320998577",
      "08000320998560"
    ],
    "topCategoryName": "Conserven",
    "topCategoryId": "188",
    "businessDomain": "RETAIL_BE",
    "IsPrivateLabel": false,
    "IsBiffe": false,
    "WeightconversionFactor": "0",
    "IsWeightArticle": false,
    "nutriscoreLabel": "A",
    "IsBio": false,
    "CountryOfOrigin": "ITALIË",
    "IsExclusivelySoldInLuxembourg": false,
    "OrderUnit": "P",
    "ShortName": "CIRIO POLPA 400G",
    "IsNew": false,
    "EcoscoreLabel": "A",
    "RecentQuanityOfStockUnits": "6,1",
    "LongName": "CIRIO tomatenstukjes 400g",
    "AlcoholVolume": "0",
    "FicCode": "E",
    "EcoscoreValue": "99"
  },
  {
    "productId": "45049",
    "technicalArticleNumber": "2520083",
    "commercialArticleNumber": "39693",
    "name": "fijne kruiden",
    "description": "*Croutons met fijne\nkruiden",
    "brand": "FLODOR CROÛTONS D'OR",
    "seoBrand": "Flodor",
    "thumbNail": "https://static.colruytgroup.com/images/200x200/std.lang.all/35/20/asset-1993520.jpg",
    "fullImage": "https://static.colruytgroup.com/images/500x500/std.lang.all/35/20/asset-1993520.jpg",
    "squareImage": "https://static.colruytgroup.com/images/500x500sq/std.lang.all/35/20/asset-1993520.jpg",
    "content": "75g",
    "walkRouteSequenceNumber": 17000,
    "price": {
      "basicPrice": 1.53,
      "recommendedQuantity": "1.0",
      "measurementUnitPrice": 20.4,
      "measurementUnit": "K",
      "isRedPrice": false,
      "pricePerUOM": 20.4,
      "activationDate": "21-03-2024",
      "recordSource": "Offline",
      "isPromoActive": "N",
      "priceChangeCode": "L"
    },
    "isAvailable": true,
    "isPriceAvailable": true,
    "inPromo": false,
    "gtin": [
      "33075360005338",
      "43075360005335",
      "03075360005337"
    ],
    "topCategoryName": "Kruidenierswaren/Droge voeding",
    "topCategoryId": "233",
    "businessDomain": "RETAIL_BE",
    "IsPrivateLabel": false,
    "IsBiffe": false,
    "WeightconversionFactor": "0",
    "IsWeightArticle": false,
    "nutriscoreLabel": "E",
    "IsBio": false,
    "CountryOfOrigin": "ITALIË",
    "IsExclusivelySoldInLuxembourg": false,
    "OrderUnit": "P",
    "ShortName": "FLODOR CROUT KRUID 75G",
    "InSeason": true,
    "IsNew": false,
    "EcoscoreLabel": "D",
    "RecentQuanityOfStockUnits": "1",
    "LongName": "FLODOR CROÛTONS D'OR fijne kruiden 75g",
    "AlcoholVolume": "0",
    "StartSeasonDate": "13/09/2016",
    "FicCode": "E",
    "EcoscoreValue": "38"
  },
  {
    "productId": "857239",
    "technicalArticleNumber": "4707119",
    "commercialArticleNumber": "31478",
    "name": "Seizoensfruit",
    "description": "*Mengeling van appel\nmeloen, druif\nen ananas.",
    "brand": "BONI",
    "seoBrand": "Boni Selection",
    "thumbNail": "https://static.colruytgroup.com/images/200x200/std.lang.all/84/36/asset-3178436.jpg",
    "fullImage": "https://static.colruytgroup.com/images/500x500/std.lang.all/84/36/asset-3178436.jpg",
    "squareImage": "https://static.colruytgroup.com/images/500x500sq/std.lang.all/84/36/asset-3178436.jpg",
    "content": "230g",
    "walkRouteSequenceNumber": 7463,
    "price": {
      "basicPrice": 2.29,
      "recommendedQuantity": "1.0",
      "quantityPrice": 2.2,
      "quantityPriceQuantity": "3.0",
      "measurementUnitPrice": 9.96,
      "measurementUnitQuantityPrice": 9.57,
      "measurementUnit": "K",
      "isRedPrice": false,
      "pricePerUOM": 9.96,
      "activationDate": "01-04-2023",
      "isPromoActive": "N",
      "priceChangeCode": "E",
      "quantityPricePerUOM": 9.57,
      "quantityActivationDate": "01-04-2023",
      "quantityPriceChangeCode": "E"
    },
    "isAvailable": true,
    "isPriceAvailable": true,
    "inPromo": false,
    "gtin": [
      "15400141461098",
      "05400141461091"
    ],
    "topCategoryName": "Conserven",
    "topCategoryId": "188",
    "businessDomain": "RETAIL_BE",
    "IsPrivateLabel": true,
    "IsBiffe": false,
    "WeightconversionFactor": "0",
    "IsWeightArticle": false,
    "nutriscoreLabel": "A",
    "IsBio": false,
    "CountryOfOrigin": "BELGIË",
    "IsExclusivelySoldInLuxembourg": false,
    "OrderUnit": "P",
    "ShortName": "BONI SEIZOENSFRUIT 230G",
    "IsNew": false,
    "RecentQuanityOfStockUnits": "1",
    "LongName": "BONI Seizoensfruit 230g",
    "AlcoholVolume": "0",
    "FicCode": "I"
  },
  {
    "productId": "10550",
    "technicalArticleNumber": "1395506",
    "commercialArticleNumber": "12821",
    "name": "Cubetti tomatenblokjes v.gr.",
    "description": "*Tomatenblokjes met\ngroenten",
    "brand": "ELVEA",
    "seoBrand": "Elvea",
    "thumbNail": "https://static.colruytgroup.com/images/200x200/std.lang.all/87/94/asset-1718794.jpg",
    "fullImage": "https://static.colruytgroup.com/images/500x500/std.lang.all/87/94/asset-1718794.jpg",
    "squareImage": "https://static.colruytgroup.com/images/500x500sq/std.lang.all/87/94/asset-1718794.jpg",
    "content": "800g",
    "walkRouteSequenceNumber": 8515,
    "price": {
      "basicPrice": 3.51,
      "recommendedQuantity": "3.0",
      "measurementUnitPrice": 4.39,
      "measurementUnit": "K",
      "isRedPrice": false,
      "pricePerUOM": 4.39,
      "activationDate": "19-03-2024",
      "recordSource": "Folder",
      "isPromoActive": "N",
      "priceChangeCode": "H"
    },
    "isAvailable": true,
    "isPriceAvailable": true,
    "inPromo": true,
    "promotion": [
      {
        "techPromoId": "100864COLR",
        "promotionId": "100864",
        "promotionType": "3",
        "isPersonalized": "N",
        "publicationStartDate": "13-03-2024",
        "publicationEndDate": "26-03-2024"
      }
    ],
    "gtin": [
      "08001240100262",
      "18001240100276",
      "08001240100279"
    ],
    "topCategoryName": "Conserven",
    "topCategoryId": "188",
    "businessDomain": "RETAIL_BE",
    "IsPrivateLabel": false,
    "IsBiffe": false,
    "WeightconversionFactor": "0",
    "IsWeightArticle": false,
    "nutriscoreLabel": "A",
    "IsBio": false,
    "CountryOfOrigin": "ITALIË",
    "IsExclusivelySoldInLuxembourg": false,
    "OrderUnit": "P",
    "ShortName": "ELVEA CUB VERSE GR 800G",
    "IsNew": false,
    "EcoscoreLabel": "A",
    "RecentQuanityOfStockUnits": "3,1,12",
    "LongName": "ELVEA Cubetti tomatenblokjes v.gr. 800g",
    "AlcoholVolume": "0",
    "FicCode": "E",
    "EcoscoreValue": "86"
  },
  {
    "productId": "55913",
    "technicalArticleNumber": "2267652",
    "commercialArticleNumber": "4672",
    "name": "tomatenstukjes chili",
    "description": "*Licht pikante\ntomatenstukjes in\ngeconcentreerd\ntomatensap",
    "brand": "BONI",
    "seoBrand": "Boni Selection",
    "thumbNail": "https://static.colruytgroup.com/images/200x200/nl_be/55/74/asset-3205574.jpg",
    "fullImage": "https://static.colruytgroup.com/images/500x500/nl_be/55/74/asset-3205574.jpg",
    "squareImage": "https://static.colruytgroup.com/images/500x500sq/nl_be/55/74/asset-3205574.jpg",
    "content": "400g",
    "walkRouteSequenceNumber": 8457,
    "price": {
      "basicPrice": 0.85,
      "recommendedQuantity": "6.0",
      "measurementUnitPrice": 2.13,
      "measurementUnit": "K",
      "isRedPrice": false,
      "pricePerUOM": 2.13,
      "activationDate": "10-01-2024",
      "isPromoActive": "N",
      "priceChangeCode": "H"
    },
    "isAvailable": true,
    "isPriceAvailable": true,
    "inPromo": false,
    "gtin": [
      "05400141169836",
      "05400141245769",
      "15400141193869",
      "05400141405095",
      "25400141245763",
      "05400141073782",
      "05400141166828",
      "15400141245766",
      "05400141193862"
    ],
    "topCategoryName": "Conserven",
    "topCategoryId": "188",
    "businessDomain": "RETAIL_BE",
    "IsPrivateLabel": true,
    "IsBiffe": false,
    "WeightconversionFactor": "0",
    "IsWeightArticle": false,
    "nutriscoreLabel": "A",
    "IsBio": false,
    "CountryOfOrigin": "ITALIË",
    "IsExclusivelySoldInLuxembourg": false,
    "OrderUnit": "P",
    "ShortName": "BONI TOM.STUK CHILI400G",
    "IsNew": false,
    "EcoscoreLabel": "A",
    "RecentQuanityOfStockUnits": "1,6,24",
    "LongName": "BONI tomatenstukjes chili 400g",
    "AlcoholVolume": "0",
    "FicCode": "I",
    "EcoscoreValue": "100"
  },
  {
    "productId": "748",
    "technicalArticleNumber": "11606",
    "commercialArticleNumber": "11606",
    "name": "Parijse champign. schijf blik",
    "description": "*Parijse champignons\nin schijfjes",
    "brand": "BONI",
    "seoBrand": "Boni Selection",
    "thumbNail": "https://static.colruytgroup.com/images/200x200/std.lang.all/83/76/asset-2718376.jpg",
    "fullImage": "https://static.colruytgroup.com/images/500x500/std.lang.all/83/76/asset-2718376.jpg",
    "squareImage": "https://static.colruytgroup.com/images/500x500sq/std.lang.all/83/76/asset-2718376.jpg",
    "content": "390g",
    "walkRouteSequenceNumber": 16350,
    "price": {
      "basicPrice": 0.99,
      "recommendedQuantity": "1.0",
      "quantityPrice": 0.815,
      "quantityPriceQuantity": "2.0",
      "measurementUnitPrice": 4.31,
      "measurementUnitQuantityPrice": 3.55,
      "measurementUnit": "K",
      "isRedPrice": false,
      "pricePerUOM": 4.31,
      "activationDate": "20-03-2024",
      "recordSource": "Offline",
      "isPromoActive": "N",
      "priceChangeCode": "E",
      "quantityPricePerUOM": 3.55,
      "quantityActivationDate": "20-03-2024",
      "quantityPriceChangeCode": "E"
    },
    "isAvailable": true,
    "isPriceAvailable": true,
    "inPromo": false,
    "gtin": [
      "05400141168822",
      "05400141216356",
      "05400141277869",
      "15400141216353",
      "15400141277866",
      "25400141277863",
      "25400141480911",
      "05400141480917",
      "15400141480914"
    ],
    "topCategoryName": "Conserven",
    "topCategoryId": "188",
    "businessDomain": "RETAIL_BE",
    "IsPrivateLabel": true,
    "IsBiffe": false,
    "WeightconversionFactor": "0",
    "IsWeightArticle": false,
    "nutriscoreLabel": "A",
    "IsBio": false,
    "CountryOfOrigin": "SPANJE",
    "IsExclusivelySoldInLuxembourg": false,
    "OrderUnit": "P",
    "ShortName": "BONI CHAMPSCHIJ390",
    "IsNew": false,
    "RecentQuanityOfStockUnits": "1,12",
    "LongName": "BONI Parijse champign. schijf blik 390g",
    "AlcoholVolume": "0",
    "FicCode": "I"
  },
  {
    "productId": "742545",
    "technicalArticleNumber": "4508691",
    "commercialArticleNumber": "28142",
    "name": "halfgedroogde tomaten gemar.",
    "description": "*Halfgedroogde\ncheritos tomaten,\ngemarineerd zachte\nsmaak",
    "brand": "BONI",
    "seoBrand": "Boni Selection",
    "thumbNail": "https://static.colruytgroup.com/images/200x200/std.lang.all/51/54/asset-2855154.jpg",
    "fullImage": "https://static.colruytgroup.com/images/500x500/std.lang.all/51/54/asset-2855154.jpg",
    "squareImage": "https://static.colruytgroup.com/images/500x500sq/std.lang.all/51/54/asset-2855154.jpg",
    "content": "200g",
    "walkRouteSequenceNumber": 7664,
    "price": {
      "basicPrice": 3.29,
      "recommendedQuantity": "1.0",
      "quantityPrice": 3.03,
      "quantityPriceQuantity": "3.0",
      "measurementUnitPrice": 16.45,
      "measurementUnitQuantityPrice": 15.15,
      "measurementUnit": "K",
      "isRedPrice": false,
      "pricePerUOM": 16.45,
      "activationDate": "17-11-2023",
      "isPromoActive": "N",
      "priceChangeCode": "E",
      "quantityPricePerUOM": 15.15,
      "quantityActivationDate": "17-11-2023",
      "quantityPriceChangeCode": "E"
    },
    "isAvailable": true,
    "isPriceAvailable": true,
    "inPromo": false,
    "gtin": [
      "05400141990997"
    ],
    "topCategoryName": "Chips/Borrelhapjes",
    "topCategoryId": "306",
    "businessDomain": "RETAIL_BE",
    "IsPrivateLabel": true,
    "IsBiffe": false,
    "WeightconversionFactor": "0",
    "IsWeightArticle": false,
    "nutriscoreLabel": "D",
    "IsBio": false,
    "CountryOfOrigin": "BELGIË",
    "IsExclusivelySoldInLuxembourg": false,
    "OrderUnit": "P",
    "ShortName": "BONI CHERITOS 200G",
    "IsNew": false,
    "EcoscoreLabel": "D",
    "RecentQuanityOfStockUnits": "1",
    "LongName": "BONI halfgedroogde tomaten gemar. 200g",
    "AlcoholVolume": "0",
    "FicCode": "I",
    "EcoscoreValue": "21"
  },
  {
    "productId": "12167",
    "technicalArticleNumber": "1320938",
    "commercialArticleNumber": "11171",
    "name": "erwten wortelen extr.fijn blik",
    "description": "*Mengeling van extra\nfijne doperwtjes en\nextra fijne jonge\nworteltjes",
    "brand": "BONI",
    "seoBrand": "Boni Selection",
    "thumbNail": "https://static.colruytgroup.com/images/200x200/std.lang.all/91/60/asset-3329160.jpg",
    "fullImage": "https://static.colruytgroup.com/images/500x500/std.lang.all/91/60/asset-3329160.jpg",
    "squareImage": "https://static.colruytgroup.com/images/500x500sq/std.lang.all/91/60/asset-3329160.jpg",
    "content": "200g",
    "walkRouteSequenceNumber": 16391,
    "price": {
      "basicPrice": 0.663,
      "recommendedQuantity": "3.0",
      "quantityPrice": 0.596,
      "quantityPriceQuantity": "6.0",
      "measurementUnitPrice": 5.11,
      "measurementUnitQuantityPrice": 4.59,
      "measurementUnit": "K",
      "isRedPrice": false,
      "pricePerUOM": 5.11,
      "activationDate": "20-03-2024",
      "recordSource": "Offline",
      "isPromoActive": "N",
      "priceChangeCode": "E",
      "quantityPricePerUOM": 4.59,
      "quantityActivationDate": "20-03-2024",
      "quantityPriceChangeCode": "L"
    },
    "isAvailable": true,
    "isPriceAvailable": true,
    "inPromo": false,
    "gtin": [
      "05400141987812",
      "25400141987816",
      "15400141987819",
      "05400141294354",
      "15400141128533",
      "15400141278436",
      "05400141278439",
      "00000025111712",
      "05400141076004",
      "05400141128536",
      "25400141278433",
      "15400141982869"
    ],
    "topCategoryName": "Conserven",
    "topCategoryId": "188",
    "businessDomain": "RETAIL_BE",
    "IsPrivateLabel": true,
    "IsBiffe": false,
    "WeightconversionFactor": "0",
    "IsWeightArticle": false,
    "nutriscoreLabel": "A",
    "IsBio": false,
    "CountryOfOrigin": "FRANKRIJK",
    "IsExclusivelySoldInLuxembourg": false,
    "OrderUnit": "P",
    "ShortName": "BONI ERW.WOR EF 200G",
    "InSeason": true,
    "IsNew": false,
    "EcoscoreLabel": "A",
    "RecentQuanityOfStockUnits": "1,3,24",
    "LongName": "BONI erwten wortelen extr.fijn blik 200g",
    "AlcoholVolume": "0",
    "StartSeasonDate": "03/07/2008",
    "FicCode": "I",
    "EcoscoreValue": "100"
  },
  {
    "productId": "849117",
    "technicalArticleNumber": "4696543",
    "commercialArticleNumber": "30770",
    "name": "blonde linzen",
    "brand": "BONI",
    "seoBrand": "Boni Selection",
    "thumbNail": "https://static.colruytgroup.com/images/200x200/std.lang.all/18/04/asset-3161804.jpg",
    "fullImage": "https://static.colruytgroup.com/images/500x500/std.lang.all/18/04/asset-3161804.jpg",
    "squareImage": "https://static.colruytgroup.com/images/500x500sq/std.lang.all/18/04/asset-3161804.jpg",
    "content": "400g",
    "walkRouteSequenceNumber": 16499,
    "price": {
      "basicPrice": 0.99,
      "recommendedQuantity": "1.0",
      "measurementUnitPrice": 3.74,
      "measurementUnit": "K",
      "isRedPrice": false,
      "pricePerUOM": 3.74,
      "activationDate": "17-01-2024",
      "isPromoActive": "N",
      "priceChangeCode": "E"
    },
    "isAvailable": true,
    "isPriceAvailable": true,
    "inPromo": false,
    "gtin": [
      "15400141800194",
      "05400141800197"
    ],
    "topCategoryName": "Conserven",
    "topCategoryId": "188",
    "businessDomain": "RETAIL_BE",
    "IsPrivateLabel": true,
    "IsBiffe": false,
    "WeightconversionFactor": "0",
    "IsWeightArticle": false,
    "nutriscoreLabel": "A",
    "IsBio": false,
    "CountryOfOrigin": "BELGIË",
    "IsExclusivelySoldInLuxembourg": false,
    "OrderUnit": "P",
    "ShortName": "BONI BLONDE LINZEN 400G",
    "IsNew": false,
    "EcoscoreLabel": "B",
    "RecentQuanityOfStockUnits": "1,12",
    "LongName": "BONI blonde linzen 400g",
    "AlcoholVolume": "0",
    "FicCode": "I",
    "EcoscoreValue": "75"
  },
  {
    "productId": "869444",
    "technicalArticleNumber": "4722778",
    "commercialArticleNumber": "18197",
    "name": "spaghetti italiano 3p",
    "brand": "MIRACOLI",
    "seoBrand": "Miracoli",
    "thumbNail": "https://static.colruytgroup.com/images/200x200/std.lang.all/15/94/asset-3201594.jpg",
    "fullImage": "https://static.colruytgroup.com/images/500x500/std.lang.all/15/94/asset-3201594.jpg",
    "squareImage": "https://static.colruytgroup.com/images/500x500sq/std.lang.all/15/94/asset-3201594.jpg",
    "content": "376,2g",
    "walkRouteSequenceNumber": 16799,
    "price": {
      "basicPrice": 3.99,
      "recommendedQuantity": "2.0",
      "measurementUnitPrice": 10.62,
      "measurementUnit": "K",
      "isRedPrice": false,
      "pricePerUOM": 10.62,
      "activationDate": "22-03-2024",
      "recordSource": "Offline",
      "isPromoActive": "N",
      "priceChangeCode": "H"
    },
    "isAvailable": true,
    "isPriceAvailable": true,
    "inPromo": false,
    "gtin": [
      "04002359018787",
      "04002359018664",
      "25400141867941"
    ],
    "topCategoryName": "Conserven",
    "topCategoryId": "188",
    "businessDomain": "RETAIL_BE",
    "IsPrivateLabel": false,
    "IsBiffe": false,
    "WeightconversionFactor": "0",
    "IsWeightArticle": false,
    "IsBio": false,
    "CountryOfOrigin": "ITALIË",
    "IsExclusivelySoldInLuxembourg": false,
    "OrderUnit": "P",
    "ShortName": "MIRA KIT SPAGH.ITAL. 3P",
    "IsNew": false,
    "RecentQuanityOfStockUnits": "1,2,20",
    "LongName": "MIRACOLI spaghetti italiano 3p 376,2g",
    "FicCode": "E"
  },
  {
    "productId": "4090",
    "technicalArticleNumber": "1007496",
    "commercialArticleNumber": "13435",
    "name": "uitjes zoetzuur",
    "description": "Witte uitjes met zoetzure opgiet.",
    "brand": "BONI",
    "seoBrand": "Boni Selection",
    "thumbNail": "https://static.colruytgroup.com/images/200x200/std.lang.all/83/72/asset-3028372.jpg",
    "fullImage": "https://static.colruytgroup.com/images/500x500/std.lang.all/83/72/asset-3028372.jpg",
    "squareImage": "https://static.colruytgroup.com/images/500x500sq/std.lang.all/83/72/asset-3028372.jpg",
    "content": "650g",
    "walkRouteSequenceNumber": 16354,
    "price": {
      "basicPrice": 1.46,
      "recommendedQuantity": "1.0",
      "measurementUnitPrice": 3.95,
      "measurementUnit": "K",
      "isRedPrice": false,
      "pricePerUOM": 3.95,
      "activationDate": "13-02-2024",
      "recordSource": "Offline",
      "isPromoActive": "N",
      "priceChangeCode": "E"
    },
    "isAvailable": true,
    "isPriceAvailable": true,
    "inPromo": false,
    "gtin": [
      "05400141034301",
      "05400141352979",
      "15400141352976",
      "15400141837992",
      "05400141407563",
      "05400141134353",
      "05400141055146"
    ],
    "topCategoryName": "Kruidenierswaren/Droge voeding",
    "topCategoryId": "233",
    "businessDomain": "RETAIL_BE",
    "IsPrivateLabel": true,
    "IsBiffe": false,
    "WeightconversionFactor": "0",
    "IsWeightArticle": false,
    "nutriscoreLabel": "A",
    "IsBio": false,
    "CountryOfOrigin": "NEDERLAND",
    "IsExclusivelySoldInLuxembourg": false,
    "OrderUnit": "P",
    "ShortName": "BONI ZOETZURE UI 650G",
    "InSeason": true,
    "IsNew": false,
    "EcoscoreLabel": "A",
    "RecentQuanityOfStockUnits": "1,12",
    "LongName": "BONI uitjes zoetzuur 650g",
    "AlcoholVolume": "0",
    "StartSeasonDate": "05/08/2008",
    "FicCode": "I",
    "EcoscoreValue": "100"
  },
  {
    "productId": "51036",
    "technicalArticleNumber": "2344114",
    "commercialArticleNumber": "18169",
    "name": "groene olijven kaasblokjes",
    "description": "*Groen\n*Ontpit\n*Griekenland\n*Met kaasblokjes",
    "brand": "BONI",
    "seoBrand": "Boni Selection",
    "thumbNail": "https://static.colruytgroup.com/images/200x200/std.lang.all/16/14/asset-2741614.jpg",
    "fullImage": "https://static.colruytgroup.com/images/500x500/std.lang.all/16/14/asset-2741614.jpg",
    "squareImage": "https://static.colruytgroup.com/images/500x500sq/std.lang.all/16/14/asset-2741614.jpg",
    "content": "400g",
    "walkRouteSequenceNumber": 7693,
    "price": {
      "basicPrice": 5.49,
      "recommendedQuantity": "1.0",
      "measurementUnitPrice": 13.73,
      "measurementUnit": "K",
      "isRedPrice": false,
      "pricePerUOM": 13.73,
      "activationDate": "17-02-2024",
      "recordSource": "Offline",
      "isPromoActive": "N",
      "priceChangeCode": "E"
    },
    "isAvailable": true,
    "isPriceAvailable": true,
    "inPromo": false,
    "gtin": [
      "05400141039382",
      "05400141088908",
      "15400141387459",
      "05400141090734",
      "05400141387452",
      "05400141705935",
      "05400141461404",
      "05400141938036",
      "15400141997054"
    ],
    "topCategoryName": "Chips/Borrelhapjes",
    "topCategoryId": "306",
    "businessDomain": "RETAIL_BE",
    "IsPrivateLabel": true,
    "IsBiffe": false,
    "WeightconversionFactor": "0",
    "IsWeightArticle": false,
    "nutriscoreLabel": "D",
    "IsBio": false,
    "CountryOfOrigin": "GRIEKENLAND",
    "IsExclusivelySoldInLuxembourg": false,
    "OrderUnit": "P",
    "ShortName": "BONI GR.OLI.KAAS.400G",
    "IsNew": false,
    "EcoscoreLabel": "A",
    "RecentQuanityOfStockUnits": "1",
    "LongName": "BONI groene olijven kaasblokjes 400g",
    "AlcoholVolume": "0",
    "FicCode": "I",
    "EcoscoreValue": "94"
  },
  {
    "productId": "1102",
    "technicalArticleNumber": "16497",
    "commercialArticleNumber": "16497",
    "name": "appelcompote stuk bok",
    "description": "*Appelmoes op basis\nvan stukjes appel",
    "brand": "MATERNE",
    "seoBrand": "Materne",
    "thumbNail": "https://static.colruytgroup.com/images/200x200/nl_be/33/41/asset-3423341.jpg",
    "fullImage": "https://static.colruytgroup.com/images/500x500/nl_be/33/41/asset-3423341.jpg",
    "squareImage": "https://static.colruytgroup.com/images/500x500sq/nl_be/33/41/asset-3423341.jpg",
    "content": "850g",
    "walkRouteSequenceNumber": 16605,
    "price": {
      "basicPrice": 2.79,
      "recommendedQuantity": "1.0",
      "measurementUnitPrice": 3.29,
      "measurementUnit": "K",
      "isRedPrice": false,
      "pricePerUOM": 3.29,
      "activationDate": "22-03-2024",
      "recordSource": "Offline",
      "isPromoActive": "N",
      "priceChangeCode": "L"
    },
    "isAvailable": true,
    "isPriceAvailable": true,
    "inPromo": false,
    "gtin": [
      "05400141164978",
      "05410046010249",
      "05410046800246"
    ],
    "topCategoryName": "Conserven",
    "topCategoryId": "188",
    "businessDomain": "RETAIL_BE",
    "IsPrivateLabel": false,
    "IsBiffe": false,
    "WeightconversionFactor": "0",
    "IsWeightArticle": false,
    "nutriscoreLabel": "A",
    "IsBio": false,
    "CountryOfOrigin": "BELGIË",
    "IsExclusivelySoldInLuxembourg": false,
    "OrderUnit": "P",
    "ShortName": "MAT APPELCOMP STUK 850G",
    "IsNew": false,
    "RecentQuanityOfStockUnits": "1,6",
    "LongName": "MATERNE appelcompote stuk bok 850g",
    "AlcoholVolume": "0",
    "FicCode": "E"
  },
  {
    "productId": "86518",
    "technicalArticleNumber": "2953018",
    "commercialArticleNumber": "25638",
    "name": "salsa van kerstomaten",
    "description": "*Kerstomatensalsa",
    "brand": "AGROMONTE",
    "seoBrand": "Agromonte",
    "thumbNail": "https://static.colruytgroup.com/images/200x200/std.lang.all/45/46/asset-2274546.jpg",
    "fullImage": "https://static.colruytgroup.com/images/500x500/std.lang.all/45/46/asset-2274546.jpg",
    "squareImage": "https://static.colruytgroup.com/images/500x500sq/std.lang.all/45/46/asset-2274546.jpg",
    "content": "330g",
    "walkRouteSequenceNumber": 8403,
    "price": {
      "basicPrice": 2.89,
      "recommendedQuantity": "1.0",
      "measurementUnitPrice": 8.76,
      "measurementUnit": "K",
      "isRedPrice": false,
      "pricePerUOM": 8.76,
      "activationDate": "23-03-2024",
      "isPromoActive": "N",
      "priceChangeCode": "E"
    },
    "isAvailable": true,
    "isPriceAvailable": true,
    "inPromo": false,
    "gtin": [
      "08032817240319",
      "08032817243549"
    ],
    "topCategoryName": "Conserven",
    "topCategoryId": "188",
    "businessDomain": "RETAIL_BE",
    "IsPrivateLabel": false,
    "IsBiffe": false,
    "WeightconversionFactor": "0",
    "IsWeightArticle": false,
    "nutriscoreLabel": "A",
    "IsBio": false,
    "CountryOfOrigin": "ITALIË",
    "IsExclusivelySoldInLuxembourg": false,
    "OrderUnit": "P",
    "ShortName": "AGRO SAL.KERSTO.CI.330G",
    "IsNew": false,
    "EcoscoreLabel": "B",
    "RecentQuanityOfStockUnits": "12,1",
    "LongName": "AGROMONTE salsa van kerstomaten 330g",
    "AlcoholVolume": "0",
    "FicCode": "E",
    "EcoscoreValue": "69"
  },
  {
    "productId": "480360",
    "technicalArticleNumber": "4012262",
    "commercialArticleNumber": "4999",
    "name": "mousseline z.toegev.suiker",
    "brand": "BONI BIO",
    "seoBrand": "Boni Selection Bio",
    "thumbNail": "https://static.colruytgroup.com/images/200x200/std.lang.all/06/33/asset-2340633.jpg",
    "fullImage": "https://static.colruytgroup.com/images/500x500/std.lang.all/06/33/asset-2340633.jpg",
    "squareImage": "https://static.colruytgroup.com/images/500x500sq/std.lang.all/06/33/asset-2340633.jpg",
    "content": "350g",
    "walkRouteSequenceNumber": 16510,
    "price": {
      "basicPrice": 1.09,
      "recommendedQuantity": "1.0",
      "measurementUnitPrice": 3.12,
      "measurementUnit": "K",
      "isRedPrice": false,
      "pricePerUOM": 3.12,
      "activationDate": "20-03-2024",
      "recordSource": "Offline",
      "isPromoActive": "N",
      "priceChangeCode": "E"
    },
    "isAvailable": true,
    "isPriceAvailable": true,
    "inPromo": false,
    "gtin": [
      "05400141385816",
      "15400141385813",
      "05400141208993",
      "15400141208990"
    ],
    "topCategoryName": "Conserven",
    "topCategoryId": "188",
    "businessDomain": "RETAIL_BE",
    "IsPrivateLabel": true,
    "IsBiffe": false,
    "WeightconversionFactor": "0",
    "IsWeightArticle": false,
    "nutriscoreLabel": "A",
    "IsBio": true,
    "CountryOfOrigin": "NEDERLAND",
    "IsExclusivelySoldInLuxembourg": false,
    "OrderUnit": "P",
    "ShortName": "BONI BIO MOUS.Z.SUIK350",
    "IsNew": false,
    "EcoscoreLabel": "A",
    "RecentQuanityOfStockUnits": "1,12",
    "LongName": "BONI BIO mousseline z.toegev.suiker 350g",
    "FicCode": "I",
    "EcoscoreValue": "100"
  },
  {
    "productId": "13993",
    "technicalArticleNumber": "1603461",
    "commercialArticleNumber": "11495",
    "name": "zoete maïs",
    "description": "*Zoete maïskorrels\nvan biologische\nteelt",
    "brand": "BONI BIO",
    "seoBrand": "Boni Selection Bio",
    "thumbNail": "https://static.colruytgroup.com/images/200x200/std.lang.all/59/94/asset-3325994.jpg",
    "fullImage": "https://static.colruytgroup.com/images/500x500/std.lang.all/59/94/asset-3325994.jpg",
    "squareImage": "https://static.colruytgroup.com/images/500x500sq/std.lang.all/59/94/asset-3325994.jpg",
    "content": "340g",
    "walkRouteSequenceNumber": 16404,
    "price": {
      "basicPrice": 1.39,
      "recommendedQuantity": "1.0",
      "quantityPrice": 1.04,
      "quantityPriceQuantity": "2.0",
      "measurementUnitPrice": 6.05,
      "measurementUnitQuantityPrice": 4.53,
      "measurementUnit": "K",
      "isRedPrice": false,
      "pricePerUOM": 6.05,
      "activationDate": "20-03-2024",
      "recordSource": "Offline",
      "isPromoActive": "N",
      "priceChangeCode": "E",
      "quantityPricePerUOM": 4.53,
      "quantityActivationDate": "20-03-2024",
      "quantityPriceChangeCode": "E"
    },
    "isAvailable": true,
    "isPriceAvailable": true,
    "inPromo": false,
    "gtin": [
      "05400141114959",
      "05400141208122",
      "05400141324143",
      "05400141385823",
      "15400141324140"
    ],
    "topCategoryName": "Conserven",
    "topCategoryId": "188",
    "businessDomain": "RETAIL_BE",
    "IsPrivateLabel": true,
    "IsBiffe": false,
    "WeightconversionFactor": "0",
    "IsWeightArticle": false,
    "nutriscoreLabel": "A",
    "IsBio": true,
    "CountryOfOrigin": "BELGIË",
    "IsExclusivelySoldInLuxembourg": false,
    "OrderUnit": "P",
    "ShortName": "BONI BIO MAIS GL 340G",
    "InSeason": true,
    "IsNew": false,
    "EcoscoreLabel": "A",
    "RecentQuanityOfStockUnits": "1,12",
    "LongName": "BONI BIO zoete maïs 340g",
    "AlcoholVolume": "0",
    "StartSeasonDate": "04/04/2013",
    "FicCode": "I",
    "EcoscoreValue": "100"
  },
  {
    "productId": "702",
    "technicalArticleNumber": "12652",
    "commercialArticleNumber": "12652",
    "name": "Crunchy curry",
    "description": "*Kerriesoep\nmet croutons",
    "brand": "ROYCO",
    "seoBrand": "Royco Crunchy",
    "thumbNail": "https://static.colruytgroup.com/images/200x200/std.lang.all/36/77/asset-3353677.jpg",
    "fullImage": "https://static.colruytgroup.com/images/500x500/std.lang.all/36/77/asset-3353677.jpg",
    "squareImage": "https://static.colruytgroup.com/images/500x500sq/std.lang.all/36/77/asset-3353677.jpg",
    "content": "3st",
    "walkRouteSequenceNumber": 16967,
    "price": {
      "basicPrice": 1.89,
      "recommendedQuantity": "1.0",
      "measurementUnitPrice": 31.5,
      "measurementUnit": "K",
      "isRedPrice": false,
      "pricePerUOM": 31.5,
      "activationDate": "20-03-2024",
      "recordSource": "Offline",
      "isPromoActive": "N",
      "priceChangeCode": "H"
    },
    "isAvailable": true,
    "isPriceAvailable": true,
    "inPromo": true,
    "promotion": [
      {
        "techPromoId": "100866COLR",
        "promotionId": "100866",
        "promotionType": "3",
        "isPersonalized": "N",
        "publicationStartDate": "13-03-2024",
        "publicationEndDate": "26-03-2024"
      }
    ],
    "gtin": [
      "05410056187054",
      "05414972316833",
      "05414972705187"
    ],
    "topCategoryName": "Kruidenierswaren/Droge voeding",
    "topCategoryId": "233",
    "businessDomain": "RETAIL_BE",
    "IsPrivateLabel": false,
    "IsBiffe": false,
    "WeightconversionFactor": "0",
    "IsWeightArticle": false,
    "nutriscoreLabel": "C",
    "IsBio": false,
    "CountryOfOrigin": "NEDERLAND",
    "IsExclusivelySoldInLuxembourg": false,
    "OrderUnit": "P",
    "ShortName": "RMS CURRY CRUNCHY 3Z",
    "IsNew": false,
    "EcoscoreLabel": "B",
    "RecentQuanityOfStockUnits": "1,24",
    "LongName": "ROYCO Crunchy curry 3st",
    "AlcoholVolume": "0",
    "FicCode": "E",
    "EcoscoreValue": "76"
  },
  {
    "productId": "147033",
    "technicalArticleNumber": "3325136",
    "commercialArticleNumber": "32415",
    "name": "soep prei",
    "description": "* Preisoep\nKlassieker",
    "brand": "ROYCO",
    "seoBrand": "Royco",
    "thumbNail": "https://static.colruytgroup.com/images/200x200/std.lang.all/37/29/asset-3353729.jpg",
    "fullImage": "https://static.colruytgroup.com/images/500x500/std.lang.all/37/29/asset-3353729.jpg",
    "squareImage": "https://static.colruytgroup.com/images/500x500sq/std.lang.all/37/29/asset-3353729.jpg",
    "content": "4st",
    "walkRouteSequenceNumber": 16968,
    "price": {
      "basicPrice": 1.95,
      "recommendedQuantity": "1.0",
      "measurementUnitPrice": 29.55,
      "measurementUnit": "K",
      "isRedPrice": false,
      "pricePerUOM": 29.55,
      "activationDate": "20-03-2024",
      "recordSource": "Offline",
      "isPromoActive": "N",
      "priceChangeCode": "H"
    },
    "isAvailable": true,
    "isPriceAvailable": true,
    "inPromo": true,
    "promotion": [
      {
        "techPromoId": "100866COLR",
        "promotionId": "100866",
        "promotionType": "3",
        "isPersonalized": "N",
        "publicationStartDate": "13-03-2024",
        "publicationEndDate": "26-03-2024"
      }
    ],
    "gtin": [
      "05414972705125",
      "05410056786196",
      "05410056186194"
    ],
    "topCategoryName": "Kruidenierswaren/Droge voeding",
    "topCategoryId": "233",
    "businessDomain": "RETAIL_BE",
    "IsPrivateLabel": false,
    "IsBiffe": false,
    "WeightconversionFactor": "0",
    "IsWeightArticle": false,
    "nutriscoreLabel": "C",
    "IsBio": false,
    "CountryOfOrigin": "NEDERLAND",
    "IsExclusivelySoldInLuxembourg": false,
    "OrderUnit": "P",
    "ShortName": "RMS CLASSIC PREI 4 Z",
    "IsNew": false,
    "EcoscoreLabel": "B",
    "RecentQuanityOfStockUnits": "1,24",
    "LongName": "ROYCO soep prei 4st",
    "AlcoholVolume": "0",
    "FicCode": "E",
    "EcoscoreValue": "72"
  },
  {
    "productId": "803",
    "technicalArticleNumber": "13477",
    "commercialArticleNumber": "13477",
    "name": "uitjes in azijn",
    "description": "Op kaliber en kleur gesorteerde\nzilveruitjes. Eerste kwaliteit.\nKaliber 14/18. Uitgefermenteerd en\nopgelegd in een oplossing van azijn\nmet kruiden.",
    "brand": "DEVOS LEMMENS",
    "seoBrand": "Devos Lemmens",
    "thumbNail": "https://static.colruytgroup.com/images/200x200/std.lang.all/96/78/asset-609678.jpg",
    "fullImage": "https://static.colruytgroup.com/images/500x500/std.lang.all/96/78/asset-609678.jpg",
    "squareImage": "https://static.colruytgroup.com/images/500x500sq/std.lang.all/96/78/asset-609678.jpg",
    "content": "315g",
    "walkRouteSequenceNumber": 16357,
    "price": {
      "basicPrice": 1.49,
      "recommendedQuantity": "1.0",
      "measurementUnitPrice": 8.77,
      "measurementUnit": "K",
      "isRedPrice": false,
      "pricePerUOM": 8.77,
      "activationDate": "23-01-2024",
      "recordSource": "Offline",
      "isPromoActive": "N",
      "priceChangeCode": "E"
    },
    "isAvailable": true,
    "isPriceAvailable": true,
    "inPromo": false,
    "gtin": [
      "05414972111896",
      "05414972711898",
      "05410056010536",
      "05410056751606"
    ],
    "topCategoryName": "Kruidenierswaren/Droge voeding",
    "topCategoryId": "233",
    "businessDomain": "RETAIL_BE",
    "IsPrivateLabel": false,
    "IsBiffe": false,
    "WeightconversionFactor": "0",
    "IsWeightArticle": false,
    "nutriscoreLabel": "C",
    "IsBio": false,
    "CountryOfOrigin": "BELGIË",
    "IsExclusivelySoldInLuxembourg": false,
    "OrderUnit": "P",
    "ShortName": "DVL UITJES IN AZIJN 315",
    "IsNew": false,
    "EcoscoreLabel": "A",
    "RecentQuanityOfStockUnits": "1",
    "LongName": "DEVOS LEMMENS uitjes in azijn 315g",
    "AlcoholVolume": "0",
    "FicCode": "E",
    "EcoscoreValue": "91"
  },
  {
    "productId": "749",
    "technicalArticleNumber": "11630",
    "commercialArticleNumber": "11630",
    "name": "Parijse champign.schijf blik",
    "description": "*Parijse champignons\nin schijfjes",
    "brand": "BONI",
    "seoBrand": "Boni Selection",
    "thumbNail": "https://static.colruytgroup.com/images/200x200/std.lang.all/93/13/asset-2689313.jpg",
    "fullImage": "https://static.colruytgroup.com/images/500x500/std.lang.all/93/13/asset-2689313.jpg",
    "squareImage": "https://static.colruytgroup.com/images/500x500sq/std.lang.all/93/13/asset-2689313.jpg",
    "content": "195g",
    "walkRouteSequenceNumber": 16349,
    "price": {
      "basicPrice": 0.77,
      "recommendedQuantity": "1.0",
      "quantityPrice": 0.573,
      "quantityPriceQuantity": "3.0",
      "measurementUnitPrice": 6.7,
      "measurementUnitQuantityPrice": 4.99,
      "measurementUnit": "K",
      "isRedPrice": false,
      "pricePerUOM": 6.7,
      "activationDate": "20-03-2024",
      "isPromoActive": "N",
      "priceChangeCode": "H",
      "quantityPricePerUOM": 4.99,
      "quantityActivationDate": "20-03-2024",
      "quantityPriceChangeCode": "L"
    },
    "isAvailable": true,
    "isPriceAvailable": true,
    "inPromo": false,
    "gtin": [
      "15400141480907",
      "05400141480900",
      "05400141012316",
      "05400141216264",
      "05400141277920",
      "15400141216261",
      "15400141277927",
      "25400141277924",
      "25400141480904"
    ],
    "topCategoryName": "Conserven",
    "topCategoryId": "188",
    "businessDomain": "RETAIL_BE",
    "IsPrivateLabel": true,
    "IsBiffe": false,
    "WeightconversionFactor": "0",
    "IsWeightArticle": false,
    "nutriscoreLabel": "A",
    "IsBio": false,
    "CountryOfOrigin": "SPANJE",
    "IsExclusivelySoldInLuxembourg": false,
    "OrderUnit": "P",
    "ShortName": "BONI CHAMPSCHIJVEN195G",
    "IsNew": false,
    "RecentQuanityOfStockUnits": "1,12",
    "LongName": "BONI Parijse champign.schijf blik 195g",
    "AlcoholVolume": "0",
    "FicCode": "I"
  },
  {
    "productId": "734",
    "technicalArticleNumber": "11307",
    "commercialArticleNumber": "11307",
    "name": "erwten wortelen extr.fijn blik",
    "description": "*Mengeling van extra\nfijne doperwtjes en\nextra fijne jonge\nwortelen",
    "brand": "BONI",
    "seoBrand": "Boni Selection",
    "thumbNail": "https://static.colruytgroup.com/images/200x200/std.lang.all/31/84/asset-2503184.jpg",
    "fullImage": "https://static.colruytgroup.com/images/500x500/std.lang.all/31/84/asset-2503184.jpg",
    "squareImage": "https://static.colruytgroup.com/images/500x500sq/std.lang.all/31/84/asset-2503184.jpg",
    "content": "400g",
    "walkRouteSequenceNumber": 16392,
    "price": {
      "basicPrice": 0.742,
      "recommendedQuantity": "4.0",
      "measurementUnitPrice": 2.81,
      "measurementUnit": "K",
      "isRedPrice": false,
      "pricePerUOM": 2.81,
      "activationDate": "20-03-2024",
      "recordSource": "Folder",
      "isPromoActive": "N",
      "priceChangeCode": "L"
    },
    "isAvailable": true,
    "isPriceAvailable": true,
    "inPromo": false,
    "gtin": [
      "05400141974195",
      "15400141974192",
      "25400141974199",
      "05400141058376",
      "05400141076639",
      "05400141113075",
      "05400141278453",
      "05400141294347",
      "05400141413076",
      "15400141278450",
      "15400141298717",
      "25400141278457"
    ],
    "topCategoryName": "Conserven",
    "topCategoryId": "188",
    "businessDomain": "RETAIL_BE",
    "IsPrivateLabel": true,
    "IsBiffe": false,
    "WeightconversionFactor": "0",
    "IsWeightArticle": false,
    "nutriscoreLabel": "A",
    "IsBio": false,
    "CountryOfOrigin": "NEDERLAND",
    "IsExclusivelySoldInLuxembourg": false,
    "OrderUnit": "P",
    "ShortName": "BONI ERW.WORT.EF 400G",
    "IsNew": false,
    "EcoscoreLabel": "A",
    "RecentQuanityOfStockUnits": "4,1,12",
    "LongName": "BONI erwten wortelen extr.fijn blik 400g",
    "AlcoholVolume": "0",
    "FicCode": "I",
    "EcoscoreValue": "100"
  },
  {
    "productId": "668",
    "technicalArticleNumber": "10211",
    "commercialArticleNumber": "10211",
    "name": "ananas schijven op sap blik",
    "description": "*10 ananasschijven\nop sap",
    "brand": "BONI",
    "seoBrand": "Boni Selection",
    "thumbNail": "https://static.colruytgroup.com/images/200x200/std.lang.all/24/21/asset-2022421.jpg",
    "fullImage": "https://static.colruytgroup.com/images/500x500/std.lang.all/24/21/asset-2022421.jpg",
    "squareImage": "https://static.colruytgroup.com/images/500x500sq/std.lang.all/24/21/asset-2022421.jpg",
    "content": "567g",
    "walkRouteSequenceNumber": 16520,
    "price": {
      "basicPrice": 1.39,
      "recommendedQuantity": "3.0",
      "measurementUnitPrice": 4.09,
      "measurementUnit": "K",
      "isRedPrice": false,
      "pricePerUOM": 4.09,
      "activationDate": "08-02-2024",
      "recordSource": "Offline",
      "isPromoActive": "N",
      "priceChangeCode": "H"
    },
    "isAvailable": true,
    "isPriceAvailable": true,
    "inPromo": false,
    "gtin": [
      "25400141282690",
      "25400141286377",
      "05400141286373",
      "15400141128618",
      "15400141165712",
      "15400141282693",
      "15400141286370",
      "00000025102116",
      "05400141019469",
      "05400141073843",
      "05400141074826",
      "05400141128611",
      "05400141165715",
      "05400141168181",
      "05400141208733",
      "05400141282696",
      "15400141561149",
      "05400141561142"
    ],
    "topCategoryName": "Conserven",
    "topCategoryId": "188",
    "businessDomain": "RETAIL_BE",
    "IsPrivateLabel": true,
    "IsBiffe": false,
    "WeightconversionFactor": "0",
    "IsWeightArticle": false,
    "nutriscoreLabel": "A",
    "IsBio": false,
    "CountryOfOrigin": "INDONESIË",
    "IsExclusivelySoldInLuxembourg": false,
    "OrderUnit": "P",
    "ShortName": "BONI ANAN SCH SAP 567G",
    "IsNew": false,
    "EcoscoreLabel": "A",
    "RecentQuanityOfStockUnits": "1,3,3,12,1,1",
    "LongName": "BONI ananas schijven op sap blik 567g",
    "AlcoholVolume": "0",
    "FicCode": "I",
    "EcoscoreValue": "85"
  },
  {
    "productId": "41085",
    "technicalArticleNumber": "2434511",
    "commercialArticleNumber": "19536",
    "name": "tomatenstukjes basil.ui",
    "description": "*Biologische\ntomatenstukjes met\nbasilicum en ui",
    "brand": "BONI BIO",
    "seoBrand": "Boni Selection Bio",
    "thumbNail": "https://static.colruytgroup.com/images/200x200/nl_be/19/76/asset-3331976.jpg",
    "fullImage": "https://static.colruytgroup.com/images/500x500/nl_be/19/76/asset-3331976.jpg",
    "squareImage": "https://static.colruytgroup.com/images/500x500sq/nl_be/19/76/asset-3331976.jpg",
    "content": "500g",
    "walkRouteSequenceNumber": 8513,
    "price": {
      "basicPrice": 1.79,
      "recommendedQuantity": "1.0",
      "measurementUnitPrice": 3.58,
      "measurementUnit": "K",
      "isRedPrice": false,
      "pricePerUOM": 3.58,
      "activationDate": "20-03-2024",
      "recordSource": "Offline",
      "isPromoActive": "N",
      "priceChangeCode": "H"
    },
    "isAvailable": true,
    "isPriceAvailable": true,
    "inPromo": false,
    "gtin": [
      "15400141252412",
      "05400141208092",
      "05400141252415",
      "05400141397161",
      "15400141397168",
      "15400141871668"
    ],
    "topCategoryName": "Conserven",
    "topCategoryId": "188",
    "businessDomain": "RETAIL_BE",
    "IsPrivateLabel": true,
    "IsBiffe": false,
    "WeightconversionFactor": "0",
    "IsWeightArticle": false,
    "nutriscoreLabel": "A",
    "IsBio": true,
    "CountryOfOrigin": "ITALIË",
    "IsExclusivelySoldInLuxembourg": false,
    "OrderUnit": "P",
    "ShortName": "BONI BIO TOM.BASIL 500G",
    "IsNew": false,
    "EcoscoreLabel": "A",
    "RecentQuanityOfStockUnits": "1,12",
    "LongName": "BONI BIO tomatenstukjes basil.ui 500g",
    "AlcoholVolume": "0",
    "FicCode": "I",
    "EcoscoreValue": "100"
  },
  {
    "productId": "654143",
    "technicalArticleNumber": "4353556",
    "commercialArticleNumber": "1273",
    "name": "mammoet olijven look en chili",
    "brand": "BONI",
    "seoBrand": "Boni Selection",
    "thumbNail": "https://static.colruytgroup.com/images/200x200/std.lang.all/87/06/asset-2738706.jpg",
    "fullImage": "https://static.colruytgroup.com/images/500x500/std.lang.all/87/06/asset-2738706.jpg",
    "squareImage": "https://static.colruytgroup.com/images/500x500sq/std.lang.all/87/06/asset-2738706.jpg",
    "content": "150g",
    "walkRouteSequenceNumber": 7680,
    "price": {
      "basicPrice": 2.89,
      "recommendedQuantity": "1.0",
      "quantityPrice": 2.66,
      "quantityPriceQuantity": "3.0",
      "measurementUnitPrice": 19.27,
      "measurementUnitQuantityPrice": 17.74,
      "measurementUnit": "K",
      "isRedPrice": false,
      "pricePerUOM": 19.27,
      "activationDate": "17-11-2023",
      "isPromoActive": "N",
      "priceChangeCode": "E",
      "quantityPricePerUOM": 17.74,
      "quantityActivationDate": "17-11-2023",
      "quantityPriceChangeCode": "E"
    },
    "isAvailable": true,
    "isPriceAvailable": true,
    "inPromo": false,
    "gtin": [
      "05400141927757",
      "15400141927754",
      "05400141740738",
      "05400141485158",
      "15400141485155",
      "15400141740735"
    ],
    "topCategoryName": "Chips/Borrelhapjes",
    "topCategoryId": "306",
    "businessDomain": "RETAIL_BE",
    "IsPrivateLabel": true,
    "IsBiffe": false,
    "WeightconversionFactor": "0",
    "IsWeightArticle": false,
    "nutriscoreLabel": "C",
    "IsBio": false,
    "CountryOfOrigin": "BELGIË",
    "IsExclusivelySoldInLuxembourg": false,
    "OrderUnit": "P",
    "ShortName": "BONI OLIJF LO.CHIL.150G",
    "IsNew": false,
    "EcoscoreLabel": "B",
    "RecentQuanityOfStockUnits": "1",
    "LongName": "BONI mammoet olijven look en chili 150g",
    "FicCode": "I",
    "EcoscoreValue": "75"
  },
  {
    "productId": "12888",
    "technicalArticleNumber": "1338373",
    "commercialArticleNumber": "12189",
    "name": "kip brik",
    "description": "*Kippensoep",
    "brand": "LIEBIG DÉLISOUP",
    "seoBrand": "Liebig Délisoup",
    "thumbNail": "https://static.colruytgroup.com/images/200x200/nl_be/35/75/asset-3353575.jpg",
    "fullImage": "https://static.colruytgroup.com/images/500x500/nl_be/35/75/asset-3353575.jpg",
    "squareImage": "https://static.colruytgroup.com/images/500x500sq/nl_be/35/75/asset-3353575.jpg",
    "content": "1L",
    "walkRouteSequenceNumber": 16938,
    "price": {
      "basicPrice": 3.19,
      "recommendedQuantity": "2.0",
      "measurementUnitPrice": 3.19,
      "measurementUnit": "L",
      "isRedPrice": false,
      "pricePerUOM": 3.19,
      "activationDate": "13-03-2024",
      "recordSource": "Offline",
      "isPromoActive": "N",
      "priceChangeCode": "H"
    },
    "isAvailable": true,
    "isPriceAvailable": true,
    "inPromo": false,
    "gtin": [
      "05410056184169",
      "05414972726601",
      "05414972705712",
      "05414972205717"
    ],
    "topCategoryName": "Kruidenierswaren/Droge voeding",
    "topCategoryId": "233",
    "businessDomain": "RETAIL_BE",
    "IsPrivateLabel": false,
    "IsBiffe": false,
    "WeightconversionFactor": "0",
    "IsWeightArticle": false,
    "nutriscoreLabel": "C",
    "IsBio": false,
    "CountryOfOrigin": "FRANKRIJK",
    "IsExclusivelySoldInLuxembourg": false,
    "OrderUnit": "P",
    "ShortName": "LIEBIG DELISOUP KIP 1L",
    "IsNew": false,
    "EcoscoreLabel": "D",
    "RecentQuanityOfStockUnits": "1,2,8",
    "LongName": "LIEBIG DÉLISOUP kip brik 1L",
    "AlcoholVolume": "0",
    "FicCode": "E",
    "EcoscoreValue": "32"
  },
  {
    "productId": "184850",
    "technicalArticleNumber": "3466890",
    "commercialArticleNumber": "50371",
    "name": "appelcompote stukjes",
    "description": "*Appelmoes met\nstukjes appel\n*Zoet",
    "brand": "BONI",
    "seoBrand": "Boni Selection",
    "thumbNail": "https://static.colruytgroup.com/images/200x200/std.lang.all/77/14/asset-947714.jpg",
    "fullImage": "https://static.colruytgroup.com/images/500x500/std.lang.all/77/14/asset-947714.jpg",
    "squareImage": "https://static.colruytgroup.com/images/500x500sq/std.lang.all/77/14/asset-947714.jpg",
    "content": "200g",
    "walkRouteSequenceNumber": 16591,
    "price": {
      "basicPrice": 0.65,
      "recommendedQuantity": "1.0",
      "measurementUnitPrice": 3.25,
      "measurementUnit": "K",
      "isRedPrice": false,
      "pricePerUOM": 3.25,
      "activationDate": "27-12-2023",
      "isPromoActive": "N",
      "priceChangeCode": "E"
    },
    "isAvailable": true,
    "isPriceAvailable": true,
    "inPromo": false,
    "gtin": [
      "05400141221176",
      "05400141228854",
      "05400141382389",
      "15400141228851"
    ],
    "topCategoryName": "Conserven",
    "topCategoryId": "188",
    "businessDomain": "RETAIL_BE",
    "IsPrivateLabel": true,
    "IsBiffe": false,
    "WeightconversionFactor": "0",
    "IsWeightArticle": false,
    "nutriscoreLabel": "A",
    "IsBio": false,
    "CountryOfOrigin": "BELGIË",
    "IsExclusivelySoldInLuxembourg": false,
    "OrderUnit": "P",
    "ShortName": "BONI APPELCOMP STUK 200",
    "IsNew": false,
    "EcoscoreLabel": "A",
    "RecentQuanityOfStockUnits": "3,1",
    "LongName": "BONI appelcompote stukjes 200g",
    "AlcoholVolume": "0",
    "FicCode": "I",
    "EcoscoreValue": "89"
  },
  {
    "productId": "81270",
    "technicalArticleNumber": "2959092",
    "commercialArticleNumber": "2640",
    "name": "rode biet schijven",
    "description": "*Rode biet in\nschijven",
    "brand": "BONI",
    "seoBrand": "Boni Selection",
    "thumbNail": "https://static.colruytgroup.com/images/200x200/std.lang.all/85/68/asset-3328568.jpg",
    "fullImage": "https://static.colruytgroup.com/images/500x500/std.lang.all/85/68/asset-3328568.jpg",
    "squareImage": "https://static.colruytgroup.com/images/500x500sq/std.lang.all/85/68/asset-3328568.jpg",
    "content": "340g",
    "walkRouteSequenceNumber": 16375,
    "price": {
      "basicPrice": 0.85,
      "recommendedQuantity": "1.0",
      "measurementUnitPrice": 4.36,
      "measurementUnit": "K",
      "isRedPrice": false,
      "pricePerUOM": 4.36,
      "activationDate": "11-03-2024",
      "recordSource": "Offline",
      "isPromoActive": "N",
      "priceChangeCode": "E"
    },
    "isAvailable": true,
    "isPriceAvailable": true,
    "inPromo": false,
    "gtin": [
      "05400141277685",
      "05400141172164",
      "05400141430370",
      "15400141796459",
      "15400141430377",
      "15400141277682",
      "05400141796452"
    ],
    "topCategoryName": "Conserven",
    "topCategoryId": "188",
    "businessDomain": "RETAIL_BE",
    "IsPrivateLabel": true,
    "IsBiffe": false,
    "WeightconversionFactor": "0",
    "IsWeightArticle": false,
    "nutriscoreLabel": "A",
    "IsBio": false,
    "CountryOfOrigin": "BELGIË",
    "IsExclusivelySoldInLuxembourg": false,
    "OrderUnit": "P",
    "ShortName": "BONI RODE BIETEN 340G",
    "InSeason": true,
    "IsNew": false,
    "EcoscoreLabel": "A",
    "RecentQuanityOfStockUnits": "12,1",
    "LongName": "BONI rode biet schijven 340g",
    "AlcoholVolume": "0",
    "StartSeasonDate": "17/02/2014",
    "FicCode": "I",
    "EcoscoreValue": "92"
  },
  {
    "productId": "101841",
    "technicalArticleNumber": "3104163",
    "commercialArticleNumber": "43694",
    "name": "soep tomaten",
    "description": "*Klassieke\ntomatensoep",
    "brand": "ROYCO",
    "seoBrand": "Royco",
    "thumbNail": "https://static.colruytgroup.com/images/200x200/std.lang.all/37/26/asset-3353726.jpg",
    "fullImage": "https://static.colruytgroup.com/images/500x500/std.lang.all/37/26/asset-3353726.jpg",
    "squareImage": "https://static.colruytgroup.com/images/500x500sq/std.lang.all/37/26/asset-3353726.jpg",
    "content": "4st",
    "walkRouteSequenceNumber": 16966,
    "price": {
      "basicPrice": 1.89,
      "recommendedQuantity": "1.0",
      "measurementUnitPrice": 27.8,
      "measurementUnit": "K",
      "isRedPrice": false,
      "pricePerUOM": 27.8,
      "activationDate": "20-03-2024",
      "recordSource": "Offline",
      "isPromoActive": "N",
      "priceChangeCode": "H"
    },
    "isAvailable": true,
    "isPriceAvailable": true,
    "inPromo": true,
    "promotion": [
      {
        "techPromoId": "100866COLR",
        "promotionId": "100866",
        "promotionType": "3",
        "isPersonalized": "N",
        "publicationStartDate": "13-03-2024",
        "publicationEndDate": "26-03-2024"
      }
    ],
    "gtin": [
      "05414972705095",
      "05410056186149"
    ],
    "topCategoryName": "Kruidenierswaren/Droge voeding",
    "topCategoryId": "233",
    "businessDomain": "RETAIL_BE",
    "IsPrivateLabel": false,
    "IsBiffe": false,
    "WeightconversionFactor": "0",
    "IsWeightArticle": false,
    "nutriscoreLabel": "C",
    "IsBio": false,
    "CountryOfOrigin": "NEDERLAND",
    "IsExclusivelySoldInLuxembourg": false,
    "OrderUnit": "P",
    "ShortName": "RMS CLASSIC TOMAAT 4Z",
    "IsNew": false,
    "EcoscoreLabel": "B",
    "RecentQuanityOfStockUnits": "1,24",
    "LongName": "ROYCO soep tomaten 4st",
    "AlcoholVolume": "0",
    "FicCode": "E",
    "EcoscoreValue": "77"
  },
  {
    "productId": "154273",
    "technicalArticleNumber": "3255076",
    "commercialArticleNumber": "34835",
    "name": "tomaten tapenade",
    "description": "*Tomenade op basis\nvan gedroogde tomaat",
    "brand": "BONI",
    "seoBrand": "Boni Selection",
    "thumbNail": "https://static.colruytgroup.com/images/200x200/std.lang.all/09/11/asset-2210911.jpg",
    "fullImage": "https://static.colruytgroup.com/images/500x500/std.lang.all/09/11/asset-2210911.jpg",
    "squareImage": "https://static.colruytgroup.com/images/500x500sq/std.lang.all/09/11/asset-2210911.jpg",
    "content": "150g",
    "walkRouteSequenceNumber": 6777,
    "price": {
      "basicPrice": 3.29,
      "recommendedQuantity": "1.0",
      "quantityPrice": 3.03,
      "quantityPriceQuantity": "3.0",
      "measurementUnitPrice": 21.94,
      "measurementUnitQuantityPrice": 20.2,
      "measurementUnit": "K",
      "isRedPrice": false,
      "pricePerUOM": 21.94,
      "activationDate": "17-11-2023",
      "isPromoActive": "N",
      "priceChangeCode": "E",
      "quantityPricePerUOM": 20.2,
      "quantityActivationDate": "17-11-2023",
      "quantityPriceChangeCode": "E"
    },
    "isAvailable": true,
    "isPriceAvailable": true,
    "inPromo": false,
    "gtin": [
      "15400141354451",
      "15400141216933",
      "15400141195641",
      "05400141354454",
      "05400141268829",
      "05400141216936",
      "05400141195644"
    ],
    "topCategoryName": "Chips/Borrelhapjes",
    "topCategoryId": "306",
    "businessDomain": "RETAIL_BE",
    "IsPrivateLabel": true,
    "IsBiffe": false,
    "WeightconversionFactor": "0",
    "IsWeightArticle": false,
    "nutriscoreLabel": "D",
    "IsBio": false,
    "CountryOfOrigin": "FRANKRIJK",
    "IsExclusivelySoldInLuxembourg": false,
    "OrderUnit": "P",
    "ShortName": "BONI TOMANADE 150GR",
    "IsNew": false,
    "EcoscoreLabel": "C",
    "RecentQuanityOfStockUnits": "1",
    "LongName": "BONI tomaten tapenade 150g",
    "FicCode": "I",
    "EcoscoreValue": "58"
  },
  {
    "productId": "789760",
    "technicalArticleNumber": "4595523",
    "commercialArticleNumber": "29424",
    "name": "halfgedroogde kerstomaten",
    "description": "*Bereiding op basis\nvan tomaten",
    "brand": "BONI",
    "seoBrand": "Boni Selection",
    "thumbNail": "https://static.colruytgroup.com/images/200x200/std.lang.all/25/81/asset-2822581.jpg",
    "fullImage": "https://static.colruytgroup.com/images/500x500/std.lang.all/25/81/asset-2822581.jpg",
    "squareImage": "https://static.colruytgroup.com/images/500x500sq/std.lang.all/25/81/asset-2822581.jpg",
    "content": "200g",
    "walkRouteSequenceNumber": 7665,
    "price": {
      "basicPrice": 3.79,
      "recommendedQuantity": "1.0",
      "quantityPrice": 3.49,
      "quantityPriceQuantity": "3.0",
      "measurementUnitPrice": 18.95,
      "measurementUnitQuantityPrice": 17.45,
      "measurementUnit": "K",
      "isRedPrice": false,
      "pricePerUOM": 18.95,
      "activationDate": "17-11-2023",
      "isPromoActive": "N",
      "priceChangeCode": "E",
      "quantityPricePerUOM": 17.45,
      "quantityActivationDate": "17-11-2023",
      "quantityPriceChangeCode": "E"
    },
    "isAvailable": true,
    "isPriceAvailable": true,
    "inPromo": false,
    "gtin": [
      "15400141910923",
      "05400141910926"
    ],
    "topCategoryName": "Chips/Borrelhapjes",
    "topCategoryId": "306",
    "businessDomain": "RETAIL_BE",
    "IsPrivateLabel": true,
    "IsBiffe": false,
    "WeightconversionFactor": "0",
    "IsWeightArticle": false,
    "nutriscoreLabel": "C",
    "IsBio": false,
    "CountryOfOrigin": "FRANKRIJK",
    "IsExclusivelySoldInLuxembourg": false,
    "OrderUnit": "P",
    "ShortName": "BONI HALFG.KERSTOM.200G",
    "IsNew": false,
    "EcoscoreLabel": "E",
    "RecentQuanityOfStockUnits": "1,12",
    "LongName": "BONI halfgedroogde kerstomaten 200g",
    "FicCode": "I",
    "EcoscoreValue": "0"
  },
  {
    "productId": "11643",
    "technicalArticleNumber": "1375142",
    "commercialArticleNumber": "12604",
    "name": "soep st germain",
    "description": "*St. Germainsoep met\nCroutons",
    "brand": "ROYCO CRUNCHY",
    "seoBrand": "Royco Crunchy",
    "thumbNail": "https://static.colruytgroup.com/images/200x200/std.lang.all/37/24/asset-3353724.jpg",
    "fullImage": "https://static.colruytgroup.com/images/500x500/std.lang.all/37/24/asset-3353724.jpg",
    "squareImage": "https://static.colruytgroup.com/images/500x500sq/std.lang.all/37/24/asset-3353724.jpg",
    "content": "3st",
    "walkRouteSequenceNumber": 16964,
    "price": {
      "basicPrice": 1.49,
      "recommendedQuantity": "2.0",
      "measurementUnitPrice": 20.42,
      "measurementUnit": "K",
      "isRedPrice": false,
      "pricePerUOM": 20.42,
      "activationDate": "20-03-2024",
      "isPromoActive": "Y",
      "priceChangeCode": "H"
    },
    "isAvailable": true,
    "isPriceAvailable": true,
    "inPromo": true,
    "promotion": [
      {
        "techPromoId": "100866COLR",
        "promotionId": "100866",
        "promotionType": "3",
        "isPersonalized": "N",
        "publicationStartDate": "13-03-2024",
        "publicationEndDate": "26-03-2024"
      }
    ],
    "gtin": [
      "05410056186705",
      "05400141126044",
      "05414972705163",
      "05410056186767"
    ],
    "topCategoryName": "Kruidenierswaren/Droge voeding",
    "topCategoryId": "233",
    "businessDomain": "RETAIL_BE",
    "IsPrivateLabel": false,
    "IsBiffe": false,
    "WeightconversionFactor": "0",
    "IsWeightArticle": false,
    "nutriscoreLabel": "C",
    "IsBio": false,
    "CountryOfOrigin": "NEDERLAND",
    "IsExclusivelySoldInLuxembourg": false,
    "OrderUnit": "P",
    "ShortName": "RMS.CRUNCHY GERMAIN 3Z",
    "IsNew": false,
    "EcoscoreLabel": "D",
    "RecentQuanityOfStockUnits": "1,2,24",
    "LongName": "ROYCO CRUNCHY soep st germain 3st",
    "AlcoholVolume": "0",
    "FicCode": "E",
    "EcoscoreValue": "32"
  },
  {
    "productId": "697073",
    "technicalArticleNumber": "4427202",
    "commercialArticleNumber": "26099",
    "name": "Tzatziki",
    "description": "*Dip op basis van\nyoghurt en komkommer",
    "brand": "BONI",
    "seoBrand": "Boni Selection",
    "thumbNail": "https://static.colruytgroup.com/images/200x200/std.lang.all/69/00/asset-2706900.jpg",
    "fullImage": "https://static.colruytgroup.com/images/500x500/std.lang.all/69/00/asset-2706900.jpg",
    "squareImage": "https://static.colruytgroup.com/images/500x500sq/std.lang.all/69/00/asset-2706900.jpg",
    "content": "175g",
    "walkRouteSequenceNumber": 6714,
    "price": {
      "basicPrice": 1.59,
      "recommendedQuantity": "1.0",
      "measurementUnitPrice": 9.09,
      "measurementUnit": "K",
      "isRedPrice": false,
      "pricePerUOM": 9.09,
      "activationDate": "07-03-2024",
      "recordSource": "Offline",
      "isPromoActive": "N",
      "priceChangeCode": "E"
    },
    "isAvailable": true,
    "isPriceAvailable": true,
    "inPromo": false,
    "gtin": [
      "05400141915785",
      "35400141915786"
    ],
    "topCategoryName": "Chips/Borrelhapjes",
    "topCategoryId": "306",
    "businessDomain": "RETAIL_BE",
    "IsPrivateLabel": true,
    "IsBiffe": false,
    "WeightconversionFactor": "0",
    "IsWeightArticle": false,
    "nutriscoreLabel": "B",
    "IsBio": false,
    "CountryOfOrigin": "BELGIË",
    "IsExclusivelySoldInLuxembourg": false,
    "OrderUnit": "P",
    "ShortName": "BONI TZATZIKI 175G",
    "IsNew": false,
    "EcoscoreLabel": "B",
    "RecentQuanityOfStockUnits": "1",
    "LongName": "BONI Tzatziki 175g",
    "FicCode": "I",
    "EcoscoreValue": "70"
  },
  {
    "productId": "11556",
    "technicalArticleNumber": "1388474",
    "commercialArticleNumber": "9823",
    "name": "ansjovisreepjes olijfolie",
    "description": "*Ansjovisfilet in\nolijfolie",
    "brand": "IMPERIAL",
    "seoBrand": "Imperial",
    "thumbNail": "https://static.colruytgroup.com/images/200x200/std.lang.all/02/06/asset-890206.jpg",
    "fullImage": "https://static.colruytgroup.com/images/500x500/std.lang.all/02/06/asset-890206.jpg",
    "squareImage": "https://static.colruytgroup.com/images/500x500sq/std.lang.all/02/06/asset-890206.jpg",
    "content": "50g",
    "walkRouteSequenceNumber": 16681,
    "price": {
      "basicPrice": 3.49,
      "recommendedQuantity": "1.0",
      "measurementUnitPrice": 69.8,
      "measurementUnit": "K",
      "isRedPrice": false,
      "pricePerUOM": 69.8,
      "activationDate": "08-03-2024",
      "recordSource": "Offline",
      "isPromoActive": "N",
      "priceChangeCode": "H"
    },
    "isAvailable": true,
    "isPriceAvailable": true,
    "inPromo": false,
    "gtin": [
      "15410363710034",
      "05410363000039"
    ],
    "topCategoryName": "Conserven",
    "topCategoryId": "188",
    "businessDomain": "RETAIL_BE",
    "IsPrivateLabel": false,
    "IsBiffe": false,
    "WeightconversionFactor": "0",
    "IsWeightArticle": false,
    "nutriscoreLabel": "E",
    "IsBio": false,
    "CountryOfOrigin": "MAROKKO",
    "IsExclusivelySoldInLuxembourg": false,
    "OrderUnit": "P",
    "ShortName": "IMP.ANSJOV FIL OL. 50G",
    "InSeason": true,
    "IsNew": false,
    "EcoscoreLabel": "B",
    "RecentQuanityOfStockUnits": "1",
    "LongName": "IMPERIAL ansjovisreepjes olijfolie 50g",
    "AlcoholVolume": "0",
    "StartSeasonDate": "14/12/2017",
    "FicCode": "E",
    "EcoscoreValue": "64"
  },
  {
    "productId": "796",
    "technicalArticleNumber": "13456",
    "commercialArticleNumber": "13456",
    "name": "zilveruitjes op azijn",
    "description": "Extra fijne zilveruitjes. Lekker bij\nhet aperitief, in vleesgerechten en\nstoofschotels, salades, met filet\naméricain enz.",
    "brand": "BONI",
    "seoBrand": "Boni Selection",
    "thumbNail": "https://static.colruytgroup.com/images/200x200/std.lang.all/83/68/asset-3028368.jpg",
    "fullImage": "https://static.colruytgroup.com/images/500x500/std.lang.all/83/68/asset-3028368.jpg",
    "squareImage": "https://static.colruytgroup.com/images/500x500sq/std.lang.all/83/68/asset-3028368.jpg",
    "content": "320g",
    "walkRouteSequenceNumber": 16356,
    "price": {
      "basicPrice": 0.99,
      "recommendedQuantity": "1.0",
      "measurementUnitPrice": 5.22,
      "measurementUnit": "K",
      "isRedPrice": false,
      "pricePerUOM": 5.22,
      "activationDate": "26-12-2023",
      "recordSource": "Offline",
      "isPromoActive": "N",
      "priceChangeCode": "E"
    },
    "isAvailable": true,
    "isPriceAvailable": true,
    "inPromo": false,
    "gtin": [
      "05400141299663",
      "05400141345681",
      "05400141427196",
      "15400141333562",
      "15400141781769",
      "05400141333565",
      "05400141168877"
    ],
    "topCategoryName": "Kruidenierswaren/Droge voeding",
    "topCategoryId": "233",
    "businessDomain": "RETAIL_BE",
    "IsPrivateLabel": true,
    "IsBiffe": false,
    "WeightconversionFactor": "0",
    "IsWeightArticle": false,
    "nutriscoreLabel": "A",
    "IsBio": false,
    "CountryOfOrigin": "BELGIË",
    "IsExclusivelySoldInLuxembourg": false,
    "OrderUnit": "P",
    "ShortName": "BONI EXT FYN AJUIN 320G",
    "InSeason": true,
    "IsNew": false,
    "EcoscoreLabel": "A",
    "RecentQuanityOfStockUnits": "1",
    "LongName": "BONI zilveruitjes op azijn 320g",
    "AlcoholVolume": "0",
    "StartSeasonDate": "29/10/2007",
    "FicCode": "I",
    "EcoscoreValue": "100"
  },
  {
    "productId": "135428",
    "technicalArticleNumber": "3202438",
    "commercialArticleNumber": "18879",
    "name": "halve perziken op sap blik",
    "description": "*Halve perziken op\nsap",
    "brand": "BONI",
    "seoBrand": "Boni Selection",
    "thumbNail": "https://static.colruytgroup.com/images/200x200/std.lang.all/09/85/asset-2140985.jpg",
    "fullImage": "https://static.colruytgroup.com/images/500x500/std.lang.all/09/85/asset-2140985.jpg",
    "squareImage": "https://static.colruytgroup.com/images/500x500sq/std.lang.all/09/85/asset-2140985.jpg",
    "content": "240g",
    "walkRouteSequenceNumber": 16618,
    "price": {
      "basicPrice": 1.39,
      "recommendedQuantity": "3.0",
      "measurementUnitPrice": 5.8,
      "measurementUnit": "K",
      "isRedPrice": false,
      "pricePerUOM": 5.8,
      "activationDate": "29-12-2023",
      "isPromoActive": "N",
      "priceChangeCode": "H"
    },
    "isAvailable": true,
    "isPriceAvailable": true,
    "inPromo": false,
    "gtin": [
      "25400141582790",
      "05400141582796",
      "15400141582793",
      "05400141170849",
      "05400141335798",
      "05400141405354",
      "15400141282129",
      "15400141335795",
      "15400141908470",
      "05400141173901",
      "05400141282122",
      "05400141129465"
    ],
    "topCategoryName": "Conserven",
    "topCategoryId": "188",
    "businessDomain": "RETAIL_BE",
    "IsPrivateLabel": true,
    "IsBiffe": false,
    "WeightconversionFactor": "0",
    "IsWeightArticle": false,
    "nutriscoreLabel": "A",
    "IsBio": false,
    "CountryOfOrigin": "GRIEKENLAND",
    "IsExclusivelySoldInLuxembourg": false,
    "OrderUnit": "P",
    "ShortName": "BONI H.PERZ.SAP 410/240",
    "IsNew": false,
    "EcoscoreLabel": "A",
    "RecentQuanityOfStockUnits": "12,3,1,3,1,12,1",
    "LongName": "BONI halve perziken op sap blik 240g",
    "AlcoholVolume": "0",
    "FicCode": "I",
    "EcoscoreValue": "81"
  },
  {
    "productId": "138652",
    "technicalArticleNumber": "3202574",
    "commercialArticleNumber": "34376",
    "name": "groene tapenade",
    "description": "*Tapenade op basis\nvan groene olijven,\nkappers",
    "brand": "BONI",
    "seoBrand": "Boni Selection",
    "thumbNail": "https://static.colruytgroup.com/images/200x200/std.lang.all/16/08/asset-2741608.jpg",
    "fullImage": "https://static.colruytgroup.com/images/500x500/std.lang.all/16/08/asset-2741608.jpg",
    "squareImage": "https://static.colruytgroup.com/images/500x500sq/std.lang.all/16/08/asset-2741608.jpg",
    "content": "150g",
    "walkRouteSequenceNumber": 6781,
    "price": {
      "basicPrice": 1.99,
      "recommendedQuantity": "1.0",
      "quantityPrice": 1.83,
      "quantityPriceQuantity": "3.0",
      "measurementUnitPrice": 13.27,
      "measurementUnitQuantityPrice": 12.2,
      "measurementUnit": "K",
      "isRedPrice": false,
      "pricePerUOM": 13.27,
      "activationDate": "23-03-2024",
      "recordSource": "Offline",
      "isPromoActive": "N",
      "priceChangeCode": "H",
      "quantityPricePerUOM": 12.2,
      "quantityActivationDate": "23-03-2024",
      "quantityPriceChangeCode": "H"
    },
    "isAvailable": true,
    "isPriceAvailable": true,
    "inPromo": false,
    "gtin": [
      "05400141209853",
      "05400141205299",
      "15400141971924",
      "05400141927542"
    ],
    "topCategoryName": "Chips/Borrelhapjes",
    "topCategoryId": "306",
    "businessDomain": "RETAIL_BE",
    "IsPrivateLabel": true,
    "IsBiffe": false,
    "WeightconversionFactor": "0",
    "IsWeightArticle": false,
    "nutriscoreLabel": "D",
    "IsBio": false,
    "CountryOfOrigin": "BELGIË",
    "IsExclusivelySoldInLuxembourg": false,
    "OrderUnit": "P",
    "ShortName": "B GROENE TAPENADE 150G",
    "IsNew": false,
    "EcoscoreLabel": "C",
    "RecentQuanityOfStockUnits": "1",
    "LongName": "BONI groene tapenade 150g",
    "FicCode": "I",
    "EcoscoreValue": "58"
  },
  {
    "productId": "86517",
    "technicalArticleNumber": "2953012",
    "commercialArticleNumber": "25461",
    "name": "passata kerstomaten glas",
    "description": "*Kerstomatenpuree\nmet olie, knoflook,\nui en selder",
    "brand": "AGROMONTE",
    "seoBrand": "Agromonte",
    "thumbNail": "https://static.colruytgroup.com/images/200x200/std.lang.all/45/45/asset-2274545.jpg",
    "fullImage": "https://static.colruytgroup.com/images/500x500/std.lang.all/45/45/asset-2274545.jpg",
    "squareImage": "https://static.colruytgroup.com/images/500x500sq/std.lang.all/45/45/asset-2274545.jpg",
    "content": "360g",
    "walkRouteSequenceNumber": 8404,
    "price": {
      "basicPrice": 2.99,
      "recommendedQuantity": "1.0",
      "measurementUnitPrice": 8.31,
      "measurementUnit": "K",
      "isRedPrice": false,
      "pricePerUOM": 8.31,
      "activationDate": "13-12-2023",
      "isPromoActive": "N",
      "priceChangeCode": "E"
    },
    "isAvailable": true,
    "isPriceAvailable": true,
    "inPromo": false,
    "gtin": [
      "08032817240371",
      "08032817243945"
    ],
    "topCategoryName": "Conserven",
    "topCategoryId": "188",
    "businessDomain": "RETAIL_BE",
    "IsPrivateLabel": false,
    "IsBiffe": false,
    "WeightconversionFactor": "0",
    "IsWeightArticle": false,
    "nutriscoreLabel": "A",
    "IsBio": false,
    "CountryOfOrigin": "ITALIË",
    "IsExclusivelySoldInLuxembourg": false,
    "OrderUnit": "P",
    "ShortName": "AGRO GEZ.KERSTO.CI.360G",
    "IsNew": false,
    "EcoscoreLabel": "B",
    "RecentQuanityOfStockUnits": "12,1",
    "LongName": "AGROMONTE passata kerstomaten glas 360g",
    "AlcoholVolume": "0",
    "FicCode": "E",
    "EcoscoreValue": "77"
  },
  {
    "productId": "293546",
    "technicalArticleNumber": "3689793",
    "commercialArticleNumber": "34014",
    "name": "kerspaprika gevuld lactosevrij",
    "description": "*Gevuld met kaas\n*Lactosevrij",
    "brand": "BONI",
    "seoBrand": "Boni Selection",
    "thumbNail": "https://static.colruytgroup.com/images/200x200/std.lang.all/87/58/asset-2768758.jpg",
    "fullImage": "https://static.colruytgroup.com/images/500x500/std.lang.all/87/58/asset-2768758.jpg",
    "squareImage": "https://static.colruytgroup.com/images/500x500sq/std.lang.all/87/58/asset-2768758.jpg",
    "content": "150g",
    "walkRouteSequenceNumber": 7674,
    "price": {
      "basicPrice": 2.89,
      "recommendedQuantity": "1.0",
      "quantityPrice": 2.77,
      "quantityPriceQuantity": "3.0",
      "measurementUnitPrice": 19.27,
      "measurementUnitQuantityPrice": 18.47,
      "measurementUnit": "K",
      "isRedPrice": false,
      "pricePerUOM": 19.27,
      "activationDate": "17-11-2023",
      "isPromoActive": "N",
      "priceChangeCode": "E",
      "quantityPricePerUOM": 18.47,
      "quantityActivationDate": "17-11-2023",
      "quantityPriceChangeCode": "E"
    },
    "isAvailable": true,
    "isPriceAvailable": true,
    "inPromo": false,
    "gtin": [
      "15400141507123",
      "05400141507126",
      "15400141256007",
      "05400141256000",
      "05400141386462"
    ],
    "topCategoryName": "Chips/Borrelhapjes",
    "topCategoryId": "306",
    "businessDomain": "RETAIL_BE",
    "IsPrivateLabel": true,
    "IsBiffe": false,
    "WeightconversionFactor": "0",
    "IsWeightArticle": false,
    "nutriscoreLabel": "D",
    "IsBio": false,
    "CountryOfOrigin": "ZUID-AFRIKA",
    "IsExclusivelySoldInLuxembourg": false,
    "OrderUnit": "P",
    "ShortName": "BONI KERSPAPR.GEV.150G",
    "IsNew": false,
    "RecentQuanityOfStockUnits": "1",
    "LongName": "BONI kerspaprika gevuld lactosevrij 150g",
    "AlcoholVolume": "0",
    "FicCode": "I"
  },
  {
    "productId": "737",
    "technicalArticleNumber": "11314",
    "commercialArticleNumber": "11314",
    "name": "witte bonen blik",
    "description": "*Witte bonen\n*Extra groot",
    "brand": "BONI",
    "seoBrand": "Boni Selection",
    "thumbNail": "https://static.colruytgroup.com/images/200x200/std.lang.all/91/59/asset-3329159.jpg",
    "fullImage": "https://static.colruytgroup.com/images/500x500/std.lang.all/91/59/asset-3329159.jpg",
    "squareImage": "https://static.colruytgroup.com/images/500x500sq/std.lang.all/91/59/asset-3329159.jpg",
    "content": "400g",
    "walkRouteSequenceNumber": 16478,
    "price": {
      "basicPrice": 0.63,
      "recommendedQuantity": "4.0",
      "measurementUnitPrice": 2.63,
      "measurementUnit": "K",
      "isRedPrice": false,
      "pricePerUOM": 2.63,
      "activationDate": "20-03-2024",
      "recordSource": "Folder",
      "isPromoActive": "N",
      "priceChangeCode": "L"
    },
    "isAvailable": true,
    "isPriceAvailable": true,
    "inPromo": false,
    "gtin": [
      "00000025213140",
      "05400141076028",
      "05400141113143",
      "05400141128673",
      "05400141213140",
      "05400141216448",
      "05400141333695",
      "15400141278481",
      "25400141278488",
      "05400141278484",
      "15400141413141"
    ],
    "topCategoryName": "Conserven",
    "topCategoryId": "188",
    "businessDomain": "RETAIL_BE",
    "IsPrivateLabel": true,
    "IsBiffe": false,
    "WeightconversionFactor": "0",
    "IsWeightArticle": false,
    "nutriscoreLabel": "A",
    "IsBio": false,
    "CountryOfOrigin": "ARGENTINIË",
    "IsExclusivelySoldInLuxembourg": false,
    "OrderUnit": "P",
    "ShortName": "BONI WITTE BONEN400G",
    "IsNew": false,
    "EcoscoreLabel": "A",
    "RecentQuanityOfStockUnits": "1,4,12",
    "LongName": "BONI witte bonen blik 400g",
    "AlcoholVolume": "0",
    "FicCode": "I",
    "EcoscoreValue": "96"
  },
  {
    "productId": "571160",
    "technicalArticleNumber": "4216337",
    "commercialArticleNumber": "7536",
    "name": "Trio hummus papr-peterselie-basil.",
    "description": "*Paprika, peterselie\nbasilicum",
    "thumbNail": "https://static.colruytgroup.com/images/200x200/std.lang.all/47/97/asset-2084797.jpg",
    "fullImage": "https://static.colruytgroup.com/images/500x500/std.lang.all/47/97/asset-2084797.jpg",
    "squareImage": "https://static.colruytgroup.com/images/500x500sq/std.lang.all/47/97/asset-2084797.jpg",
    "content": "210g",
    "walkRouteSequenceNumber": 7759,
    "price": {
      "basicPrice": 1.99,
      "recommendedQuantity": "1.0",
      "quantityPrice": 1.91,
      "quantityPriceQuantity": "3.0",
      "measurementUnitPrice": 9.48,
      "measurementUnitQuantityPrice": 9.1,
      "measurementUnit": "K",
      "isRedPrice": false,
      "pricePerUOM": 9.48,
      "activationDate": "11-10-2023",
      "recordSource": "Offline",
      "isPromoActive": "N",
      "priceChangeCode": "H",
      "quantityPricePerUOM": 9.1,
      "quantityActivationDate": "11-10-2023",
      "quantityPriceChangeCode": "E"
    },
    "isAvailable": true,
    "isPriceAvailable": true,
    "inPromo": false,
    "gtin": [
      "05425020166553",
      "15425020166550"
    ],
    "topCategoryName": "Chips/Borrelhapjes",
    "topCategoryId": "306",
    "businessDomain": "RETAIL_BE",
    "IsPrivateLabel": false,
    "IsBiffe": false,
    "WeightconversionFactor": "0",
    "IsWeightArticle": false,
    "IsBio": false,
    "CountryOfOrigin": "BELGIË",
    "IsExclusivelySoldInLuxembourg": false,
    "OrderUnit": "P",
    "ShortName": "TRIO HUM.PA.PE..BAS210G",
    "IsNew": false,
    "RecentQuanityOfStockUnits": "1",
    "LongName": "Trio hummus papr-peterselie-basil. 210g",
    "FicCode": "E"
  },
  {
    "productId": "3006",
    "technicalArticleNumber": "1044160",
    "commercialArticleNumber": "12800",
    "name": "tomaten gepeld",
    "description": "*Biologische gepelde\ntomaten",
    "brand": "BONI BIO",
    "seoBrand": "Boni Selection Bio",
    "thumbNail": "https://static.colruytgroup.com/images/200x200/std.lang.all/85/84/asset-3028584.jpg",
    "fullImage": "https://static.colruytgroup.com/images/500x500/std.lang.all/85/84/asset-3028584.jpg",
    "squareImage": "https://static.colruytgroup.com/images/500x500sq/std.lang.all/85/84/asset-3028584.jpg",
    "content": "400g",
    "walkRouteSequenceNumber": 8517,
    "price": {
      "basicPrice": 0.89,
      "recommendedQuantity": "6.0",
      "measurementUnitPrice": 2.23,
      "measurementUnit": "K",
      "isRedPrice": false,
      "pricePerUOM": 2.23,
      "activationDate": "06-03-2024",
      "recordSource": "Offline",
      "isPromoActive": "N",
      "priceChangeCode": "E"
    },
    "isAvailable": true,
    "isPriceAvailable": true,
    "inPromo": false,
    "gtin": [
      "05400141850598",
      "15400141850595",
      "25400141850592",
      "05400141386561",
      "15400141386568",
      "05400141128000",
      "05400141209891",
      "05400141245783",
      "05400141245875",
      "05400141208610",
      "05400141019568",
      "00000025128000"
    ],
    "topCategoryName": "Conserven",
    "topCategoryId": "188",
    "businessDomain": "RETAIL_BE",
    "IsPrivateLabel": true,
    "IsBiffe": false,
    "WeightconversionFactor": "0",
    "IsWeightArticle": false,
    "nutriscoreLabel": "A",
    "IsBio": true,
    "CountryOfOrigin": "BELGIË",
    "IsExclusivelySoldInLuxembourg": false,
    "OrderUnit": "P",
    "ShortName": "BS BIO GEP.TOMAAT 400G",
    "IsNew": false,
    "EcoscoreLabel": "A",
    "RecentQuanityOfStockUnits": "6,1",
    "LongName": "BONI BIO tomaten gepeld 400g",
    "AlcoholVolume": "0",
    "FicCode": "I",
    "EcoscoreValue": "100"
  },
  {
    "productId": "673",
    "technicalArticleNumber": "10301",
    "commercialArticleNumber": "10301",
    "name": "fruitcocktail in siroop",
    "description": "*Fruitcocktail op\nlichte siroop",
    "brand": "EVERYDAY",
    "seoBrand": "Everyday",
    "thumbNail": "https://static.colruytgroup.com/images/200x200/std.lang.all/47/00/asset-1244700.jpg",
    "fullImage": "https://static.colruytgroup.com/images/500x500/std.lang.all/47/00/asset-1244700.jpg",
    "squareImage": "https://static.colruytgroup.com/images/500x500sq/std.lang.all/47/00/asset-1244700.jpg",
    "content": "820g",
    "walkRouteSequenceNumber": 16575,
    "price": {
      "basicPrice": 1.58,
      "recommendedQuantity": "1.0",
      "measurementUnitPrice": 3.3,
      "measurementUnit": "K",
      "isRedPrice": false,
      "pricePerUOM": 3.3,
      "activationDate": "15-03-2024",
      "recordSource": "Offline",
      "isPromoActive": "N",
      "priceChangeCode": "L"
    },
    "isAvailable": true,
    "isPriceAvailable": true,
    "inPromo": false,
    "gtin": [
      "05400141402049",
      "15400141402046",
      "08005111100221",
      "00000025103014",
      "05400141168686",
      "05400141206739",
      "05400141364873",
      "15400141364870",
      "15400141907909",
      "15400141909293"
    ],
    "topCategoryName": "Conserven",
    "topCategoryId": "188",
    "businessDomain": "RETAIL_BE",
    "IsPrivateLabel": true,
    "IsBiffe": false,
    "WeightconversionFactor": "0",
    "IsWeightArticle": false,
    "nutriscoreLabel": "B",
    "IsBio": false,
    "CountryOfOrigin": "CHINA (VOLKSREBUPLIEK)",
    "IsExclusivelySoldInLuxembourg": false,
    "OrderUnit": "P",
    "ShortName": "EVD FRUITCOCKTAIL820G",
    "InSeason": true,
    "IsNew": false,
    "EcoscoreLabel": "A",
    "RecentQuanityOfStockUnits": "1,1,1,12,12",
    "LongName": "EVERYDAY fruitcocktail in siroop 820g",
    "AlcoholVolume": "0",
    "StartSeasonDate": "17/09/2014",
    "FicCode": "I",
    "EcoscoreValue": "82"
  },
  {
    "productId": "838247",
    "technicalArticleNumber": "4681079",
    "commercialArticleNumber": "30456",
    "name": "Dipsaus groene pesto",
    "brand": "BONI",
    "seoBrand": "Boni Selection",
    "thumbNail": "https://static.colruytgroup.com/images/200x200/std.lang.all/65/86/asset-3346586.jpg",
    "fullImage": "https://static.colruytgroup.com/images/500x500/std.lang.all/65/86/asset-3346586.jpg",
    "squareImage": "https://static.colruytgroup.com/images/500x500sq/std.lang.all/65/86/asset-3346586.jpg",
    "content": "175g",
    "walkRouteSequenceNumber": 6787,
    "price": {
      "basicPrice": 2.79,
      "recommendedQuantity": "1.0",
      "quantityPrice": 2.57,
      "quantityPriceQuantity": "3.0",
      "measurementUnitPrice": 15.95,
      "measurementUnitQuantityPrice": 14.69,
      "measurementUnit": "K",
      "isRedPrice": false,
      "pricePerUOM": 15.95,
      "activationDate": "13-06-2023",
      "isPromoActive": "N",
      "priceChangeCode": "E",
      "quantityPricePerUOM": 14.69,
      "quantityActivationDate": "13-06-2023",
      "quantityPriceChangeCode": "E"
    },
    "isAvailable": true,
    "isPriceAvailable": true,
    "inPromo": false,
    "gtin": [
      "05400141513097"
    ],
    "topCategoryName": "Chips/Borrelhapjes",
    "topCategoryId": "306",
    "businessDomain": "RETAIL_BE",
    "IsPrivateLabel": true,
    "IsBiffe": false,
    "WeightconversionFactor": "0",
    "IsWeightArticle": false,
    "nutriscoreLabel": "E",
    "IsBio": false,
    "CountryOfOrigin": "BELGIË",
    "IsExclusivelySoldInLuxembourg": false,
    "OrderUnit": "P",
    "ShortName": "BONI KAASDIP GR.PEST175",
    "IsNew": false,
    "EcoscoreLabel": "D",
    "RecentQuanityOfStockUnits": "1",
    "LongName": "BONI Dipsaus groene pesto 175g",
    "FicCode": "I",
    "EcoscoreValue": "38"
  },
  {
    "productId": "133972",
    "technicalArticleNumber": "3172023",
    "commercialArticleNumber": "44002",
    "name": "doperwten extra fijn",
    "description": "*Extra fijne\ndoperwtjes",
    "brand": "BONI",
    "seoBrand": "Boni Selection",
    "thumbNail": "https://static.colruytgroup.com/images/200x200/std.lang.all/85/69/asset-3328569.jpg",
    "fullImage": "https://static.colruytgroup.com/images/500x500/std.lang.all/85/69/asset-3328569.jpg",
    "squareImage": "https://static.colruytgroup.com/images/500x500sq/std.lang.all/85/69/asset-3328569.jpg",
    "content": "340g",
    "walkRouteSequenceNumber": 16365,
    "price": {
      "basicPrice": 0.95,
      "recommendedQuantity": "1.0",
      "measurementUnitPrice": 4.14,
      "measurementUnit": "K",
      "isRedPrice": false,
      "pricePerUOM": 4.14,
      "activationDate": "11-03-2024",
      "recordSource": "Offline",
      "isPromoActive": "N",
      "priceChangeCode": "E"
    },
    "isAvailable": true,
    "isPriceAvailable": true,
    "inPromo": false,
    "gtin": [
      "05400141278897",
      "15400141340843",
      "05400141171006",
      "05400141340846"
    ],
    "topCategoryName": "Conserven",
    "topCategoryId": "188",
    "businessDomain": "RETAIL_BE",
    "IsPrivateLabel": true,
    "IsBiffe": false,
    "WeightconversionFactor": "0",
    "IsWeightArticle": false,
    "nutriscoreLabel": "A",
    "IsBio": false,
    "CountryOfOrigin": "BELGIË",
    "IsExclusivelySoldInLuxembourg": false,
    "OrderUnit": "P",
    "ShortName": "BONI ERWTEN EF 340GR",
    "IsNew": false,
    "EcoscoreLabel": "A",
    "RecentQuanityOfStockUnits": "1,12",
    "LongName": "BONI doperwten extra fijn 340g",
    "AlcoholVolume": "0",
    "FicCode": "I",
    "EcoscoreValue": "100"
  },
  {
    "productId": "493034",
    "technicalArticleNumber": "4091008",
    "commercialArticleNumber": "8095",
    "name": "soep tomaat balletjes",
    "description": "*Tomatensoep\nmet balletjes",
    "brand": "BONI",
    "seoBrand": "Boni Selection",
    "thumbNail": "https://static.colruytgroup.com/images/200x200/std.lang.all/04/15/asset-2030415.jpg",
    "fullImage": "https://static.colruytgroup.com/images/500x500/std.lang.all/04/15/asset-2030415.jpg",
    "squareImage": "https://static.colruytgroup.com/images/500x500sq/std.lang.all/04/15/asset-2030415.jpg",
    "content": "1L",
    "walkRouteSequenceNumber": 16863,
    "price": {
      "basicPrice": 2.19,
      "recommendedQuantity": "1.0",
      "measurementUnitPrice": 2.19,
      "measurementUnit": "L",
      "isRedPrice": false,
      "pricePerUOM": 2.19,
      "activationDate": "16-01-2024",
      "recordSource": "Offline",
      "isPromoActive": "N",
      "priceChangeCode": "E"
    },
    "isAvailable": true,
    "isPriceAvailable": true,
    "inPromo": false,
    "gtin": [
      "05400141284577",
      "15400141284574"
    ],
    "topCategoryName": "Kruidenierswaren/Droge voeding",
    "topCategoryId": "233",
    "businessDomain": "RETAIL_BE",
    "IsPrivateLabel": true,
    "IsBiffe": false,
    "WeightconversionFactor": "0",
    "IsWeightArticle": false,
    "nutriscoreLabel": "C",
    "IsBio": false,
    "CountryOfOrigin": "FRANKRIJK",
    "IsExclusivelySoldInLuxembourg": false,
    "OrderUnit": "P",
    "ShortName": "BONI TOMAAT BALLETJES1L",
    "IsNew": false,
    "EcoscoreLabel": "C",
    "RecentQuanityOfStockUnits": "1,8",
    "LongName": "BONI soep tomaat balletjes 1L",
    "FicCode": "I",
    "EcoscoreValue": "43"
  },
  {
    "productId": "417582",
    "technicalArticleNumber": "3948965",
    "commercialArticleNumber": "1807",
    "name": "doperwten wortelen fijn",
    "description": "*Erwten en wortels\nzeer fijn",
    "brand": "EVERYDAY",
    "seoBrand": "Everyday",
    "thumbNail": "https://static.colruytgroup.com/images/200x200/std.lang.all/10/82/asset-2071082.jpg",
    "fullImage": "https://static.colruytgroup.com/images/500x500/std.lang.all/10/82/asset-2071082.jpg",
    "squareImage": "https://static.colruytgroup.com/images/500x500sq/std.lang.all/10/82/asset-2071082.jpg",
    "content": "400g",
    "walkRouteSequenceNumber": 16411,
    "price": {
      "basicPrice": 1.15,
      "recommendedQuantity": "1.0",
      "measurementUnitPrice": 4.34,
      "measurementUnit": "K",
      "isRedPrice": false,
      "pricePerUOM": 4.34,
      "activationDate": "29-12-2023",
      "recordSource": "Offline",
      "isPromoActive": "N",
      "priceChangeCode": "L"
    },
    "isAvailable": true,
    "isPriceAvailable": true,
    "inPromo": false,
    "gtin": [
      "15400141026884",
      "05400141026887",
      "05400141295009",
      "15400141295006"
    ],
    "topCategoryName": "Conserven",
    "topCategoryId": "188",
    "businessDomain": "RETAIL_BE",
    "IsPrivateLabel": true,
    "IsBiffe": false,
    "WeightconversionFactor": "0",
    "IsWeightArticle": false,
    "nutriscoreLabel": "A",
    "IsBio": false,
    "CountryOfOrigin": "NEDERLAND",
    "IsExclusivelySoldInLuxembourg": false,
    "OrderUnit": "P",
    "ShortName": "EVD ERWT WORTEL ZF 400G",
    "InSeason": true,
    "IsNew": false,
    "EcoscoreLabel": "A",
    "RecentQuanityOfStockUnits": "1,12",
    "LongName": "EVERYDAY doperwten wortelen fijn 400g",
    "StartSeasonDate": "30/07/2019",
    "FicCode": "I",
    "EcoscoreValue": "100"
  },
  {
    "productId": "44377",
    "technicalArticleNumber": "2428941",
    "commercialArticleNumber": "13983",
    "name": "tropisch.fruitmix siroop cup",
    "description": "*Fruitmix op\nlichte siroop",
    "brand": "BONI",
    "seoBrand": "Boni Selection",
    "thumbNail": "https://static.colruytgroup.com/images/200x200/nl_be/72/91/asset-3197291.jpg",
    "fullImage": "https://static.colruytgroup.com/images/500x500/nl_be/72/91/asset-3197291.jpg",
    "squareImage": "https://static.colruytgroup.com/images/500x500sq/nl_be/72/91/asset-3197291.jpg",
    "content": "4x120g",
    "walkRouteSequenceNumber": 16556,
    "price": {
      "basicPrice": 1.99,
      "recommendedQuantity": "1.0",
      "measurementUnitPrice": 7.11,
      "measurementUnit": "K",
      "isRedPrice": false,
      "pricePerUOM": 7.11,
      "activationDate": "19-03-2024",
      "recordSource": "Offline",
      "isPromoActive": "N",
      "priceChangeCode": "E"
    },
    "isAvailable": true,
    "isPriceAvailable": true,
    "inPromo": false,
    "gtin": [
      "15400141570370",
      "05400141570373",
      "15400141306818",
      "15400141058083",
      "05400141306811",
      "05400141057775",
      "05400141058086",
      "05400141076684"
    ],
    "topCategoryName": "Conserven",
    "topCategoryId": "188",
    "businessDomain": "RETAIL_BE",
    "IsPrivateLabel": true,
    "IsBiffe": false,
    "WeightconversionFactor": "0",
    "IsWeightArticle": false,
    "nutriscoreLabel": "C",
    "IsBio": false,
    "CountryOfOrigin": "CHINA (VOLKSREBUPLIEK)",
    "IsExclusivelySoldInLuxembourg": false,
    "OrderUnit": "P",
    "ShortName": "BONI TROP.FRUI.MIX4X120",
    "IsNew": false,
    "EcoscoreLabel": "B",
    "RecentQuanityOfStockUnits": "1,6,1",
    "LongName": "BONI tropisch.fruitmix siroop cup 4x120g",
    "AlcoholVolume": "0",
    "FicCode": "I",
    "EcoscoreValue": "69"
  },
  {
    "productId": "740",
    "technicalArticleNumber": "11419",
    "commercialArticleNumber": "11419",
    "name": "geraspte knolselder",
    "description": "*Geraspte knolselder",
    "brand": "BONI",
    "seoBrand": "Boni Selection",
    "thumbNail": "https://static.colruytgroup.com/images/200x200/std.lang.all/59/48/asset-3325948.jpg",
    "fullImage": "https://static.colruytgroup.com/images/500x500/std.lang.all/59/48/asset-3325948.jpg",
    "squareImage": "https://static.colruytgroup.com/images/500x500sq/std.lang.all/59/48/asset-3325948.jpg",
    "content": "320g",
    "walkRouteSequenceNumber": 16376,
    "price": {
      "basicPrice": 0.99,
      "recommendedQuantity": "1.0",
      "measurementUnitPrice": 5.22,
      "measurementUnit": "K",
      "isRedPrice": false,
      "pricePerUOM": 5.22,
      "activationDate": "09-01-2024",
      "recordSource": "Offline",
      "isPromoActive": "N",
      "priceChangeCode": "E"
    },
    "isAvailable": true,
    "isPriceAvailable": true,
    "inPromo": false,
    "gtin": [
      "00000025114195",
      "05400141168860",
      "05400141224191",
      "05400141277692",
      "15400141277699"
    ],
    "topCategoryName": "Conserven",
    "topCategoryId": "188",
    "businessDomain": "RETAIL_BE",
    "IsPrivateLabel": true,
    "IsBiffe": false,
    "WeightconversionFactor": "0",
    "IsWeightArticle": false,
    "nutriscoreLabel": "B",
    "IsBio": false,
    "CountryOfOrigin": "BELGIË",
    "IsExclusivelySoldInLuxembourg": false,
    "OrderUnit": "P",
    "ShortName": "BONI GER.SELDER 320G",
    "IsNew": false,
    "EcoscoreLabel": "A",
    "RecentQuanityOfStockUnits": "1,12",
    "LongName": "BONI geraspte knolselder 320g",
    "AlcoholVolume": "0",
    "FicCode": "I",
    "EcoscoreValue": "100"
  },
  {
    "productId": "554925",
    "technicalArticleNumber": "4188652",
    "commercialArticleNumber": "14315",
    "name": "red kidney beans",
    "description": "*Rode kidneybonen",
    "brand": "BONI",
    "seoBrand": "Boni Selection",
    "thumbNail": "https://static.colruytgroup.com/images/200x200/std.lang.all/91/15/asset-3329115.jpg",
    "fullImage": "https://static.colruytgroup.com/images/500x500/std.lang.all/91/15/asset-3329115.jpg",
    "squareImage": "https://static.colruytgroup.com/images/500x500sq/std.lang.all/91/15/asset-3329115.jpg",
    "content": "200g",
    "walkRouteSequenceNumber": 4586,
    "price": {
      "basicPrice": 0.49,
      "recommendedQuantity": "3.0",
      "measurementUnitPrice": 3.92,
      "measurementUnit": "K",
      "isRedPrice": false,
      "pricePerUOM": 3.92,
      "activationDate": "23-11-2023",
      "recordSource": "Offline",
      "isPromoActive": "N",
      "priceChangeCode": "L"
    },
    "isAvailable": true,
    "isPriceAvailable": true,
    "inPromo": false,
    "gtin": [
      "05400141336436",
      "25400141336430",
      "15400141336433"
    ],
    "topCategoryName": "Conserven",
    "topCategoryId": "188",
    "businessDomain": "RETAIL_BE",
    "IsPrivateLabel": true,
    "IsBiffe": false,
    "WeightconversionFactor": "0",
    "IsWeightArticle": false,
    "nutriscoreLabel": "A",
    "IsBio": false,
    "CountryOfOrigin": "HONGARIJE",
    "IsExclusivelySoldInLuxembourg": false,
    "OrderUnit": "P",
    "ShortName": "BONI RED KIDN.BEANS 200",
    "InSeason": true,
    "IsNew": false,
    "EcoscoreLabel": "A",
    "RecentQuanityOfStockUnits": "1,3",
    "LongName": "BONI red kidney beans 200g",
    "StartSeasonDate": "08/05/2023",
    "FicCode": "I",
    "EcoscoreValue": "96"
  },
  {
    "productId": "948",
    "technicalArticleNumber": "28893",
    "commercialArticleNumber": "28893",
    "name": "olijven Kalamon Grieks",
    "description": "*Zwart\n*Met pit\n*Griekenland",
    "brand": "BONI",
    "seoBrand": "Boni Selection",
    "thumbNail": "https://static.colruytgroup.com/images/200x200/std.lang.all/15/09/asset-2741509.jpg",
    "fullImage": "https://static.colruytgroup.com/images/500x500/std.lang.all/15/09/asset-2741509.jpg",
    "squareImage": "https://static.colruytgroup.com/images/500x500sq/std.lang.all/15/09/asset-2741509.jpg",
    "content": "200g",
    "walkRouteSequenceNumber": 7689,
    "price": {
      "basicPrice": 2.99,
      "recommendedQuantity": "1.0",
      "measurementUnitPrice": 14.95,
      "measurementUnit": "K",
      "isRedPrice": false,
      "pricePerUOM": 14.95,
      "activationDate": "01-03-2024",
      "recordSource": "Offline",
      "isPromoActive": "N",
      "priceChangeCode": "E"
    },
    "isAvailable": true,
    "isPriceAvailable": true,
    "inPromo": false,
    "gtin": [
      "05400141488081",
      "15400141440284",
      "05400141088144",
      "05400141302684",
      "05400141376661",
      "15400141302681",
      "05400141440287"
    ],
    "topCategoryName": "Chips/Borrelhapjes",
    "topCategoryId": "306",
    "businessDomain": "RETAIL_BE",
    "IsPrivateLabel": true,
    "IsBiffe": false,
    "WeightconversionFactor": "0",
    "IsWeightArticle": false,
    "nutriscoreLabel": "E",
    "IsBio": false,
    "CountryOfOrigin": "BELGIË",
    "IsExclusivelySoldInLuxembourg": false,
    "OrderUnit": "P",
    "ShortName": "BONI GRI.OL.KALAMON200G",
    "IsNew": false,
    "EcoscoreLabel": "A",
    "RecentQuanityOfStockUnits": "1",
    "LongName": "BONI olijven Kalamon Grieks 200g",
    "AlcoholVolume": "0",
    "FicCode": "I",
    "EcoscoreValue": "97"
  },
  {
    "productId": "129254",
    "technicalArticleNumber": "3253863",
    "commercialArticleNumber": "4443",
    "name": "soep groentevelouté brik",
    "description": "*Groentenvelouté",
    "brand": "BONI",
    "seoBrand": "Boni Selection",
    "thumbNail": "https://static.colruytgroup.com/images/200x200/std.lang.all/08/63/asset-2080863.jpg",
    "fullImage": "https://static.colruytgroup.com/images/500x500/std.lang.all/08/63/asset-2080863.jpg",
    "squareImage": "https://static.colruytgroup.com/images/500x500sq/std.lang.all/08/63/asset-2080863.jpg",
    "content": "1L",
    "walkRouteSequenceNumber": 16883,
    "price": {
      "basicPrice": 1.99,
      "recommendedQuantity": "1.0",
      "measurementUnitPrice": 1.99,
      "measurementUnit": "L",
      "isRedPrice": false,
      "pricePerUOM": 1.99,
      "activationDate": "13-03-2024",
      "recordSource": "Offline",
      "isPromoActive": "N",
      "priceChangeCode": "E"
    },
    "isAvailable": true,
    "isPriceAvailable": true,
    "inPromo": false,
    "gtin": [
      "15400141264750",
      "15400141871538",
      "05400141029284",
      "05400141207514",
      "05400141264753"
    ],
    "topCategoryName": "Kruidenierswaren/Droge voeding",
    "topCategoryId": "233",
    "businessDomain": "RETAIL_BE",
    "IsPrivateLabel": true,
    "IsBiffe": false,
    "WeightconversionFactor": "0",
    "IsWeightArticle": false,
    "nutriscoreLabel": "C",
    "IsBio": false,
    "CountryOfOrigin": "FRANKRIJK",
    "IsExclusivelySoldInLuxembourg": false,
    "OrderUnit": "P",
    "ShortName": "BONI 8 GROENTEWEELDE 1L",
    "IsNew": false,
    "EcoscoreLabel": "A",
    "RecentQuanityOfStockUnits": "8,1,2",
    "LongName": "BONI soep groentevelouté brik 1L",
    "AlcoholVolume": "0",
    "FicCode": "I",
    "EcoscoreValue": "89"
  },
  {
    "productId": "547295",
    "technicalArticleNumber": "4175818",
    "commercialArticleNumber": "11675",
    "name": "Trio hummus",
    "description": "O.b.v. gegrilde rode\npaprika en zon-\ngedroogde tomaten",
    "brand": "BONI",
    "seoBrand": "Boni Selection",
    "thumbNail": "https://static.colruytgroup.com/images/200x200/std.lang.all/76/12/asset-2507612.jpg",
    "fullImage": "https://static.colruytgroup.com/images/500x500/std.lang.all/76/12/asset-2507612.jpg",
    "squareImage": "https://static.colruytgroup.com/images/500x500sq/std.lang.all/76/12/asset-2507612.jpg",
    "content": "210g",
    "walkRouteSequenceNumber": 7760,
    "price": {
      "basicPrice": 2.99,
      "recommendedQuantity": "1.0",
      "quantityPrice": 2.75,
      "quantityPriceQuantity": "3.0",
      "measurementUnitPrice": 14.24,
      "measurementUnitQuantityPrice": 13.1,
      "measurementUnit": "K",
      "isRedPrice": false,
      "pricePerUOM": 14.24,
      "activationDate": "23-02-2024",
      "isPromoActive": "N",
      "priceChangeCode": "E",
      "quantityPricePerUOM": 13.1,
      "quantityActivationDate": "23-02-2024",
      "quantityPriceChangeCode": "E"
    },
    "isAvailable": true,
    "isPriceAvailable": true,
    "inPromo": false,
    "gtin": [
      "05400141326109",
      "05400141572124",
      "15400141572121"
    ],
    "topCategoryName": "Chips/Borrelhapjes",
    "topCategoryId": "306",
    "businessDomain": "RETAIL_BE",
    "IsPrivateLabel": true,
    "IsBiffe": false,
    "WeightconversionFactor": "0",
    "IsWeightArticle": false,
    "nutriscoreLabel": "C",
    "IsBio": false,
    "CountryOfOrigin": "BELGIË",
    "IsExclusivelySoldInLuxembourg": false,
    "OrderUnit": "P",
    "ShortName": "BONI TRIO HUMMUS 210G",
    "IsNew": false,
    "EcoscoreLabel": "B",
    "RecentQuanityOfStockUnits": "1",
    "LongName": "BONI Trio hummus 210g",
    "FicCode": "I",
    "EcoscoreValue": "72"
  },
  {
    "productId": "40025",
    "technicalArticleNumber": "2480572",
    "commercialArticleNumber": "38971",
    "name": "Soup Idee kip",
    "description": "*Droge soep\n*Makkelijk bereiden\n*Instant gerecht\n*Snelle maaltijd\n*Warm gerecht",
    "brand": "KNORR",
    "seoBrand": "Knorr",
    "thumbNail": "https://static.colruytgroup.com/images/200x200/std.lang.all/52/57/asset-3305257.jpg",
    "fullImage": "https://static.colruytgroup.com/images/500x500/std.lang.all/52/57/asset-3305257.jpg",
    "squareImage": "https://static.colruytgroup.com/images/500x500sq/std.lang.all/52/57/asset-3305257.jpg",
    "content": "92g",
    "walkRouteSequenceNumber": 16846,
    "price": {
      "basicPrice": 1.3,
      "recommendedQuantity": "4.0",
      "measurementUnitPrice": 14.14,
      "measurementUnit": "K",
      "isRedPrice": false,
      "pricePerUOM": 14.14,
      "activationDate": "14-03-2024",
      "recordSource": "Folder",
      "isPromoActive": "N",
      "priceChangeCode": "H"
    },
    "isAvailable": true,
    "isPriceAvailable": true,
    "inPromo": true,
    "promotion": [
      {
        "techPromoId": "100943COLR",
        "promotionId": "100943",
        "promotionType": "3",
        "isPersonalized": "N",
        "publicationStartDate": "13-03-2024",
        "publicationEndDate": "26-03-2024"
      }
    ],
    "gtin": [
      "08712566624263",
      "15400141999584",
      "08712566169290",
      "05400141003956"
    ],
    "topCategoryName": "Kruidenierswaren/Droge voeding",
    "topCategoryId": "233",
    "businessDomain": "RETAIL_BE",
    "IsPrivateLabel": false,
    "IsBiffe": false,
    "WeightconversionFactor": "0",
    "IsWeightArticle": false,
    "nutriscoreLabel": "C",
    "IsBio": false,
    "CountryOfOrigin": "DUITSLAND",
    "IsExclusivelySoldInLuxembourg": false,
    "OrderUnit": "P",
    "ShortName": "KN ID DOUBLE CHIC 92GR",
    "IsNew": false,
    "EcoscoreLabel": "B",
    "RecentQuanityOfStockUnits": "1,4",
    "LongName": "KNORR Soup Idee kip 92g",
    "AlcoholVolume": "0",
    "FicCode": "E",
    "EcoscoreValue": "71"
  },
  {
    "productId": "2196",
    "technicalArticleNumber": "28898",
    "commercialArticleNumber": "28898",
    "name": "groene olijven pikant",
    "description": "*Groen\n*Ontpit\n*Griekenland\n*Met pikante saus",
    "brand": "BONI",
    "seoBrand": "Boni Selection",
    "thumbNail": "https://static.colruytgroup.com/images/200x200/std.lang.all/16/11/asset-2741611.jpg",
    "fullImage": "https://static.colruytgroup.com/images/500x500/std.lang.all/16/11/asset-2741611.jpg",
    "squareImage": "https://static.colruytgroup.com/images/500x500sq/std.lang.all/16/11/asset-2741611.jpg",
    "content": "150g",
    "walkRouteSequenceNumber": 7683,
    "price": {
      "basicPrice": 2.89,
      "recommendedQuantity": "1.0",
      "measurementUnitPrice": 19.27,
      "measurementUnit": "K",
      "isRedPrice": false,
      "pricePerUOM": 19.27,
      "activationDate": "14-11-2023",
      "recordSource": "Offline",
      "isPromoActive": "N",
      "priceChangeCode": "E"
    },
    "isAvailable": true,
    "isPriceAvailable": true,
    "inPromo": false,
    "gtin": [
      "15400141987482",
      "05400141488098",
      "05400141089059",
      "05400141090666",
      "15400141089056",
      "05400141406252",
      "05400141938043"
    ],
    "topCategoryName": "Chips/Borrelhapjes",
    "topCategoryId": "306",
    "businessDomain": "RETAIL_BE",
    "IsPrivateLabel": true,
    "IsBiffe": false,
    "WeightconversionFactor": "0",
    "IsWeightArticle": false,
    "nutriscoreLabel": "C",
    "IsBio": false,
    "CountryOfOrigin": "BELGIË",
    "IsExclusivelySoldInLuxembourg": false,
    "OrderUnit": "P",
    "ShortName": "BONI GR.OLIJF PIK.150G",
    "IsNew": false,
    "EcoscoreLabel": "A",
    "RecentQuanityOfStockUnits": "1",
    "LongName": "BONI groene olijven pikant 150g",
    "AlcoholVolume": "0",
    "FicCode": "I",
    "EcoscoreValue": "96"
  },
  {
    "productId": "517",
    "technicalArticleNumber": "9280",
    "commercialArticleNumber": "9280",
    "name": "ravioli bolognaisesaus blik",
    "description": "*Ravioli met\nbolognesesaus\n*Aantal porties: 1\n*Opwarmen in de pan,\nmicrogolf, oven",
    "brand": "BONI",
    "seoBrand": "Boni Selection",
    "thumbNail": "https://static.colruytgroup.com/images/200x200/std.lang.all/90/14/asset-3359014.jpg",
    "fullImage": "https://static.colruytgroup.com/images/500x500/std.lang.all/90/14/asset-3359014.jpg",
    "squareImage": "https://static.colruytgroup.com/images/500x500sq/std.lang.all/90/14/asset-3359014.jpg",
    "content": "400g",
    "walkRouteSequenceNumber": 16761,
    "price": {
      "basicPrice": 1.49,
      "recommendedQuantity": "2.0",
      "measurementUnitPrice": 3.73,
      "measurementUnit": "K",
      "isRedPrice": false,
      "pricePerUOM": 3.73,
      "activationDate": "20-03-2024",
      "recordSource": "Folder",
      "isPromoActive": "N",
      "priceChangeCode": "L"
    },
    "isAvailable": true,
    "isPriceAvailable": true,
    "inPromo": false,
    "gtin": [
      "05400141168648",
      "05400141271072",
      "05400141292800",
      "05400141297003",
      "05400141381221",
      "25400141271076",
      "00000025092806",
      "05400141678642",
      "15400141692805"
    ],
    "topCategoryName": "Conserven",
    "topCategoryId": "188",
    "businessDomain": "RETAIL_BE",
    "IsPrivateLabel": true,
    "IsBiffe": false,
    "WeightconversionFactor": "0",
    "IsWeightArticle": false,
    "nutriscoreLabel": "C",
    "IsBio": false,
    "CountryOfOrigin": "FRANKRIJK",
    "IsExclusivelySoldInLuxembourg": false,
    "OrderUnit": "P",
    "ShortName": "BONI RAVIOL BOLO 400G",
    "InSeason": true,
    "IsNew": false,
    "EcoscoreLabel": "C",
    "RecentQuanityOfStockUnits": "1,12",
    "LongName": "BONI ravioli bolognaisesaus blik 400g",
    "AlcoholVolume": "0",
    "StartSeasonDate": "10/08/2023",
    "FicCode": "I",
    "EcoscoreValue": "53"
  },
  {
    "productId": "18696",
    "technicalArticleNumber": "1717190",
    "commercialArticleNumber": "12154",
    "name": "soep tomaten crème",
    "description": "*Soep in blik\n*Snelle maaltijd\n*Snelle maaltijd\n*Groentensoep\n*Warm gerecht",
    "brand": "KNORR",
    "seoBrand": "Knorr",
    "thumbNail": "https://static.colruytgroup.com/images/200x200/nl_be/54/18/asset-2795418.jpg",
    "fullImage": "https://static.colruytgroup.com/images/500x500/nl_be/54/18/asset-2795418.jpg",
    "squareImage": "https://static.colruytgroup.com/images/500x500sq/nl_be/54/18/asset-2795418.jpg",
    "content": "515ml",
    "walkRouteSequenceNumber": 16895,
    "price": {
      "basicPrice": 2.49,
      "recommendedQuantity": "3.0",
      "measurementUnitPrice": 4.84,
      "measurementUnit": "L",
      "isRedPrice": false,
      "pricePerUOM": 4.84,
      "activationDate": "28-02-2024",
      "recordSource": "Offline",
      "isPromoActive": "N",
      "priceChangeCode": "H"
    },
    "isAvailable": true,
    "isPriceAvailable": true,
    "inPromo": false,
    "gtin": [
      "08710522616970",
      "08710522616987",
      "05400141121544",
      "05400141123548",
      "08722700700388",
      "08722700083412"
    ],
    "topCategoryName": "Kruidenierswaren/Droge voeding",
    "topCategoryId": "233",
    "businessDomain": "RETAIL_BE",
    "IsPrivateLabel": false,
    "IsBiffe": false,
    "WeightconversionFactor": "0",
    "IsWeightArticle": false,
    "nutriscoreLabel": "C",
    "IsBio": false,
    "CountryOfOrigin": "NEDERLAND",
    "IsExclusivelySoldInLuxembourg": false,
    "OrderUnit": "P",
    "ShortName": "KNORR TOMATE CREME515ML",
    "InSeason": true,
    "IsNew": false,
    "EcoscoreLabel": "B",
    "RecentQuanityOfStockUnits": "1,12",
    "LongName": "KNORR soep tomaten crème 515ml",
    "AlcoholVolume": "0",
    "StartSeasonDate": "22/11/2018",
    "FicCode": "E",
    "EcoscoreValue": "78"
  },
  {
    "productId": "139735",
    "technicalArticleNumber": "3179793",
    "commercialArticleNumber": "15393",
    "name": "ratatouille blik",
    "description": "*Provençaalse\ngroentemix",
    "brand": "BONI",
    "seoBrand": "Boni Selection",
    "thumbNail": "https://static.colruytgroup.com/images/200x200/std.lang.all/45/49/asset-2274549.jpg",
    "fullImage": "https://static.colruytgroup.com/images/500x500/std.lang.all/45/49/asset-2274549.jpg",
    "squareImage": "https://static.colruytgroup.com/images/500x500sq/std.lang.all/45/49/asset-2274549.jpg",
    "content": "385g",
    "walkRouteSequenceNumber": 16368,
    "price": {
      "basicPrice": 1.03,
      "recommendedQuantity": "3.0",
      "measurementUnitPrice": 2.68,
      "measurementUnit": "K",
      "isRedPrice": false,
      "pricePerUOM": 2.68,
      "activationDate": "20-03-2024",
      "recordSource": "Folder",
      "isPromoActive": "N",
      "priceChangeCode": "L"
    },
    "isAvailable": true,
    "isPriceAvailable": true,
    "inPromo": false,
    "gtin": [
      "05400141172287",
      "05400141147599",
      "15400141413424",
      "05400141278132",
      "05400141413427",
      "15400141908241",
      "15400141278139"
    ],
    "topCategoryName": "Conserven",
    "topCategoryId": "188",
    "businessDomain": "RETAIL_BE",
    "IsPrivateLabel": true,
    "IsBiffe": false,
    "WeightconversionFactor": "0",
    "IsWeightArticle": false,
    "nutriscoreLabel": "A",
    "IsBio": false,
    "CountryOfOrigin": "SPANJE",
    "IsExclusivelySoldInLuxembourg": false,
    "OrderUnit": "P",
    "ShortName": "BONI RATATOUILLE 385G",
    "IsNew": false,
    "EcoscoreLabel": "A",
    "RecentQuanityOfStockUnits": "3,1",
    "LongName": "BONI ratatouille blik 385g",
    "AlcoholVolume": "0",
    "FicCode": "I",
    "EcoscoreValue": "81"
  },
  {
    "productId": "61341",
    "technicalArticleNumber": "2749246",
    "commercialArticleNumber": "42205",
    "name": "erwten wortelen extra fijn",
    "description": "*Extra fijne\ndoperwten en\nwortelen",
    "brand": "HAK",
    "seoBrand": "Hak",
    "thumbNail": "https://static.colruytgroup.com/images/200x200/std.lang.all/32/13/asset-353213.jpg",
    "fullImage": "https://static.colruytgroup.com/images/500x500/std.lang.all/32/13/asset-353213.jpg",
    "squareImage": "https://static.colruytgroup.com/images/500x500sq/std.lang.all/32/13/asset-353213.jpg",
    "content": "350g",
    "walkRouteSequenceNumber": 16410,
    "price": {
      "basicPrice": 0.99,
      "recommendedQuantity": "1.0",
      "measurementUnitPrice": 4.31,
      "measurementUnit": "K",
      "isRedPrice": false,
      "pricePerUOM": 4.31,
      "activationDate": "23-03-2024",
      "recordSource": "Folder",
      "isPromoActive": "N",
      "priceChangeCode": "E"
    },
    "isAvailable": true,
    "isPriceAvailable": true,
    "inPromo": false,
    "gtin": [
      "08720600622489",
      "08720600064104",
      "08720600065101",
      "05410921510161",
      "08720600622472"
    ],
    "topCategoryName": "Conserven",
    "topCategoryId": "188",
    "businessDomain": "RETAIL_BE",
    "IsPrivateLabel": false,
    "IsBiffe": false,
    "WeightconversionFactor": "0",
    "IsWeightArticle": false,
    "nutriscoreLabel": "A",
    "IsBio": false,
    "CountryOfOrigin": "NEDERLAND",
    "IsExclusivelySoldInLuxembourg": false,
    "OrderUnit": "P",
    "ShortName": "HAK DOPERWT.WORT.EF350G",
    "IsNew": false,
    "EcoscoreLabel": "B",
    "RecentQuanityOfStockUnits": "1,12",
    "LongName": "HAK erwten wortelen extra fijn 350g",
    "AlcoholVolume": "0",
    "FicCode": "E",
    "EcoscoreValue": "76"
  },
  {
    "productId": "710",
    "technicalArticleNumber": "10540",
    "commercialArticleNumber": "10540",
    "name": "halve perzik sap blik",
    "description": "*Halve perziken op\nfruitsap",
    "brand": "DEL MONTE",
    "seoBrand": "Del Monte",
    "thumbNail": "https://static.colruytgroup.com/images/200x200/std.lang.all/95/38/asset-2409538.jpg",
    "fullImage": "https://static.colruytgroup.com/images/500x500/std.lang.all/95/38/asset-2409538.jpg",
    "squareImage": "https://static.colruytgroup.com/images/500x500sq/std.lang.all/95/38/asset-2409538.jpg",
    "content": "415g",
    "walkRouteSequenceNumber": 16665,
    "price": {
      "basicPrice": 1.99,
      "recommendedQuantity": "3.0",
      "measurementUnitPrice": 8.47,
      "measurementUnit": "K",
      "isRedPrice": false,
      "pricePerUOM": 8.47,
      "activationDate": "02-02-2024",
      "recordSource": "Offline",
      "isPromoActive": "N",
      "priceChangeCode": "E"
    },
    "isAvailable": true,
    "isPriceAvailable": true,
    "inPromo": false,
    "gtin": [
      "00000024105408",
      "00024000124757",
      "00024000124948",
      "05400141405408"
    ],
    "topCategoryName": "Conserven",
    "topCategoryId": "188",
    "businessDomain": "RETAIL_BE",
    "IsPrivateLabel": false,
    "IsBiffe": false,
    "WeightconversionFactor": "0",
    "IsWeightArticle": false,
    "nutriscoreLabel": "A",
    "IsBio": false,
    "CountryOfOrigin": "GRIEKENLAND",
    "IsExclusivelySoldInLuxembourg": false,
    "OrderUnit": "P",
    "ShortName": "DELM PERZIK OP SAP 415G",
    "InSeason": true,
    "IsNew": false,
    "EcoscoreLabel": "A",
    "RecentQuanityOfStockUnits": "3,1",
    "LongName": "DEL MONTE halve perzik sap blik 415g",
    "AlcoholVolume": "0",
    "StartSeasonDate": "08/01/2004",
    "FicCode": "E",
    "EcoscoreValue": "94"
  },
  {
    "productId": "93349",
    "technicalArticleNumber": "2808759",
    "commercialArticleNumber": "44271",
    "name": "Finissima fijne tomatenpulp",
    "description": "*Fijn gesneden\nstukjes gepelde\ntomaat",
    "brand": "CIRIO",
    "seoBrand": "Cirio",
    "thumbNail": "https://static.colruytgroup.com/images/200x200/std.lang.all/22/04/asset-1832204.jpg",
    "fullImage": "https://static.colruytgroup.com/images/500x500/std.lang.all/22/04/asset-1832204.jpg",
    "squareImage": "https://static.colruytgroup.com/images/500x500sq/std.lang.all/22/04/asset-1832204.jpg",
    "content": "400g",
    "walkRouteSequenceNumber": 8519,
    "price": {
      "basicPrice": 1.65,
      "recommendedQuantity": "3.0",
      "measurementUnitPrice": 4.13,
      "measurementUnit": "K",
      "isRedPrice": false,
      "pricePerUOM": 4.13,
      "activationDate": "23-03-2024",
      "recordSource": "Offline",
      "isPromoActive": "N",
      "priceChangeCode": "L"
    },
    "isAvailable": true,
    "isPriceAvailable": true,
    "inPromo": false,
    "gtin": [
      "08001440118944",
      "08000320414855",
      "08001440309205"
    ],
    "topCategoryName": "Conserven",
    "topCategoryId": "188",
    "businessDomain": "RETAIL_BE",
    "IsPrivateLabel": false,
    "IsBiffe": false,
    "WeightconversionFactor": "0",
    "IsWeightArticle": false,
    "nutriscoreLabel": "A",
    "IsBio": false,
    "CountryOfOrigin": "ITALIË",
    "IsExclusivelySoldInLuxembourg": false,
    "OrderUnit": "P",
    "ShortName": "CIRIO FINISSIMA 400G",
    "IsNew": false,
    "RecentQuanityOfStockUnits": "1,3",
    "LongName": "CIRIO Finissima fijne tomatenpulp 400g",
    "AlcoholVolume": "0",
    "FicCode": "E"
  },
  {
    "productId": "564223",
    "technicalArticleNumber": "4204616",
    "commercialArticleNumber": "15894",
    "name": "passata met basilicum",
    "brand": "MUTTI",
    "seoBrand": "Mutti",
    "thumbNail": "https://static.colruytgroup.com/images/200x200/nl_be/51/38/asset-1975138.jpg",
    "fullImage": "https://static.colruytgroup.com/images/500x500/nl_be/51/38/asset-1975138.jpg",
    "squareImage": "https://static.colruytgroup.com/images/500x500sq/nl_be/51/38/asset-1975138.jpg",
    "content": "700g",
    "walkRouteSequenceNumber": 8405,
    "price": {
      "basicPrice": 1.94,
      "recommendedQuantity": "1.0",
      "measurementUnitPrice": 2.78,
      "measurementUnit": "K",
      "isRedPrice": false,
      "pricePerUOM": 2.78,
      "activationDate": "23-03-2024",
      "recordSource": "Folder",
      "isPromoActive": "Y",
      "priceChangeCode": "E"
    },
    "isAvailable": true,
    "isPriceAvailable": true,
    "inPromo": true,
    "promotion": [
      {
        "techPromoId": "100989COLR",
        "promotionId": "100989",
        "promotionType": "3",
        "isPersonalized": "N",
        "publicationStartDate": "13-03-2024",
        "publicationEndDate": "26-03-2024"
      }
    ],
    "gtin": [
      "08005110191015",
      "08005110630774"
    ],
    "topCategoryName": "Conserven",
    "topCategoryId": "188",
    "businessDomain": "RETAIL_BE",
    "IsPrivateLabel": false,
    "IsBiffe": false,
    "WeightconversionFactor": "0",
    "IsWeightArticle": false,
    "nutriscoreLabel": "A",
    "IsBio": false,
    "CountryOfOrigin": "ITALIË",
    "IsExclusivelySoldInLuxembourg": false,
    "OrderUnit": "P",
    "ShortName": "MUTT PASSATA BASILIC700",
    "IsNew": false,
    "EcoscoreLabel": "A",
    "RecentQuanityOfStockUnits": "6,1",
    "LongName": "MUTTI passata met basilicum 700g",
    "FicCode": "E",
    "EcoscoreValue": "100"
  },
  {
    "productId": "756",
    "technicalArticleNumber": "11780",
    "commercialArticleNumber": "11780",
    "name": "zuurkool blik",
    "description": "*Zuurkool\n*Opwarmen in een\nkookpot,\nin de microgolfoven",
    "brand": "RHEINLAND",
    "seoBrand": "Rheinland",
    "thumbNail": "https://static.colruytgroup.com/images/200x200/nl_be/12/27/asset-1331227.jpg",
    "fullImage": "https://static.colruytgroup.com/images/500x500/nl_be/12/27/asset-1331227.jpg",
    "squareImage": "https://static.colruytgroup.com/images/500x500sq/nl_be/12/27/asset-1331227.jpg",
    "content": "810g",
    "walkRouteSequenceNumber": 16832,
    "price": {
      "basicPrice": 1.85,
      "recommendedQuantity": "1.0",
      "measurementUnitPrice": 2.29,
      "measurementUnit": "K",
      "isRedPrice": false,
      "pricePerUOM": 2.29,
      "activationDate": "17-02-2024",
      "isPromoActive": "N",
      "priceChangeCode": "E"
    },
    "isAvailable": true,
    "isPriceAvailable": true,
    "inPromo": false,
    "gtin": [
      "00000025117806",
      "05400141117806",
      "05410403008100",
      "05410403027521",
      "15400141117803"
    ],
    "topCategoryName": "Conserven",
    "topCategoryId": "188",
    "businessDomain": "RETAIL_BE",
    "IsPrivateLabel": false,
    "IsBiffe": false,
    "WeightconversionFactor": "0",
    "IsWeightArticle": false,
    "IsBio": false,
    "CountryOfOrigin": "BELGIË",
    "IsExclusivelySoldInLuxembourg": false,
    "OrderUnit": "P",
    "ShortName": "RHEINLAND ZUURKOOL 810G",
    "IsNew": false,
    "EcoscoreLabel": "C",
    "RecentQuanityOfStockUnits": "12,1",
    "LongName": "RHEINLAND zuurkool blik 810g",
    "AlcoholVolume": "0",
    "FicCode": "E",
    "EcoscoreValue": "54"
  },
  {
    "productId": "747",
    "technicalArticleNumber": "11472",
    "commercialArticleNumber": "11472",
    "name": "hele aardappelen voorgekookt",
    "description": "*Voorgekookte en\ngeschilde hele\naardappelen",
    "brand": "BONI",
    "seoBrand": "Boni Selection",
    "thumbNail": "https://static.colruytgroup.com/images/200x200/std.lang.all/12/96/asset-381296.jpg",
    "fullImage": "https://static.colruytgroup.com/images/500x500/std.lang.all/12/96/asset-381296.jpg",
    "squareImage": "https://static.colruytgroup.com/images/500x500sq/std.lang.all/12/96/asset-381296.jpg",
    "content": "680g",
    "walkRouteSequenceNumber": 16445,
    "price": {
      "basicPrice": 1.55,
      "recommendedQuantity": "3.0",
      "measurementUnitPrice": 3.65,
      "measurementUnit": "K",
      "isRedPrice": false,
      "pricePerUOM": 3.65,
      "activationDate": "11-03-2024",
      "recordSource": "Offline",
      "isPromoActive": "N",
      "priceChangeCode": "E"
    },
    "isAvailable": true,
    "isPriceAvailable": true,
    "inPromo": false,
    "gtin": [
      "05400141464344",
      "15400141464341",
      "00000025114720",
      "05400141076141",
      "05400141277746",
      "05400141324723",
      "15400141277743",
      "15400141985150"
    ],
    "topCategoryName": "Conserven",
    "topCategoryId": "188",
    "businessDomain": "RETAIL_BE",
    "IsPrivateLabel": true,
    "IsBiffe": false,
    "WeightconversionFactor": "0",
    "IsWeightArticle": false,
    "nutriscoreLabel": "C",
    "IsBio": false,
    "CountryOfOrigin": "BELGIË",
    "IsExclusivelySoldInLuxembourg": false,
    "OrderUnit": "P",
    "ShortName": "BONI AARDAPPELEN 680G",
    "IsNew": false,
    "EcoscoreLabel": "A",
    "RecentQuanityOfStockUnits": "1,12",
    "LongName": "BONI hele aardappelen voorgekookt 680g",
    "AlcoholVolume": "0",
    "FicCode": "I",
    "EcoscoreValue": "100"
  },
  {
    "productId": "477295",
    "technicalArticleNumber": "4015026",
    "commercialArticleNumber": "5022",
    "name": "Grissini rozemarijn",
    "brand": "BONI",
    "seoBrand": "Boni Selection",
    "thumbNail": "https://static.colruytgroup.com/images/200x200/std.lang.all/15/28/asset-3351528.jpg",
    "fullImage": "https://static.colruytgroup.com/images/500x500/std.lang.all/15/28/asset-3351528.jpg",
    "squareImage": "https://static.colruytgroup.com/images/500x500sq/std.lang.all/15/28/asset-3351528.jpg",
    "content": "100g",
    "walkRouteSequenceNumber": 4484,
    "price": {
      "basicPrice": 0.872,
      "recommendedQuantity": "1.0",
      "quantityPrice": 0.715,
      "quantityPriceQuantity": "2.0",
      "measurementUnitPrice": 8.72,
      "measurementUnitQuantityPrice": 7.15,
      "measurementUnit": "K",
      "isRedPrice": false,
      "pricePerUOM": 8.72,
      "activationDate": "20-03-2024",
      "recordSource": "Offline",
      "isPromoActive": "N",
      "priceChangeCode": "E",
      "quantityPricePerUOM": 7.15,
      "quantityActivationDate": "20-03-2024",
      "quantityPriceChangeCode": "H"
    },
    "isAvailable": true,
    "isPriceAvailable": true,
    "inPromo": false,
    "gtin": [
      "15400141367017",
      "05400141367010",
      "05400141234527",
      "15400141234524",
      "15400141570325",
      "05400141570328"
    ],
    "topCategoryName": "Kruidenierswaren/Droge voeding",
    "topCategoryId": "233",
    "businessDomain": "RETAIL_BE",
    "IsPrivateLabel": true,
    "IsBiffe": false,
    "WeightconversionFactor": "0",
    "IsWeightArticle": false,
    "nutriscoreLabel": "D",
    "IsBio": false,
    "CountryOfOrigin": "ITALIË",
    "IsExclusivelySoldInLuxembourg": false,
    "OrderUnit": "P",
    "ShortName": "BONI GRISSINI ROZEM.100",
    "InSeason": true,
    "IsNew": false,
    "EcoscoreLabel": "A",
    "RecentQuanityOfStockUnits": "1,16,1",
    "LongName": "BONI Grissini rozemarijn 100g",
    "StartSeasonDate": "11/01/2023",
    "FicCode": "I",
    "EcoscoreValue": "87"
  },
  {
    "productId": "175463",
    "technicalArticleNumber": "3358009",
    "commercialArticleNumber": "7338",
    "name": "Belg.krieken ontpit siroop bok",
    "description": "*Krieken van\nBelgische oorsprong",
    "brand": "BONI",
    "seoBrand": "Boni Selection",
    "thumbNail": "https://static.colruytgroup.com/images/200x200/std.lang.all/30/62/asset-1583062.jpg",
    "fullImage": "https://static.colruytgroup.com/images/500x500/std.lang.all/30/62/asset-1583062.jpg",
    "squareImage": "https://static.colruytgroup.com/images/500x500sq/std.lang.all/30/62/asset-1583062.jpg",
    "content": "340g",
    "walkRouteSequenceNumber": 16612,
    "price": {
      "basicPrice": 1.39,
      "recommendedQuantity": "1.0",
      "measurementUnitPrice": 7.95,
      "measurementUnit": "K",
      "isRedPrice": false,
      "pricePerUOM": 7.95,
      "activationDate": "19-12-2023",
      "isPromoActive": "N",
      "priceChangeCode": "H"
    },
    "isAvailable": true,
    "isPriceAvailable": true,
    "inPromo": false,
    "gtin": [
      "05400141027938",
      "15400141270737",
      "05400141270730",
      "05400141214017"
    ],
    "topCategoryName": "Conserven",
    "topCategoryId": "188",
    "businessDomain": "RETAIL_BE",
    "IsPrivateLabel": true,
    "IsBiffe": false,
    "WeightconversionFactor": "0",
    "IsWeightArticle": false,
    "nutriscoreLabel": "B",
    "IsBio": false,
    "CountryOfOrigin": "NEDERLAND",
    "IsExclusivelySoldInLuxembourg": false,
    "OrderUnit": "P",
    "ShortName": "BONI BELG.KRIEK SIR340G",
    "InSeason": true,
    "IsNew": false,
    "EcoscoreLabel": "B",
    "RecentQuanityOfStockUnits": "1",
    "LongName": "BONI Belg.krieken ontpit siroop bok 340g",
    "AlcoholVolume": "0",
    "StartSeasonDate": "27/06/2022",
    "FicCode": "I",
    "EcoscoreValue": "66"
  },
  {
    "productId": "489635",
    "technicalArticleNumber": "4041914",
    "commercialArticleNumber": "6130",
    "name": "croutons look/peterselie",
    "brand": "BONI",
    "seoBrand": "Boni Selection",
    "thumbNail": "https://static.colruytgroup.com/images/200x200/std.lang.all/78/77/asset-1827877.jpg",
    "fullImage": "https://static.colruytgroup.com/images/500x500/std.lang.all/78/77/asset-1827877.jpg",
    "squareImage": "https://static.colruytgroup.com/images/500x500sq/std.lang.all/78/77/asset-1827877.jpg",
    "content": "75g",
    "walkRouteSequenceNumber": 16997,
    "price": {
      "basicPrice": 1.49,
      "recommendedQuantity": "1.0",
      "measurementUnitPrice": 19.87,
      "measurementUnit": "K",
      "isRedPrice": false,
      "pricePerUOM": 19.87,
      "activationDate": "02-01-2024",
      "isPromoActive": "N",
      "priceChangeCode": "E"
    },
    "isAvailable": true,
    "isPriceAvailable": true,
    "inPromo": false,
    "gtin": [
      "05400141400281",
      "15400141400288",
      "05400141250336",
      "15400141250333"
    ],
    "topCategoryName": "Kruidenierswaren/Droge voeding",
    "topCategoryId": "233",
    "businessDomain": "RETAIL_BE",
    "IsPrivateLabel": true,
    "IsBiffe": false,
    "WeightconversionFactor": "0",
    "IsWeightArticle": false,
    "nutriscoreLabel": "D",
    "IsBio": false,
    "CountryOfOrigin": "OOSTENRIJK",
    "IsExclusivelySoldInLuxembourg": false,
    "OrderUnit": "P",
    "ShortName": "BONI CROUT.LOOK/PETER75",
    "IsNew": false,
    "EcoscoreLabel": "C",
    "RecentQuanityOfStockUnits": "1",
    "LongName": "BONI croutons look/peterselie 75g",
    "FicCode": "I",
    "EcoscoreValue": "43"
  },
  {
    "productId": "764",
    "technicalArticleNumber": "11859",
    "commercialArticleNumber": "11859",
    "name": "prinsessenbonen extra fijn",
    "description": "*Extra fijne hele\nprinsessenbonen",
    "brand": "BONI",
    "seoBrand": "Boni Selection",
    "thumbNail": "https://static.colruytgroup.com/images/200x200/std.lang.all/35/11/asset-1993511.jpg",
    "fullImage": "https://static.colruytgroup.com/images/500x500/std.lang.all/35/11/asset-1993511.jpg",
    "squareImage": "https://static.colruytgroup.com/images/500x500sq/std.lang.all/35/11/asset-1993511.jpg",
    "content": "660g",
    "walkRouteSequenceNumber": 16424,
    "price": {
      "basicPrice": 2.18,
      "recommendedQuantity": "3.0",
      "measurementUnitPrice": 6.32,
      "measurementUnit": "K",
      "isRedPrice": false,
      "pricePerUOM": 6.32,
      "activationDate": "11-03-2024",
      "recordSource": "Offline",
      "isPromoActive": "N",
      "priceChangeCode": "H"
    },
    "isAvailable": true,
    "isPriceAvailable": true,
    "inPromo": false,
    "gtin": [
      "00000025118599",
      "05400141020427",
      "05400141118599",
      "05400141168068",
      "05400141169409",
      "05400141278699",
      "05400141818598",
      "15400141278696",
      "25400141278693"
    ],
    "topCategoryName": "Conserven",
    "topCategoryId": "188",
    "businessDomain": "RETAIL_BE",
    "IsPrivateLabel": true,
    "IsBiffe": false,
    "WeightconversionFactor": "0",
    "IsWeightArticle": false,
    "nutriscoreLabel": "A",
    "IsBio": false,
    "CountryOfOrigin": "BELGIË",
    "IsExclusivelySoldInLuxembourg": false,
    "OrderUnit": "P",
    "ShortName": "BONI PRINCES EF 660G",
    "IsNew": false,
    "EcoscoreLabel": "A",
    "RecentQuanityOfStockUnits": "1,3,3,12",
    "LongName": "BONI prinsessenbonen extra fijn 660g",
    "AlcoholVolume": "0",
    "FicCode": "I",
    "EcoscoreValue": "89"
  },
  {
    "productId": "10126",
    "technicalArticleNumber": "1384587",
    "commercialArticleNumber": "12190",
    "name": "jul.tomaat-gr-balletjes brik",
    "description": "*Tomaten-groentesoep\nmet balletjes\n(julienne)",
    "brand": "LIEBIG",
    "seoBrand": "Liebig",
    "thumbNail": "https://static.colruytgroup.com/images/200x200/nl_be/35/76/asset-3353576.jpg",
    "fullImage": "https://static.colruytgroup.com/images/500x500/nl_be/35/76/asset-3353576.jpg",
    "squareImage": "https://static.colruytgroup.com/images/500x500sq/nl_be/35/76/asset-3353576.jpg",
    "content": "1L",
    "walkRouteSequenceNumber": 16880,
    "price": {
      "basicPrice": 3.19,
      "recommendedQuantity": "2.0",
      "measurementUnitPrice": 3.19,
      "measurementUnit": "L",
      "isRedPrice": false,
      "pricePerUOM": 3.19,
      "activationDate": "12-03-2024",
      "recordSource": "Offline",
      "isPromoActive": "N",
      "priceChangeCode": "H"
    },
    "isAvailable": true,
    "isPriceAvailable": true,
    "inPromo": false,
    "gtin": [
      "05414972101569",
      "05410056188976",
      "05414972726588",
      "05414972705767",
      "05414972205762"
    ],
    "topCategoryName": "Kruidenierswaren/Droge voeding",
    "topCategoryId": "233",
    "businessDomain": "RETAIL_BE",
    "IsPrivateLabel": false,
    "IsBiffe": false,
    "WeightconversionFactor": "0",
    "IsWeightArticle": false,
    "nutriscoreLabel": "C",
    "IsBio": false,
    "CountryOfOrigin": "FRANKRIJK",
    "IsExclusivelySoldInLuxembourg": false,
    "OrderUnit": "P",
    "ShortName": "LIEB JUL.TOM-GR-BAL.1L",
    "IsNew": false,
    "EcoscoreLabel": "D",
    "RecentQuanityOfStockUnits": "1,2,8",
    "LongName": "LIEBIG jul.tomaat-gr-balletjes brik 1L",
    "AlcoholVolume": "0",
    "FicCode": "E",
    "EcoscoreValue": "32"
  },
  {
    "productId": "12941",
    "technicalArticleNumber": "1238135",
    "commercialArticleNumber": "9200",
    "name": "Cassoulet blik",
    "description": "*Bonen in tomaten-\nsaus, spek en worst\n*Aantal porties: 2\n*Opwarmen au bain-\nmarie, microgolfoven",
    "brand": "EVERYDAY",
    "seoBrand": "Everyday",
    "thumbNail": "https://static.colruytgroup.com/images/200x200/std.lang.all/79/25/asset-2287925.jpg",
    "fullImage": "https://static.colruytgroup.com/images/500x500/std.lang.all/79/25/asset-2287925.jpg",
    "squareImage": "https://static.colruytgroup.com/images/500x500sq/std.lang.all/79/25/asset-2287925.jpg",
    "content": "840g",
    "walkRouteSequenceNumber": 16757,
    "price": {
      "basicPrice": 2.45,
      "recommendedQuantity": "1.0",
      "measurementUnitPrice": 2.92,
      "measurementUnit": "K",
      "isRedPrice": false,
      "pricePerUOM": 2.92,
      "activationDate": "23-03-2024",
      "recordSource": "Offline",
      "isPromoActive": "N",
      "priceChangeCode": "H"
    },
    "isAvailable": true,
    "isPriceAvailable": true,
    "inPromo": false,
    "gtin": [
      "05400141033175",
      "05400141096576",
      "05400141126341",
      "05400141406368",
      "05400141406382",
      "05400141172003",
      "15400141406389"
    ],
    "topCategoryName": "Conserven",
    "topCategoryId": "188",
    "businessDomain": "RETAIL_BE",
    "IsPrivateLabel": true,
    "IsBiffe": false,
    "WeightconversionFactor": "0",
    "IsWeightArticle": false,
    "nutriscoreLabel": "B",
    "IsBio": false,
    "CountryOfOrigin": "FRANKRIJK",
    "IsExclusivelySoldInLuxembourg": false,
    "OrderUnit": "P",
    "ShortName": "EVD CASSOULET840G",
    "InSeason": true,
    "IsNew": false,
    "EcoscoreLabel": "C",
    "RecentQuanityOfStockUnits": "1,12",
    "LongName": "EVERYDAY Cassoulet blik 840g",
    "AlcoholVolume": "0",
    "StartSeasonDate": "23/05/2023",
    "FicCode": "I",
    "EcoscoreValue": "55"
  },
  {
    "productId": "94049",
    "technicalArticleNumber": "2802685",
    "commercialArticleNumber": "43983",
    "name": "Frankworstjes 6st",
    "description": "*Worst in blik\n*Klaar voor gebruik\n*Snelle snack\n*Perfect als apero\n*Kwaliteitsvlees",
    "brand": "ZWAN",
    "seoBrand": "Zwan",
    "thumbNail": "https://static.colruytgroup.com/images/200x200/std.lang.all/49/02/asset-2794902.jpg",
    "fullImage": "https://static.colruytgroup.com/images/500x500/std.lang.all/49/02/asset-2794902.jpg",
    "squareImage": "https://static.colruytgroup.com/images/500x500sq/std.lang.all/49/02/asset-2794902.jpg",
    "content": "550g",
    "walkRouteSequenceNumber": 4604,
    "price": {
      "basicPrice": 3.48,
      "recommendedQuantity": "2.0",
      "measurementUnitPrice": 12.89,
      "measurementUnit": "K",
      "isRedPrice": false,
      "pricePerUOM": 12.89,
      "activationDate": "08-02-2024",
      "recordSource": "Offline",
      "isPromoActive": "N",
      "priceChangeCode": "H"
    },
    "isAvailable": true,
    "isPriceAvailable": true,
    "inPromo": false,
    "gtin": [
      "08712566436453",
      "05400141383072",
      "75400141657424",
      "08711200724789"
    ],
    "topCategoryName": "Conserven",
    "topCategoryId": "188",
    "businessDomain": "RETAIL_BE",
    "IsPrivateLabel": false,
    "IsBiffe": false,
    "WeightconversionFactor": "0",
    "IsWeightArticle": false,
    "nutriscoreLabel": "D",
    "IsBio": false,
    "CountryOfOrigin": "NEDERLAND",
    "IsExclusivelySoldInLuxembourg": false,
    "OrderUnit": "P",
    "ShortName": "ZWAN FRANK 6ST NEW 550G",
    "InSeason": true,
    "IsNew": false,
    "EcoscoreLabel": "E",
    "RecentQuanityOfStockUnits": "2,1,12",
    "LongName": "ZWAN Frankworstjes 6st 550g",
    "AlcoholVolume": "0",
    "StartSeasonDate": "24/12/2023",
    "FicCode": "E",
    "EcoscoreValue": "19"
  },
  {
    "productId": "857351",
    "technicalArticleNumber": "4707311",
    "commercialArticleNumber": "31492",
    "name": "zwarte bonen",
    "brand": "BONI",
    "seoBrand": "Boni Selection",
    "thumbNail": "https://static.colruytgroup.com/images/200x200/std.lang.all/39/56/asset-3253956.jpg",
    "fullImage": "https://static.colruytgroup.com/images/500x500/std.lang.all/39/56/asset-3253956.jpg",
    "squareImage": "https://static.colruytgroup.com/images/500x500sq/std.lang.all/39/56/asset-3253956.jpg",
    "content": "200g",
    "walkRouteSequenceNumber": 4580,
    "price": {
      "basicPrice": 0.81,
      "recommendedQuantity": "1.0",
      "measurementUnitPrice": 6.24,
      "measurementUnit": "K",
      "isRedPrice": false,
      "pricePerUOM": 6.24,
      "activationDate": "13-03-2024",
      "isPromoActive": "N",
      "priceChangeCode": "E"
    },
    "isAvailable": true,
    "isPriceAvailable": true,
    "inPromo": false,
    "gtin": [
      "05400141800203",
      "15400141800200"
    ],
    "topCategoryName": "Conserven",
    "topCategoryId": "188",
    "businessDomain": "RETAIL_BE",
    "IsPrivateLabel": true,
    "IsBiffe": false,
    "WeightconversionFactor": "0",
    "IsWeightArticle": false,
    "nutriscoreLabel": "A",
    "IsBio": false,
    "CountryOfOrigin": "NEDERLAND",
    "IsExclusivelySoldInLuxembourg": false,
    "OrderUnit": "P",
    "ShortName": "BONI ZWARTE BONEN 200G",
    "IsNew": false,
    "EcoscoreLabel": "A",
    "RecentQuanityOfStockUnits": "1,12",
    "LongName": "BONI zwarte bonen 200g",
    "FicCode": "I",
    "EcoscoreValue": "100"
  },
  {
    "productId": "18149",
    "technicalArticleNumber": "1710888",
    "commercialArticleNumber": "11611",
    "name": "wortelen zeer fijn blik",
    "description": "*Zeer fijne wortelen",
    "brand": "EVERYDAY",
    "seoBrand": "Everyday",
    "thumbNail": "https://static.colruytgroup.com/images/200x200/std.lang.all/07/08/asset-2080708.jpg",
    "fullImage": "https://static.colruytgroup.com/images/500x500/std.lang.all/07/08/asset-2080708.jpg",
    "squareImage": "https://static.colruytgroup.com/images/500x500sq/std.lang.all/07/08/asset-2080708.jpg",
    "content": "400g",
    "walkRouteSequenceNumber": 16422,
    "price": {
      "basicPrice": 0.617,
      "recommendedQuantity": "1.0",
      "measurementUnitPrice": 2.33,
      "measurementUnit": "K",
      "isRedPrice": false,
      "pricePerUOM": 2.33,
      "activationDate": "13-12-2023",
      "recordSource": "Offline",
      "isPromoActive": "N",
      "priceChangeCode": "L"
    },
    "isAvailable": true,
    "isPriceAvailable": true,
    "inPromo": false,
    "gtin": [
      "05400141364293",
      "15400141870463",
      "05400141116137",
      "05400141166422",
      "05400141209990"
    ],
    "topCategoryName": "Conserven",
    "topCategoryId": "188",
    "businessDomain": "RETAIL_BE",
    "IsPrivateLabel": true,
    "IsBiffe": false,
    "WeightconversionFactor": "0",
    "IsWeightArticle": false,
    "nutriscoreLabel": "A",
    "IsBio": false,
    "CountryOfOrigin": "FRANKRIJK",
    "IsExclusivelySoldInLuxembourg": false,
    "OrderUnit": "P",
    "ShortName": "EVD WORTELEN ZF400G",
    "IsNew": false,
    "EcoscoreLabel": "A",
    "RecentQuanityOfStockUnits": "1,12",
    "LongName": "EVERYDAY wortelen zeer fijn blik 400g",
    "AlcoholVolume": "0",
    "FicCode": "I",
    "EcoscoreValue": "100"
  },
  {
    "productId": "27453",
    "technicalArticleNumber": "1980648",
    "commercialArticleNumber": "9097",
    "name": "Hotdogworstjes 8st",
    "description": "*Worst in blik\n*Klaar voor gebruik\n*Snelle snack\n*Perfect als apero\n*Kwaliteitsvlees",
    "brand": "ZWAN",
    "seoBrand": "Zwan",
    "thumbNail": "https://static.colruytgroup.com/images/200x200/std.lang.all/53/58/asset-2795358.jpg",
    "fullImage": "https://static.colruytgroup.com/images/500x500/std.lang.all/53/58/asset-2795358.jpg",
    "squareImage": "https://static.colruytgroup.com/images/500x500sq/std.lang.all/53/58/asset-2795358.jpg",
    "content": "550g",
    "walkRouteSequenceNumber": 16836,
    "price": {
      "basicPrice": 4.89,
      "recommendedQuantity": "2.0",
      "measurementUnitPrice": 16.3,
      "measurementUnit": "K",
      "isRedPrice": false,
      "pricePerUOM": 16.3,
      "activationDate": "05-03-2024",
      "recordSource": "Offline",
      "isPromoActive": "N",
      "priceChangeCode": "H"
    },
    "isAvailable": true,
    "isPriceAvailable": true,
    "inPromo": false,
    "gtin": [
      "08712566436484",
      "08722700255642",
      "08722700567806",
      "05400141190977"
    ],
    "topCategoryName": "Conserven",
    "topCategoryId": "188",
    "businessDomain": "RETAIL_BE",
    "IsPrivateLabel": false,
    "IsBiffe": false,
    "WeightconversionFactor": "0",
    "IsWeightArticle": false,
    "nutriscoreLabel": "D",
    "IsBio": false,
    "CountryOfOrigin": "BELGIË",
    "IsExclusivelySoldInLuxembourg": false,
    "OrderUnit": "P",
    "ShortName": "ZWAN 8 HOT DOGS 550G",
    "InSeason": true,
    "IsNew": false,
    "EcoscoreLabel": "E",
    "RecentQuanityOfStockUnits": "1,2",
    "LongName": "ZWAN Hotdogworstjes 8st 550g",
    "AlcoholVolume": "0",
    "StartSeasonDate": "24/12/2023",
    "FicCode": "E",
    "EcoscoreValue": "19"
  },
  {
    "productId": "755818",
    "technicalArticleNumber": "4530669",
    "commercialArticleNumber": "8169",
    "name": "Halfgedroogde tomaat olie",
    "brand": "BONI",
    "seoBrand": "Boni Selection",
    "thumbNail": "https://static.colruytgroup.com/images/200x200/std.lang.all/75/38/asset-2727538.jpg",
    "fullImage": "https://static.colruytgroup.com/images/500x500/std.lang.all/75/38/asset-2727538.jpg",
    "squareImage": "https://static.colruytgroup.com/images/500x500sq/std.lang.all/75/38/asset-2727538.jpg",
    "content": "470g",
    "walkRouteSequenceNumber": 7668,
    "price": {
      "basicPrice": 6.99,
      "recommendedQuantity": "1.0",
      "quantityPrice": 6.43,
      "quantityPriceQuantity": "3.0",
      "measurementUnitPrice": 14.88,
      "measurementUnitQuantityPrice": 13.69,
      "measurementUnit": "K",
      "isRedPrice": false,
      "pricePerUOM": 14.88,
      "activationDate": "02-11-2022",
      "isPromoActive": "N",
      "priceChangeCode": "E",
      "quantityPricePerUOM": 13.69,
      "quantityActivationDate": "02-11-2022",
      "quantityPriceChangeCode": "H"
    },
    "isAvailable": true,
    "isPriceAvailable": true,
    "inPromo": false,
    "gtin": [
      "15400141474760",
      "05400141474763"
    ],
    "topCategoryName": "Chips/Borrelhapjes",
    "topCategoryId": "306",
    "businessDomain": "RETAIL_BE",
    "IsPrivateLabel": true,
    "IsBiffe": false,
    "WeightconversionFactor": "0",
    "IsWeightArticle": false,
    "nutriscoreLabel": "C",
    "IsBio": false,
    "CountryOfOrigin": "FRANKRIJK",
    "IsExclusivelySoldInLuxembourg": false,
    "OrderUnit": "P",
    "ShortName": "BONI HALFGEDR. TOMA470G",
    "IsNew": false,
    "EcoscoreLabel": "E",
    "RecentQuanityOfStockUnits": "1,6",
    "LongName": "BONI Halfgedroogde tomaat olie 470g",
    "FicCode": "I",
    "EcoscoreValue": "0"
  },
  {
    "productId": "32047",
    "technicalArticleNumber": "1680814",
    "commercialArticleNumber": "12162",
    "name": "wortel pompoen balletjes brik",
    "description": "*Wortel-pompoensoep\nmet balletjes",
    "brand": "LIEBIG",
    "seoBrand": "Liebig",
    "thumbNail": "https://static.colruytgroup.com/images/200x200/nl_be/72/23/asset-1587223.jpg",
    "fullImage": "https://static.colruytgroup.com/images/500x500/nl_be/72/23/asset-1587223.jpg",
    "squareImage": "https://static.colruytgroup.com/images/500x500sq/nl_be/72/23/asset-1587223.jpg",
    "content": "1L",
    "walkRouteSequenceNumber": 16879,
    "price": {
      "basicPrice": 3.19,
      "recommendedQuantity": "1.0",
      "measurementUnitPrice": 3.19,
      "measurementUnit": "L",
      "isRedPrice": false,
      "pricePerUOM": 3.19,
      "activationDate": "12-03-2024",
      "recordSource": "Offline",
      "isPromoActive": "N",
      "priceChangeCode": "H"
    },
    "isAvailable": true,
    "isPriceAvailable": true,
    "inPromo": false,
    "gtin": [
      "05410056193383",
      "05414972705804",
      "05414972205809",
      "05414972726618"
    ],
    "topCategoryName": "Kruidenierswaren/Droge voeding",
    "topCategoryId": "233",
    "businessDomain": "RETAIL_BE",
    "IsPrivateLabel": false,
    "IsBiffe": false,
    "WeightconversionFactor": "0",
    "IsWeightArticle": false,
    "nutriscoreLabel": "B",
    "IsBio": false,
    "CountryOfOrigin": "FRANKRIJK",
    "IsExclusivelySoldInLuxembourg": false,
    "OrderUnit": "P",
    "ShortName": "LIEBIG WORTEL POM.BA.1L",
    "IsNew": false,
    "EcoscoreLabel": "D",
    "RecentQuanityOfStockUnits": "2,1,8",
    "LongName": "LIEBIG wortel pompoen balletjes brik 1L",
    "AlcoholVolume": "0",
    "FicCode": "E",
    "EcoscoreValue": "32"
  },
  {
    "productId": "18693",
    "technicalArticleNumber": "1717179",
    "commercialArticleNumber": "12147",
    "name": "soep tom.groenten balletjes",
    "description": "*Soep in blik\n*Snelle maaltijd\n*Snelle maaltijd\n*Groentensoep\n*Warm gerecht",
    "brand": "KNORR",
    "seoBrand": "Knorr",
    "thumbNail": "https://static.colruytgroup.com/images/200x200/nl_be/54/17/asset-2795417.jpg",
    "fullImage": "https://static.colruytgroup.com/images/500x500/nl_be/54/17/asset-2795417.jpg",
    "squareImage": "https://static.colruytgroup.com/images/500x500sq/nl_be/54/17/asset-2795417.jpg",
    "content": "515ml",
    "walkRouteSequenceNumber": 16892,
    "price": {
      "basicPrice": 2.59,
      "recommendedQuantity": "3.0",
      "measurementUnitPrice": 5.03,
      "measurementUnit": "L",
      "isRedPrice": false,
      "pricePerUOM": 5.03,
      "activationDate": "13-03-2024",
      "recordSource": "Offline",
      "isPromoActive": "N",
      "priceChangeCode": "H"
    },
    "isAvailable": true,
    "isPriceAvailable": true,
    "inPromo": false,
    "gtin": [
      "05400141121476",
      "05400141122473",
      "08722700700289",
      "08722700083511",
      "08710522617038",
      "08710522617045"
    ],
    "topCategoryName": "Kruidenierswaren/Droge voeding",
    "topCategoryId": "233",
    "businessDomain": "RETAIL_BE",
    "IsPrivateLabel": false,
    "IsBiffe": false,
    "WeightconversionFactor": "0",
    "IsWeightArticle": false,
    "nutriscoreLabel": "C",
    "IsBio": false,
    "CountryOfOrigin": "NEDERLAND",
    "IsExclusivelySoldInLuxembourg": false,
    "OrderUnit": "P",
    "ShortName": "KNORR TOM GROE BAL515ML",
    "InSeason": true,
    "IsNew": false,
    "EcoscoreLabel": "D",
    "RecentQuanityOfStockUnits": "1,1,12",
    "LongName": "KNORR soep tom.groenten balletjes 515ml",
    "AlcoholVolume": "0",
    "StartSeasonDate": "26/12/2023",
    "FicCode": "E",
    "EcoscoreValue": "32"
  },
  {
    "productId": "674",
    "technicalArticleNumber": "11916",
    "commercialArticleNumber": "11916",
    "name": "hele witte asperges",
    "description": "*Hele, geschilde\nwitte asperges",
    "brand": "BONI",
    "seoBrand": "Boni Selection",
    "thumbNail": "https://static.colruytgroup.com/images/200x200/std.lang.all/30/96/asset-1113096.jpg",
    "fullImage": "https://static.colruytgroup.com/images/500x500/std.lang.all/30/96/asset-1113096.jpg",
    "squareImage": "https://static.colruytgroup.com/images/500x500sq/std.lang.all/30/96/asset-1113096.jpg",
    "content": "330g",
    "walkRouteSequenceNumber": 16481,
    "price": {
      "basicPrice": 1.09,
      "recommendedQuantity": "3.0",
      "measurementUnitPrice": 5.32,
      "measurementUnit": "K",
      "isRedPrice": false,
      "pricePerUOM": 5.32,
      "activationDate": "05-03-2024",
      "recordSource": "Offline",
      "isPromoActive": "N",
      "priceChangeCode": "L"
    },
    "isAvailable": true,
    "isPriceAvailable": true,
    "inPromo": false,
    "gtin": [
      "05400141171051",
      "05400141219166",
      "05400141278033",
      "05400141293821",
      "05400141296341",
      "05400141819168",
      "15400141278030",
      "25400141278037",
      "05400141894257",
      "15400141894254",
      "25400141894251"
    ],
    "topCategoryName": "Conserven",
    "topCategoryId": "188",
    "businessDomain": "RETAIL_BE",
    "IsPrivateLabel": true,
    "IsBiffe": false,
    "WeightconversionFactor": "0",
    "IsWeightArticle": false,
    "nutriscoreLabel": "A",
    "IsBio": false,
    "CountryOfOrigin": "CHINA (VOLKSREBUPLIEK)",
    "IsExclusivelySoldInLuxembourg": false,
    "OrderUnit": "P",
    "ShortName": "BONI WIT ASPERG330G",
    "InSeason": true,
    "IsNew": false,
    "EcoscoreLabel": "B",
    "RecentQuanityOfStockUnits": "1,12,3",
    "LongName": "BONI hele witte asperges 330g",
    "AlcoholVolume": "0",
    "StartSeasonDate": "24/05/2006",
    "FicCode": "I",
    "EcoscoreValue": "70"
  },
  {
    "productId": "10342",
    "technicalArticleNumber": "1137814",
    "commercialArticleNumber": "11872",
    "name": "rode kool met appelen",
    "description": "*Rodekool met\nappelen van\nbiologische teelt",
    "brand": "BONI BIO",
    "seoBrand": "Boni Selection Bio",
    "thumbNail": "https://static.colruytgroup.com/images/200x200/std.lang.all/59/50/asset-3325950.jpg",
    "fullImage": "https://static.colruytgroup.com/images/500x500/std.lang.all/59/50/asset-3325950.jpg",
    "squareImage": "https://static.colruytgroup.com/images/500x500sq/std.lang.all/59/50/asset-3325950.jpg",
    "content": "360g",
    "walkRouteSequenceNumber": 16334,
    "price": {
      "basicPrice": 1.26,
      "recommendedQuantity": "1.0",
      "measurementUnitPrice": 3.5,
      "measurementUnit": "K",
      "isRedPrice": false,
      "pricePerUOM": 3.5,
      "activationDate": "02-02-2024",
      "recordSource": "Offline",
      "isPromoActive": "N",
      "priceChangeCode": "E"
    },
    "isAvailable": true,
    "isPriceAvailable": true,
    "inPromo": false,
    "gtin": [
      "15400141387817",
      "05400141277968",
      "15400141277965",
      "15400141871705",
      "05400141118629",
      "05400141208146",
      "05400141387810",
      "05400141076233",
      "05400141118728",
      "05400141073959"
    ],
    "topCategoryName": "Conserven",
    "topCategoryId": "188",
    "businessDomain": "RETAIL_BE",
    "IsPrivateLabel": true,
    "IsBiffe": false,
    "WeightconversionFactor": "0",
    "IsWeightArticle": false,
    "nutriscoreLabel": "C",
    "IsBio": true,
    "CountryOfOrigin": "BELGIË",
    "IsExclusivelySoldInLuxembourg": false,
    "OrderUnit": "P",
    "ShortName": "BONI BIO RODE KOOL 360G",
    "IsNew": false,
    "EcoscoreLabel": "A",
    "RecentQuanityOfStockUnits": "1",
    "LongName": "BONI BIO rode kool met appelen 360g",
    "AlcoholVolume": "0",
    "FicCode": "I",
    "EcoscoreValue": "100"
  },
  {
    "productId": "187099",
    "technicalArticleNumber": "3452482",
    "commercialArticleNumber": "31782",
    "name": "Chunky dip&mix",
    "description": "*Nederland\n*Mengeling van\ntomaten, cashewnoten\nbasilicum",
    "brand": "BONI",
    "seoBrand": "Boni Selection",
    "thumbNail": "https://static.colruytgroup.com/images/200x200/std.lang.all/30/37/asset-2353037.jpg",
    "fullImage": "https://static.colruytgroup.com/images/500x500/std.lang.all/30/37/asset-2353037.jpg",
    "squareImage": "https://static.colruytgroup.com/images/500x500sq/std.lang.all/30/37/asset-2353037.jpg",
    "walkRouteSequenceNumber": 7768,
    "price": {
      "basicPrice": 2.99,
      "recommendedQuantity": "1.0",
      "quantityPrice": 2.87,
      "quantityPriceQuantity": "3.0",
      "measurementUnitPrice": 19.94,
      "measurementUnitQuantityPrice": 19.14,
      "measurementUnit": "K",
      "isRedPrice": false,
      "pricePerUOM": 19.94,
      "activationDate": "17-11-2023",
      "isPromoActive": "N",
      "priceChangeCode": "E",
      "quantityPricePerUOM": 19.14,
      "quantityActivationDate": "17-11-2023",
      "quantityPriceChangeCode": "E"
    },
    "isAvailable": true,
    "isPriceAvailable": true,
    "inPromo": false,
    "gtin": [
      "15400141826163",
      "05400141442533",
      "15400141442530",
      "05400141209792",
      "05400141376753",
      "05400141351736"
    ],
    "topCategoryName": "Chips/Borrelhapjes",
    "topCategoryId": "306",
    "businessDomain": "RETAIL_BE",
    "IsPrivateLabel": true,
    "IsBiffe": false,
    "WeightconversionFactor": "0",
    "IsWeightArticle": false,
    "nutriscoreLabel": "D",
    "IsBio": false,
    "CountryOfOrigin": "BELGIË",
    "IsExclusivelySoldInLuxembourg": false,
    "OrderUnit": "P",
    "ShortName": "BONI CHUNCKY DIP EN MIX",
    "IsNew": false,
    "EcoscoreLabel": "B",
    "RecentQuanityOfStockUnits": "1",
    "LongName": "BONI Chunky dip&mix",
    "AlcoholVolume": "0",
    "FicCode": "I",
    "EcoscoreValue": "74"
  },
  {
    "productId": "84949",
    "technicalArticleNumber": "2984049",
    "commercialArticleNumber": "36024",
    "name": "doperwtjes blik",
    "brand": "BONDUELLE",
    "seoBrand": "Bonduelle",
    "thumbNail": "https://static.colruytgroup.com/images/200x200/std.lang.all/85/64/asset-3228564.jpg",
    "fullImage": "https://static.colruytgroup.com/images/500x500/std.lang.all/85/64/asset-3228564.jpg",
    "squareImage": "https://static.colruytgroup.com/images/500x500sq/std.lang.all/85/64/asset-3228564.jpg",
    "content": "160g",
    "walkRouteSequenceNumber": 16369,
    "price": {
      "basicPrice": 0.825,
      "recommendedQuantity": "4.0",
      "measurementUnitPrice": 5.9,
      "measurementUnit": "K",
      "isRedPrice": false,
      "pricePerUOM": 5.9,
      "activationDate": "21-03-2024",
      "recordSource": "Folder",
      "isPromoActive": "N",
      "priceChangeCode": "L"
    },
    "isAvailable": true,
    "isPriceAvailable": true,
    "inPromo": true,
    "promotion": [
      {
        "techPromoId": "100868COLR",
        "promotionId": "100868",
        "promotionType": "3",
        "isPersonalized": "N",
        "publicationStartDate": "13-03-2024",
        "publicationEndDate": "26-03-2024"
      }
    ],
    "gtin": [
      "03083681012705",
      "03083681029192",
      "03083681029208"
    ],
    "topCategoryName": "Conserven",
    "topCategoryId": "188",
    "businessDomain": "RETAIL_BE",
    "IsPrivateLabel": false,
    "IsBiffe": false,
    "WeightconversionFactor": "0",
    "IsWeightArticle": false,
    "nutriscoreLabel": "A",
    "IsBio": false,
    "CountryOfOrigin": "EUROPA",
    "IsExclusivelySoldInLuxembourg": false,
    "OrderUnit": "P",
    "ShortName": "BOND ERWTEN BLIK 160G",
    "IsNew": false,
    "EcoscoreLabel": "A",
    "RecentQuanityOfStockUnits": "4,1",
    "LongName": "BONDUELLE doperwtjes blik 160g",
    "AlcoholVolume": "0",
    "FicCode": "E",
    "EcoscoreValue": "94"
  },
  {
    "productId": "534327",
    "technicalArticleNumber": "4128909",
    "commercialArticleNumber": "9421",
    "name": "tapenade sweet pepper",
    "brand": "BONI",
    "seoBrand": "Boni Selection",
    "thumbNail": "https://static.colruytgroup.com/images/200x200/std.lang.all/85/19/asset-2508519.jpg",
    "fullImage": "https://static.colruytgroup.com/images/500x500/std.lang.all/85/19/asset-2508519.jpg",
    "squareImage": "https://static.colruytgroup.com/images/500x500sq/std.lang.all/85/19/asset-2508519.jpg",
    "content": "150g",
    "walkRouteSequenceNumber": 6778,
    "price": {
      "basicPrice": 2.79,
      "recommendedQuantity": "1.0",
      "quantityPrice": 2.57,
      "quantityPriceQuantity": "3.0",
      "measurementUnitPrice": 18.6,
      "measurementUnitQuantityPrice": 17.14,
      "measurementUnit": "K",
      "isRedPrice": false,
      "pricePerUOM": 18.6,
      "activationDate": "17-11-2023",
      "isPromoActive": "N",
      "priceChangeCode": "E",
      "quantityPricePerUOM": 17.14,
      "quantityActivationDate": "17-11-2023",
      "quantityPriceChangeCode": "E"
    },
    "isAvailable": true,
    "isPriceAvailable": true,
    "inPromo": false,
    "gtin": [
      "15400141301721",
      "05400141301724",
      "05400141438574"
    ],
    "topCategoryName": "Chips/Borrelhapjes",
    "topCategoryId": "306",
    "businessDomain": "RETAIL_BE",
    "IsPrivateLabel": true,
    "IsBiffe": false,
    "WeightconversionFactor": "0",
    "IsWeightArticle": false,
    "nutriscoreLabel": "D",
    "IsBio": false,
    "CountryOfOrigin": "BELGIË",
    "IsExclusivelySoldInLuxembourg": false,
    "OrderUnit": "P",
    "ShortName": "BONI SW.PEP.TAPENA.150G",
    "IsNew": false,
    "EcoscoreLabel": "B",
    "RecentQuanityOfStockUnits": "1",
    "LongName": "BONI tapenade sweet pepper 150g",
    "FicCode": "I",
    "EcoscoreValue": "62"
  },
  {
    "productId": "667",
    "technicalArticleNumber": "10209",
    "commercialArticleNumber": "10209",
    "name": "ananas stukjes op sap blik",
    "description": "*Ananasstukjes op\nsap",
    "brand": "BONI",
    "seoBrand": "Boni Selection",
    "thumbNail": "https://static.colruytgroup.com/images/200x200/std.lang.all/20/47/asset-1572047.jpg",
    "fullImage": "https://static.colruytgroup.com/images/500x500/std.lang.all/20/47/asset-1572047.jpg",
    "squareImage": "https://static.colruytgroup.com/images/500x500sq/std.lang.all/20/47/asset-1572047.jpg",
    "content": "567g",
    "walkRouteSequenceNumber": 16517,
    "price": {
      "basicPrice": 1.39,
      "recommendedQuantity": "3.0",
      "measurementUnitPrice": 4.09,
      "measurementUnit": "K",
      "isRedPrice": false,
      "pricePerUOM": 4.09,
      "activationDate": "17-02-2024",
      "recordSource": "Offline",
      "isPromoActive": "N",
      "priceChangeCode": "E"
    },
    "isAvailable": true,
    "isPriceAvailable": true,
    "inPromo": false,
    "gtin": [
      "00000025102093",
      "05400141020281",
      "05400141020298",
      "05400141073836",
      "05400141074390",
      "05400141102093",
      "05400141128604",
      "05400141165708",
      "05400141168204",
      "05400141169324",
      "05400141172256",
      "05400141282573",
      "05400141286359",
      "15400141128601",
      "15400141165705",
      "15400141282570",
      "15400141286356",
      "25400141282577",
      "25400141286353"
    ],
    "topCategoryName": "Conserven",
    "topCategoryId": "188",
    "businessDomain": "RETAIL_BE",
    "IsPrivateLabel": true,
    "IsBiffe": false,
    "WeightconversionFactor": "0",
    "IsWeightArticle": false,
    "nutriscoreLabel": "A",
    "IsBio": false,
    "CountryOfOrigin": "INDONESIË",
    "IsExclusivelySoldInLuxembourg": false,
    "OrderUnit": "P",
    "ShortName": "BONI ANANAS ST.SAP567G",
    "IsNew": false,
    "EcoscoreLabel": "A",
    "RecentQuanityOfStockUnits": "3,1,3,1,12,12",
    "LongName": "BONI ananas stukjes op sap blik 567g",
    "AlcoholVolume": "0",
    "FicCode": "I",
    "EcoscoreValue": "85"
  },
  {
    "productId": "27698",
    "technicalArticleNumber": "2241263",
    "commercialArticleNumber": "1168",
    "name": "Italiaanse schotel blik",
    "description": "*Pasta met\nvleesballetjes in\ntomatensaus\n*Aantal porties: 1\n*Pan, microgolfoven",
    "brand": "EVERYDAY",
    "seoBrand": "Everyday",
    "thumbNail": "https://static.colruytgroup.com/images/200x200/nl_be/56/99/asset-2475699.jpg",
    "fullImage": "https://static.colruytgroup.com/images/500x500/nl_be/56/99/asset-2475699.jpg",
    "squareImage": "https://static.colruytgroup.com/images/500x500sq/nl_be/56/99/asset-2475699.jpg",
    "content": "400g",
    "walkRouteSequenceNumber": 16817,
    "price": {
      "basicPrice": 1.39,
      "recommendedQuantity": "1.0",
      "quantityPrice": 1.34,
      "quantityPriceQuantity": "2.0",
      "measurementUnitPrice": 3.48,
      "measurementUnitQuantityPrice": 3.35,
      "measurementUnit": "K",
      "isRedPrice": false,
      "pricePerUOM": 3.48,
      "activationDate": "20-03-2024",
      "recordSource": "Offline",
      "isPromoActive": "N",
      "priceChangeCode": "E",
      "quantityPricePerUOM": 3.35,
      "quantityActivationDate": "20-03-2024",
      "quantityPriceChangeCode": "H"
    },
    "isAvailable": true,
    "isPriceAvailable": true,
    "inPromo": false,
    "gtin": [
      "05400141919752",
      "15400141919759",
      "04003082541207",
      "15400141369912",
      "05400141369915",
      "05400141168310"
    ],
    "topCategoryName": "Conserven",
    "topCategoryId": "188",
    "businessDomain": "RETAIL_BE",
    "IsPrivateLabel": true,
    "IsBiffe": false,
    "WeightconversionFactor": "0",
    "IsWeightArticle": false,
    "nutriscoreLabel": "C",
    "IsBio": false,
    "CountryOfOrigin": "DUITSLAND",
    "IsExclusivelySoldInLuxembourg": false,
    "OrderUnit": "P",
    "ShortName": "EVD ITAL. SCHOTEL 400G",
    "IsNew": false,
    "EcoscoreLabel": "C",
    "RecentQuanityOfStockUnits": "1,12",
    "LongName": "EVERYDAY Italiaanse schotel blik 400g",
    "AlcoholVolume": "0",
    "FicCode": "I",
    "EcoscoreValue": "56"
  },
  {
    "productId": "523238",
    "technicalArticleNumber": "4109090",
    "commercialArticleNumber": "8704",
    "name": "soep erwten ham",
    "brand": "ROYCO",
    "seoBrand": "Royco",
    "thumbNail": "https://static.colruytgroup.com/images/200x200/std.lang.all/37/31/asset-3353731.jpg",
    "fullImage": "https://static.colruytgroup.com/images/500x500/std.lang.all/37/31/asset-3353731.jpg",
    "squareImage": "https://static.colruytgroup.com/images/500x500sq/std.lang.all/37/31/asset-3353731.jpg",
    "content": "4st",
    "walkRouteSequenceNumber": 16965,
    "price": {
      "basicPrice": 1.89,
      "recommendedQuantity": "1.0",
      "measurementUnitPrice": 16.3,
      "measurementUnit": "K",
      "isRedPrice": false,
      "pricePerUOM": 16.3,
      "activationDate": "20-03-2024",
      "recordSource": "Offline",
      "isPromoActive": "N",
      "priceChangeCode": "H"
    },
    "isAvailable": true,
    "isPriceAvailable": true,
    "inPromo": true,
    "promotion": [
      {
        "techPromoId": "100866COLR",
        "promotionId": "100866",
        "promotionType": "3",
        "isPersonalized": "N",
        "publicationStartDate": "13-03-2024",
        "publicationEndDate": "26-03-2024"
      }
    ],
    "gtin": [
      "05414972705132",
      "05410056186200"
    ],
    "topCategoryName": "Kruidenierswaren/Droge voeding",
    "topCategoryId": "233",
    "businessDomain": "RETAIL_BE",
    "IsPrivateLabel": false,
    "IsBiffe": false,
    "WeightconversionFactor": "0",
    "IsWeightArticle": false,
    "nutriscoreLabel": "C",
    "IsBio": false,
    "CountryOfOrigin": "FRANKRIJK",
    "IsExclusivelySoldInLuxembourg": false,
    "OrderUnit": "P",
    "ShortName": "RMS ERWTEN HAM 4ST",
    "IsNew": false,
    "EcoscoreLabel": "D",
    "RecentQuanityOfStockUnits": "1,24",
    "LongName": "ROYCO soep erwten ham 4st",
    "FicCode": "E",
    "EcoscoreValue": "32"
  },
  {
    "productId": "703",
    "technicalArticleNumber": "12677",
    "commercialArticleNumber": "12677",
    "name": "Crunchy tomatencrème",
    "description": "*Tomatenroomsoep\nmet croutons",
    "brand": "ROYCO",
    "seoBrand": "Royco Crunchy",
    "thumbNail": "https://static.colruytgroup.com/images/200x200/std.lang.all/38/69/asset-593869.jpg",
    "fullImage": "https://static.colruytgroup.com/images/500x500/std.lang.all/38/69/asset-593869.jpg",
    "squareImage": "https://static.colruytgroup.com/images/500x500sq/std.lang.all/38/69/asset-593869.jpg",
    "content": "3st",
    "walkRouteSequenceNumber": 16970,
    "price": {
      "basicPrice": 1.89,
      "recommendedQuantity": "2.0",
      "measurementUnitPrice": 35,
      "measurementUnit": "K",
      "isRedPrice": false,
      "pricePerUOM": 35,
      "activationDate": "20-03-2024",
      "recordSource": "Offline",
      "isPromoActive": "N",
      "priceChangeCode": "H"
    },
    "isAvailable": true,
    "isPriceAvailable": true,
    "inPromo": true,
    "promotion": [
      {
        "techPromoId": "100866COLR",
        "promotionId": "100866",
        "promotionType": "3",
        "isPersonalized": "N",
        "publicationStartDate": "13-03-2024",
        "publicationEndDate": "26-03-2024"
      }
    ],
    "gtin": [
      "05414972705194",
      "05400141126778",
      "05410056187313"
    ],
    "topCategoryName": "Kruidenierswaren/Droge voeding",
    "topCategoryId": "233",
    "businessDomain": "RETAIL_BE",
    "IsPrivateLabel": false,
    "IsBiffe": false,
    "WeightconversionFactor": "0",
    "IsWeightArticle": false,
    "nutriscoreLabel": "C",
    "IsBio": false,
    "CountryOfOrigin": "NEDERLAND",
    "IsExclusivelySoldInLuxembourg": false,
    "OrderUnit": "P",
    "ShortName": "RMS CRUNCHY TOMAAT 3Z",
    "IsNew": false,
    "EcoscoreLabel": "B",
    "RecentQuanityOfStockUnits": "1,2",
    "LongName": "ROYCO Crunchy tomatencrème 3st",
    "AlcoholVolume": "0",
    "FicCode": "E",
    "EcoscoreValue": "77"
  },
  {
    "productId": "567563",
    "technicalArticleNumber": "4210583",
    "commercialArticleNumber": "16202",
    "name": "tapenades trio classic",
    "description": "*Groene olijven,\ngegrilde paprika,\nzongedroogde tomaten,\nkappers",
    "brand": "BONI",
    "seoBrand": "Boni Selection",
    "thumbNail": "https://static.colruytgroup.com/images/200x200/std.lang.all/85/21/asset-2508521.jpg",
    "fullImage": "https://static.colruytgroup.com/images/500x500/std.lang.all/85/21/asset-2508521.jpg",
    "squareImage": "https://static.colruytgroup.com/images/500x500sq/std.lang.all/85/21/asset-2508521.jpg",
    "content": "210g",
    "walkRouteSequenceNumber": 6776,
    "price": {
      "basicPrice": 2.89,
      "recommendedQuantity": "1.0",
      "quantityPrice": 2.77,
      "quantityPriceQuantity": "3.0",
      "measurementUnitPrice": 13.77,
      "measurementUnitQuantityPrice": 13.2,
      "measurementUnit": "K",
      "isRedPrice": false,
      "pricePerUOM": 13.77,
      "activationDate": "13-03-2024",
      "isPromoActive": "N",
      "priceChangeCode": "E",
      "quantityPricePerUOM": 13.2,
      "quantityActivationDate": "13-03-2024",
      "quantityPriceChangeCode": "H"
    },
    "isAvailable": true,
    "isPriceAvailable": true,
    "inPromo": false,
    "gtin": [
      "05400141345971",
      "05400141572155"
    ],
    "topCategoryName": "Chips/Borrelhapjes",
    "topCategoryId": "306",
    "businessDomain": "RETAIL_BE",
    "IsPrivateLabel": true,
    "IsBiffe": false,
    "WeightconversionFactor": "0",
    "IsWeightArticle": false,
    "nutriscoreLabel": "D",
    "IsBio": false,
    "CountryOfOrigin": "BELGIË",
    "IsExclusivelySoldInLuxembourg": false,
    "OrderUnit": "P",
    "ShortName": "BONI TAPEN.TRIO CLA210G",
    "IsNew": false,
    "EcoscoreLabel": "B",
    "RecentQuanityOfStockUnits": "1",
    "LongName": "BONI tapenades trio classic 210g",
    "FicCode": "I",
    "EcoscoreValue": "62"
  },
  {
    "productId": "816345",
    "technicalArticleNumber": "4645328",
    "commercialArticleNumber": "25063",
    "name": "appelmoes extra kwaliteit",
    "description": "*Appelmoes\n*Extra kwaliteit",
    "brand": "HAK",
    "seoBrand": "Hak",
    "thumbNail": "https://static.colruytgroup.com/images/200x200/std.lang.all/81/11/asset-3378111.jpg",
    "fullImage": "https://static.colruytgroup.com/images/500x500/std.lang.all/81/11/asset-3378111.jpg",
    "squareImage": "https://static.colruytgroup.com/images/500x500sq/std.lang.all/81/11/asset-3378111.jpg",
    "content": "700g",
    "walkRouteSequenceNumber": 16607,
    "price": {
      "basicPrice": 1.69,
      "recommendedQuantity": "1.0",
      "measurementUnitPrice": 2.42,
      "measurementUnit": "K",
      "isRedPrice": false,
      "pricePerUOM": 2.42,
      "activationDate": "22-03-2024",
      "recordSource": "Offline",
      "isPromoActive": "N",
      "priceChangeCode": "L"
    },
    "isAvailable": true,
    "isPriceAvailable": true,
    "inPromo": false,
    "gtin": [
      "08720600620881",
      "08720600620874",
      "25400141840111"
    ],
    "topCategoryName": "Conserven",
    "topCategoryId": "188",
    "businessDomain": "RETAIL_BE",
    "IsPrivateLabel": false,
    "IsBiffe": false,
    "WeightconversionFactor": "0",
    "IsWeightArticle": false,
    "nutriscoreLabel": "A",
    "IsBio": false,
    "CountryOfOrigin": "NEDERLAND",
    "IsExclusivelySoldInLuxembourg": false,
    "OrderUnit": "P",
    "ShortName": "HAK APPEL.EXTRA KW.700G",
    "IsNew": false,
    "EcoscoreLabel": "B",
    "RecentQuanityOfStockUnits": "1,12",
    "LongName": "HAK appelmoes extra kwaliteit 700g",
    "FicCode": "E",
    "EcoscoreValue": "76"
  },
  {
    "productId": "514",
    "technicalArticleNumber": "9210",
    "commercialArticleNumber": "9210",
    "name": "Cassoulet blik",
    "description": "*Bonen, varkens- en\nrundsvlees in\ntomatensaus\n*Aantal porties: 1\n*Pan, microgolfoven",
    "brand": "WILLIAM SAURIN",
    "seoBrand": "William Saurin",
    "thumbNail": "https://static.colruytgroup.com/images/200x200/nl_be/57/55/asset-3195755.jpg",
    "fullImage": "https://static.colruytgroup.com/images/500x500/nl_be/57/55/asset-3195755.jpg",
    "squareImage": "https://static.colruytgroup.com/images/500x500sq/nl_be/57/55/asset-3195755.jpg",
    "content": "420g",
    "walkRouteSequenceNumber": 16865,
    "price": {
      "basicPrice": 2.99,
      "recommendedQuantity": "2.0",
      "measurementUnitPrice": 7.12,
      "measurementUnit": "K",
      "isRedPrice": false,
      "pricePerUOM": 7.12,
      "activationDate": "14-02-2024",
      "recordSource": "Offline",
      "isPromoActive": "N",
      "priceChangeCode": "E"
    },
    "isAvailable": true,
    "isPriceAvailable": true,
    "inPromo": false,
    "gtin": [
      "00000024092104",
      "00000025092103",
      "03049580110003",
      "03049580541111",
      "05400141092103",
      "15410318750610"
    ],
    "topCategoryName": "Conserven",
    "topCategoryId": "188",
    "businessDomain": "RETAIL_BE",
    "IsPrivateLabel": false,
    "IsBiffe": false,
    "WeightconversionFactor": "0",
    "IsWeightArticle": false,
    "nutriscoreLabel": "A",
    "IsBio": false,
    "CountryOfOrigin": "FRANKRIJK",
    "IsExclusivelySoldInLuxembourg": false,
    "OrderUnit": "P",
    "ShortName": "WS CASSOULET 420 GR",
    "InSeason": true,
    "IsNew": false,
    "EcoscoreLabel": "C",
    "RecentQuanityOfStockUnits": "2,1",
    "LongName": "WILLIAM SAURIN Cassoulet blik 420g",
    "AlcoholVolume": "0",
    "StartSeasonDate": "03/06/2011",
    "FicCode": "E",
    "EcoscoreValue": "42"
  },
  {
    "productId": "44376",
    "technicalArticleNumber": "2428939",
    "commercialArticleNumber": "13970",
    "name": "fruicocktail siroop cup",
    "description": "*Fruitcocktail\nop siroop",
    "brand": "BONI",
    "seoBrand": "Boni Selection",
    "thumbNail": "https://static.colruytgroup.com/images/200x200/std.lang.all/05/75/asset-3430575.jpg",
    "fullImage": "https://static.colruytgroup.com/images/500x500/std.lang.all/05/75/asset-3430575.jpg",
    "squareImage": "https://static.colruytgroup.com/images/500x500sq/std.lang.all/05/75/asset-3430575.jpg",
    "content": "4x120g",
    "walkRouteSequenceNumber": 16557,
    "price": {
      "basicPrice": 2.29,
      "recommendedQuantity": "1.0",
      "measurementUnitPrice": 8.18,
      "measurementUnit": "K",
      "isRedPrice": false,
      "pricePerUOM": 8.18,
      "activationDate": "01-03-2024",
      "recordSource": "Offline",
      "isPromoActive": "N",
      "priceChangeCode": "L"
    },
    "isAvailable": true,
    "isPriceAvailable": true,
    "inPromo": false,
    "gtin": [
      "15400141585947",
      "05400141057218",
      "05400141271874",
      "15400141058076",
      "15400141271871",
      "05400141058079",
      "05400141139709",
      "05400141076677",
      "05400141585940"
    ],
    "topCategoryName": "Conserven",
    "topCategoryId": "188",
    "businessDomain": "RETAIL_BE",
    "IsPrivateLabel": true,
    "IsBiffe": false,
    "WeightconversionFactor": "0",
    "IsWeightArticle": false,
    "nutriscoreLabel": "B",
    "IsBio": false,
    "CountryOfOrigin": "CHINA (VOLKSREBUPLIEK)",
    "IsExclusivelySoldInLuxembourg": false,
    "OrderUnit": "P",
    "ShortName": "BONI FRUIT COCKT4X120G",
    "IsNew": false,
    "EcoscoreLabel": "B",
    "RecentQuanityOfStockUnits": "6,1,1",
    "LongName": "BONI fruicocktail siroop cup 4x120g",
    "AlcoholVolume": "0",
    "FicCode": "I",
    "EcoscoreValue": "69"
  },
  {
    "productId": "8818",
    "technicalArticleNumber": "1146797",
    "commercialArticleNumber": "9950",
    "name": "ansjovis fil.olijfolie bok",
    "description": "*Wild",
    "brand": "IMPERIAL",
    "seoBrand": "Imperial",
    "thumbNail": "https://static.colruytgroup.com/images/200x200/std.lang.all/06/60/asset-720660.jpg",
    "fullImage": "https://static.colruytgroup.com/images/500x500/std.lang.all/06/60/asset-720660.jpg",
    "squareImage": "https://static.colruytgroup.com/images/500x500sq/std.lang.all/06/60/asset-720660.jpg",
    "content": "100g",
    "walkRouteSequenceNumber": 16680,
    "price": {
      "basicPrice": 4.99,
      "recommendedQuantity": "1.0",
      "measurementUnitPrice": 49.9,
      "measurementUnit": "K",
      "isRedPrice": false,
      "pricePerUOM": 49.9,
      "activationDate": "10-01-2024",
      "isPromoActive": "N",
      "priceChangeCode": "H"
    },
    "isAvailable": true,
    "isPriceAvailable": true,
    "inPromo": false,
    "gtin": [
      "15410363010059",
      "05410363010052"
    ],
    "topCategoryName": "Conserven",
    "topCategoryId": "188",
    "businessDomain": "RETAIL_BE",
    "IsPrivateLabel": false,
    "IsBiffe": false,
    "WeightconversionFactor": "0",
    "IsWeightArticle": false,
    "nutriscoreLabel": "E",
    "IsBio": false,
    "CountryOfOrigin": "MAROKKO",
    "IsExclusivelySoldInLuxembourg": false,
    "OrderUnit": "P",
    "ShortName": "IMP ANSJOVIS FILET 100G",
    "IsNew": false,
    "EcoscoreLabel": "B",
    "RecentQuanityOfStockUnits": "1",
    "LongName": "IMPERIAL ansjovis fil.olijfolie bok 100g",
    "AlcoholVolume": "0",
    "FicCode": "E",
    "EcoscoreValue": "64"
  },
  {
    "productId": "534322",
    "technicalArticleNumber": "4128904",
    "commercialArticleNumber": "9420",
    "name": "Hummus paprika chili",
    "brand": "BONI",
    "seoBrand": "Boni Selection",
    "thumbNail": "https://static.colruytgroup.com/images/200x200/std.lang.all/85/18/asset-2508518.jpg",
    "fullImage": "https://static.colruytgroup.com/images/500x500/std.lang.all/85/18/asset-2508518.jpg",
    "squareImage": "https://static.colruytgroup.com/images/500x500sq/std.lang.all/85/18/asset-2508518.jpg",
    "content": "150g",
    "walkRouteSequenceNumber": 7770,
    "price": {
      "basicPrice": 2.69,
      "recommendedQuantity": "1.0",
      "quantityPrice": 2.47,
      "quantityPriceQuantity": "3.0",
      "measurementUnitPrice": 17.94,
      "measurementUnitQuantityPrice": 16.47,
      "measurementUnit": "K",
      "isRedPrice": false,
      "pricePerUOM": 17.94,
      "activationDate": "28-11-2023",
      "isPromoActive": "N",
      "priceChangeCode": "H",
      "quantityPricePerUOM": 16.47,
      "quantityActivationDate": "28-11-2023",
      "quantityPriceChangeCode": "H"
    },
    "isAvailable": true,
    "isPriceAvailable": true,
    "inPromo": false,
    "gtin": [
      "15400141301714",
      "05400141301717",
      "05400141347098",
      "05400141438550"
    ],
    "topCategoryName": "Chips/Borrelhapjes",
    "topCategoryId": "306",
    "businessDomain": "RETAIL_BE",
    "IsPrivateLabel": true,
    "IsBiffe": false,
    "WeightconversionFactor": "0",
    "IsWeightArticle": false,
    "nutriscoreLabel": "C",
    "IsBio": false,
    "CountryOfOrigin": "BELGIË",
    "IsExclusivelySoldInLuxembourg": false,
    "OrderUnit": "P",
    "ShortName": "BONI HUM.PAPR.CHILI150G",
    "IsNew": false,
    "EcoscoreLabel": "B",
    "RecentQuanityOfStockUnits": "1",
    "LongName": "BONI Hummus paprika chili 150g",
    "FicCode": "I",
    "EcoscoreValue": "77"
  },
  {
    "productId": "755",
    "technicalArticleNumber": "11745",
    "commercialArticleNumber": "11745",
    "name": "artisjok harten blik",
    "description": "*Artisjokharten",
    "brand": "BONI",
    "seoBrand": "Boni Selection",
    "thumbNail": "https://static.colruytgroup.com/images/200x200/std.lang.all/02/09/asset-1770209.jpg",
    "fullImage": "https://static.colruytgroup.com/images/500x500/std.lang.all/02/09/asset-1770209.jpg",
    "squareImage": "https://static.colruytgroup.com/images/500x500sq/std.lang.all/02/09/asset-1770209.jpg",
    "content": "240g",
    "walkRouteSequenceNumber": 16497,
    "price": {
      "basicPrice": 1.76,
      "recommendedQuantity": "3.0",
      "measurementUnitPrice": 7.34,
      "measurementUnit": "K",
      "isRedPrice": false,
      "pricePerUOM": 7.34,
      "activationDate": "20-03-2024",
      "recordSource": "Folder",
      "isPromoActive": "N",
      "priceChangeCode": "L"
    },
    "isAvailable": true,
    "isPriceAvailable": true,
    "inPromo": false,
    "gtin": [
      "05400141406405",
      "05400141894271",
      "00000025117455",
      "05400141109733",
      "05400141171136",
      "05400141173796",
      "15400141908821",
      "25400141406409",
      "35400141109734",
      "15400141894278",
      "25400141894275"
    ],
    "topCategoryName": "Conserven",
    "topCategoryId": "188",
    "businessDomain": "RETAIL_BE",
    "IsPrivateLabel": true,
    "IsBiffe": false,
    "WeightconversionFactor": "0",
    "IsWeightArticle": false,
    "nutriscoreLabel": "A",
    "IsBio": false,
    "CountryOfOrigin": "SPANJE",
    "IsExclusivelySoldInLuxembourg": false,
    "OrderUnit": "P",
    "ShortName": "BONI ARTISJ.HART390/400",
    "IsNew": false,
    "EcoscoreLabel": "B",
    "RecentQuanityOfStockUnits": "1,3,12",
    "LongName": "BONI artisjok harten blik 240g",
    "AlcoholVolume": "0",
    "FicCode": "I",
    "EcoscoreValue": "70"
  },
  {
    "productId": "802259",
    "technicalArticleNumber": "4617741",
    "commercialArticleNumber": "11192",
    "name": "Crispy maïs 0% zout Blik",
    "brand": "BONDUELLE",
    "seoBrand": "Bonduelle",
    "thumbNail": "https://static.colruytgroup.com/images/200x200/std.lang.all/46/59/asset-2834659.jpg",
    "fullImage": "https://static.colruytgroup.com/images/500x500/std.lang.all/46/59/asset-2834659.jpg",
    "squareImage": "https://static.colruytgroup.com/images/500x500sq/std.lang.all/46/59/asset-2834659.jpg",
    "content": "150g",
    "walkRouteSequenceNumber": 16431,
    "price": {
      "basicPrice": 1.07,
      "recommendedQuantity": "1.0",
      "measurementUnitPrice": 7.14,
      "measurementUnit": "K",
      "isRedPrice": false,
      "pricePerUOM": 7.14,
      "activationDate": "21-03-2024",
      "recordSource": "Folder",
      "isPromoActive": "N",
      "priceChangeCode": "L"
    },
    "isAvailable": true,
    "isPriceAvailable": true,
    "inPromo": true,
    "promotion": [
      {
        "techPromoId": "100868COLR",
        "promotionId": "100868",
        "promotionType": "3",
        "isPersonalized": "N",
        "publicationStartDate": "13-03-2024",
        "publicationEndDate": "26-03-2024"
      }
    ],
    "gtin": [
      "03083681127379",
      "03083681127386"
    ],
    "topCategoryName": "Conserven",
    "topCategoryId": "188",
    "businessDomain": "RETAIL_BE",
    "IsPrivateLabel": false,
    "IsBiffe": false,
    "WeightconversionFactor": "0",
    "IsWeightArticle": false,
    "nutriscoreLabel": "A",
    "IsBio": false,
    "CountryOfOrigin": "EUROPA",
    "IsExclusivelySoldInLuxembourg": false,
    "OrderUnit": "P",
    "ShortName": "BOND CRISP.MAIS.0%ZO150",
    "IsNew": false,
    "EcoscoreLabel": "B",
    "RecentQuanityOfStockUnits": "12,1",
    "LongName": "BONDUELLE Crispy maïs 0% zout Blik 150g",
    "FicCode": "E",
    "EcoscoreValue": "73"
  },
  {
    "productId": "82073",
    "technicalArticleNumber": "2940638",
    "commercialArticleNumber": "24758",
    "name": "kikkererwten blik",
    "description": "*Kikkererwten",
    "brand": "BONDUELLE",
    "seoBrand": "Bonduelle",
    "thumbNail": "https://static.colruytgroup.com/images/200x200/std.lang.all/95/51/asset-2619551.jpg",
    "fullImage": "https://static.colruytgroup.com/images/500x500/std.lang.all/95/51/asset-2619551.jpg",
    "squareImage": "https://static.colruytgroup.com/images/500x500sq/std.lang.all/95/51/asset-2619551.jpg",
    "content": "310g",
    "walkRouteSequenceNumber": 16488,
    "price": {
      "basicPrice": 1.19,
      "recommendedQuantity": "4.0",
      "measurementUnitPrice": 4.5,
      "measurementUnit": "K",
      "isRedPrice": false,
      "pricePerUOM": 4.5,
      "activationDate": "21-03-2024",
      "recordSource": "Folder",
      "isPromoActive": "N",
      "priceChangeCode": "L"
    },
    "isAvailable": true,
    "isPriceAvailable": true,
    "inPromo": false,
    "gtin": [
      "03083681006964",
      "03083681006971",
      "03083681027440"
    ],
    "topCategoryName": "Conserven",
    "topCategoryId": "188",
    "businessDomain": "RETAIL_BE",
    "IsPrivateLabel": false,
    "IsBiffe": false,
    "WeightconversionFactor": "0",
    "IsWeightArticle": false,
    "nutriscoreLabel": "A",
    "IsBio": false,
    "CountryOfOrigin": "FRANKRIJK",
    "IsExclusivelySoldInLuxembourg": false,
    "OrderUnit": "P",
    "ShortName": "BOND KIKKERERWTEN 310G",
    "IsNew": false,
    "EcoscoreLabel": "A",
    "RecentQuanityOfStockUnits": "4,1",
    "LongName": "BONDUELLE kikkererwten blik 310g",
    "AlcoholVolume": "0",
    "FicCode": "E",
    "EcoscoreValue": "88"
  },
  {
    "productId": "759",
    "technicalArticleNumber": "11850",
    "commercialArticleNumber": "11850",
    "name": "doperwten extra fijn",
    "description": "*Extra fijne\ndoperwtjes",
    "brand": "BONI",
    "seoBrand": "Boni Selection",
    "thumbNail": "https://static.colruytgroup.com/images/200x200/std.lang.all/50/93/asset-1295093.jpg",
    "fullImage": "https://static.colruytgroup.com/images/500x500/std.lang.all/50/93/asset-1295093.jpg",
    "squareImage": "https://static.colruytgroup.com/images/500x500sq/std.lang.all/50/93/asset-1295093.jpg",
    "content": "660g",
    "walkRouteSequenceNumber": 16364,
    "price": {
      "basicPrice": 1.29,
      "recommendedQuantity": "1.0",
      "measurementUnitPrice": 2.9,
      "measurementUnit": "K",
      "isRedPrice": false,
      "pricePerUOM": 2.9,
      "activationDate": "11-03-2024",
      "recordSource": "Offline",
      "isPromoActive": "N",
      "priceChangeCode": "E"
    },
    "isAvailable": true,
    "isPriceAvailable": true,
    "inPromo": false,
    "gtin": [
      "00000025118506",
      "05400141076721",
      "05400141278644",
      "05400141418507",
      "05400141424522",
      "05400141518504",
      "15400141278641",
      "05400141444261",
      "15400141444268"
    ],
    "topCategoryName": "Conserven",
    "topCategoryId": "188",
    "businessDomain": "RETAIL_BE",
    "IsPrivateLabel": true,
    "IsBiffe": false,
    "WeightconversionFactor": "0",
    "IsWeightArticle": false,
    "nutriscoreLabel": "A",
    "IsBio": false,
    "CountryOfOrigin": "BELGIË",
    "IsExclusivelySoldInLuxembourg": false,
    "OrderUnit": "P",
    "ShortName": "BONI ERWTEN EF 660G",
    "IsNew": false,
    "EcoscoreLabel": "A",
    "RecentQuanityOfStockUnits": "1",
    "LongName": "BONI doperwten extra fijn 660g",
    "AlcoholVolume": "0",
    "FicCode": "I",
    "EcoscoreValue": "100"
  },
  {
    "productId": "772",
    "technicalArticleNumber": "9624",
    "commercialArticleNumber": "9624",
    "name": "sardines olijfolie",
    "description": "*Sardines in\nolijfolie",
    "brand": "BONI",
    "seoBrand": "Boni Selection",
    "thumbNail": "https://static.colruytgroup.com/images/200x200/nl_be/23/03/asset-2172303.jpg",
    "fullImage": "https://static.colruytgroup.com/images/500x500/nl_be/23/03/asset-2172303.jpg",
    "squareImage": "https://static.colruytgroup.com/images/500x500sq/nl_be/23/03/asset-2172303.jpg",
    "content": "125g",
    "walkRouteSequenceNumber": 16644,
    "price": {
      "basicPrice": 1.1,
      "recommendedQuantity": "5.0",
      "measurementUnitPrice": 8.8,
      "measurementUnit": "K",
      "isRedPrice": false,
      "pricePerUOM": 8.8,
      "activationDate": "20-03-2024",
      "recordSource": "Folder",
      "isPromoActive": "N",
      "priceChangeCode": "L"
    },
    "isAvailable": true,
    "isPriceAvailable": true,
    "inPromo": false,
    "gtin": [
      "25400141265228",
      "05400141265224",
      "15400141056782",
      "15400141265221",
      "05400141056785",
      "05400141083132",
      "05400141172232",
      "05400141174700",
      "05400141998832",
      "15400141998839",
      "25400141998836",
      "15400141869023",
      "05400141869026",
      "25400141869020"
    ],
    "topCategoryName": "Conserven",
    "topCategoryId": "188",
    "businessDomain": "RETAIL_BE",
    "IsPrivateLabel": true,
    "IsBiffe": false,
    "WeightconversionFactor": "0",
    "IsWeightArticle": false,
    "nutriscoreLabel": "A",
    "IsBio": false,
    "CountryOfOrigin": "MAROKKO",
    "IsExclusivelySoldInLuxembourg": false,
    "OrderUnit": "P",
    "ShortName": "BONI SARDINES OLIJF125G",
    "IsNew": false,
    "EcoscoreLabel": "D",
    "RecentQuanityOfStockUnits": "5,1,5,1,50",
    "LongName": "BONI sardines olijfolie 125g",
    "AlcoholVolume": "0",
    "FicCode": "I",
    "EcoscoreValue": "30"
  },
  {
    "productId": "509660",
    "technicalArticleNumber": "4088105",
    "commercialArticleNumber": "7950",
    "name": "sardienen ZV/ZG OO milles.",
    "brand": "IMPERIAL",
    "seoBrand": "Imperial",
    "thumbNail": "https://static.colruytgroup.com/images/200x200/std.lang.all/13/92/asset-1811392.jpg",
    "fullImage": "https://static.colruytgroup.com/images/500x500/std.lang.all/13/92/asset-1811392.jpg",
    "squareImage": "https://static.colruytgroup.com/images/500x500sq/std.lang.all/13/92/asset-1811392.jpg",
    "content": "125g",
    "walkRouteSequenceNumber": 16673,
    "price": {
      "basicPrice": 2.49,
      "recommendedQuantity": "1.0",
      "measurementUnitPrice": 19.92,
      "measurementUnit": "K",
      "isRedPrice": false,
      "pricePerUOM": 19.92,
      "activationDate": "03-01-2024",
      "isPromoActive": "N",
      "priceChangeCode": "H"
    },
    "isAvailable": true,
    "isPriceAvailable": true,
    "inPromo": false,
    "gtin": [
      "05410363010472",
      "15410363010479"
    ],
    "topCategoryName": "Conserven",
    "topCategoryId": "188",
    "businessDomain": "RETAIL_BE",
    "IsPrivateLabel": false,
    "IsBiffe": false,
    "WeightconversionFactor": "0",
    "IsWeightArticle": false,
    "nutriscoreLabel": "C",
    "IsBio": false,
    "CountryOfOrigin": "MAROKKO",
    "IsExclusivelySoldInLuxembourg": false,
    "OrderUnit": "P",
    "ShortName": "IMPE SAR.ZV.ZG.OO MI125",
    "IsNew": false,
    "EcoscoreLabel": "E",
    "RecentQuanityOfStockUnits": "1,12",
    "LongName": "IMPERIAL sardienen ZV/ZG OO milles. 125g",
    "FicCode": "E",
    "EcoscoreValue": "15"
  },
  {
    "productId": "747532",
    "technicalArticleNumber": "4516580",
    "commercialArticleNumber": "14122",
    "name": "maïs",
    "brand": "BONI BIO",
    "seoBrand": "Boni Selection Bio",
    "thumbNail": "https://static.colruytgroup.com/images/200x200/std.lang.all/91/17/asset-3329117.jpg",
    "fullImage": "https://static.colruytgroup.com/images/500x500/std.lang.all/91/17/asset-3329117.jpg",
    "squareImage": "https://static.colruytgroup.com/images/500x500sq/std.lang.all/91/17/asset-3329117.jpg",
    "content": "150g",
    "walkRouteSequenceNumber": 16428,
    "price": {
      "basicPrice": 0.99,
      "recommendedQuantity": "1.0",
      "measurementUnitPrice": 7.08,
      "measurementUnit": "K",
      "isRedPrice": false,
      "pricePerUOM": 7.08,
      "activationDate": "17-11-2023",
      "isPromoActive": "N",
      "priceChangeCode": "E"
    },
    "isAvailable": true,
    "isPriceAvailable": true,
    "inPromo": false,
    "gtin": [
      "15400141963578",
      "05400141963571"
    ],
    "topCategoryName": "Conserven",
    "topCategoryId": "188",
    "businessDomain": "RETAIL_BE",
    "IsPrivateLabel": true,
    "IsBiffe": false,
    "WeightconversionFactor": "0",
    "IsWeightArticle": false,
    "nutriscoreLabel": "A",
    "IsBio": true,
    "CountryOfOrigin": "HONGARIJE",
    "IsExclusivelySoldInLuxembourg": false,
    "OrderUnit": "P",
    "ShortName": "BONI BIO MAIS 150G",
    "IsNew": false,
    "EcoscoreLabel": "A",
    "RecentQuanityOfStockUnits": "1",
    "LongName": "BONI BIO maïs 150g",
    "FicCode": "I",
    "EcoscoreValue": "100"
  },
  {
    "productId": "594660",
    "technicalArticleNumber": "4255476",
    "commercialArticleNumber": "21921",
    "name": "makreel chili",
    "brand": "FEUILLE D'OR",
    "seoBrand": "Feuille d'Or",
    "thumbNail": "https://static.colruytgroup.com/images/200x200/std.lang.all/20/63/asset-2112063.jpg",
    "fullImage": "https://static.colruytgroup.com/images/500x500/std.lang.all/20/63/asset-2112063.jpg",
    "squareImage": "https://static.colruytgroup.com/images/500x500sq/std.lang.all/20/63/asset-2112063.jpg",
    "content": "125g",
    "walkRouteSequenceNumber": 16648,
    "price": {
      "basicPrice": 3.08,
      "recommendedQuantity": "1.0",
      "measurementUnitPrice": 24.64,
      "measurementUnit": "K",
      "isRedPrice": false,
      "pricePerUOM": 24.64,
      "activationDate": "19-03-2024",
      "recordSource": "Offline",
      "isPromoActive": "N",
      "priceChangeCode": "H"
    },
    "isAvailable": true,
    "isPriceAvailable": true,
    "inPromo": false,
    "gtin": [
      "05412374001173",
      "05412374001197",
      "05412374001203"
    ],
    "topCategoryName": "Conserven",
    "topCategoryId": "188",
    "businessDomain": "RETAIL_BE",
    "IsPrivateLabel": false,
    "IsBiffe": false,
    "WeightconversionFactor": "0",
    "IsWeightArticle": false,
    "nutriscoreLabel": "C",
    "IsBio": false,
    "CountryOfOrigin": "POLEN",
    "IsExclusivelySoldInLuxembourg": false,
    "OrderUnit": "P",
    "ShortName": "FEUI MAKREEL CHILI 125G",
    "IsNew": false,
    "EcoscoreLabel": "E",
    "RecentQuanityOfStockUnits": "1,3",
    "LongName": "FEUILLE D'OR makreel chili 125g",
    "FicCode": "E",
    "EcoscoreValue": "14"
  },
  {
    "productId": "664",
    "technicalArticleNumber": "10030",
    "commercialArticleNumber": "10030",
    "name": "halve perzik siroop blik",
    "description": "*Halve perziken op\nsiroop",
    "brand": "DEL MONTE",
    "seoBrand": "Del Monte",
    "thumbNail": "https://static.colruytgroup.com/images/200x200/std.lang.all/94/77/asset-2409477.jpg",
    "fullImage": "https://static.colruytgroup.com/images/500x500/std.lang.all/94/77/asset-2409477.jpg",
    "squareImage": "https://static.colruytgroup.com/images/500x500sq/std.lang.all/94/77/asset-2409477.jpg",
    "content": "825g",
    "walkRouteSequenceNumber": 16664,
    "price": {
      "basicPrice": 3.19,
      "recommendedQuantity": "3.0",
      "measurementUnitPrice": 6.79,
      "measurementUnit": "K",
      "isRedPrice": false,
      "pricePerUOM": 6.79,
      "activationDate": "22-03-2024",
      "recordSource": "Offline",
      "isPromoActive": "N",
      "priceChangeCode": "L"
    },
    "isAvailable": true,
    "isPriceAvailable": true,
    "inPromo": false,
    "gtin": [
      "00000025100303",
      "00024000010418",
      "00024000058823",
      "05400141100303"
    ],
    "topCategoryName": "Conserven",
    "topCategoryId": "188",
    "businessDomain": "RETAIL_BE",
    "IsPrivateLabel": false,
    "IsBiffe": false,
    "WeightconversionFactor": "0",
    "IsWeightArticle": false,
    "nutriscoreLabel": "A",
    "IsBio": false,
    "CountryOfOrigin": "GRIEKENLAND",
    "IsExclusivelySoldInLuxembourg": false,
    "OrderUnit": "P",
    "ShortName": "DELM HALVE PERZIK 825GR",
    "IsNew": false,
    "EcoscoreLabel": "A",
    "RecentQuanityOfStockUnits": "3,1",
    "LongName": "DEL MONTE halve perzik siroop blik 825g",
    "AlcoholVolume": "0",
    "FicCode": "E",
    "EcoscoreValue": "94"
  },
  {
    "productId": "8817",
    "technicalArticleNumber": "1146585",
    "commercialArticleNumber": "11330",
    "name": "prins.bonen gebr. z.fijn blik",
    "description": "*Zeer fijne gebroken\nprinsessenbonen",
    "brand": "BONI",
    "seoBrand": "Boni Selection",
    "thumbNail": "https://static.colruytgroup.com/images/200x200/std.lang.all/28/03/asset-2082803.jpg",
    "fullImage": "https://static.colruytgroup.com/images/500x500/std.lang.all/28/03/asset-2082803.jpg",
    "squareImage": "https://static.colruytgroup.com/images/500x500sq/std.lang.all/28/03/asset-2082803.jpg",
    "content": "200g",
    "walkRouteSequenceNumber": 16458,
    "price": {
      "basicPrice": 0.63,
      "recommendedQuantity": "3.0",
      "quantityPrice": 0.496,
      "quantityPriceQuantity": "6.0",
      "measurementUnitPrice": 5.73,
      "measurementUnitQuantityPrice": 4.52,
      "measurementUnit": "K",
      "isRedPrice": false,
      "pricePerUOM": 5.73,
      "activationDate": "20-03-2024",
      "recordSource": "Offline",
      "isPromoActive": "N",
      "priceChangeCode": "E",
      "quantityPricePerUOM": 4.52,
      "quantityActivationDate": "20-03-2024",
      "quantityPriceChangeCode": "L"
    },
    "isAvailable": true,
    "isPriceAvailable": true,
    "inPromo": false,
    "gtin": [
      "15400141057109",
      "25400141128578",
      "05400141294378",
      "15400141306726",
      "15400141128571",
      "05400141013306",
      "05400141056501",
      "05400141128574",
      "05400141306729"
    ],
    "topCategoryName": "Conserven",
    "topCategoryId": "188",
    "businessDomain": "RETAIL_BE",
    "IsPrivateLabel": true,
    "IsBiffe": false,
    "WeightconversionFactor": "0",
    "IsWeightArticle": false,
    "nutriscoreLabel": "A",
    "IsBio": false,
    "CountryOfOrigin": "NEDERLAND",
    "IsExclusivelySoldInLuxembourg": false,
    "OrderUnit": "P",
    "ShortName": "BONI ZF GEBR.SPERZI200G",
    "IsNew": false,
    "EcoscoreLabel": "A",
    "RecentQuanityOfStockUnits": "1,24",
    "LongName": "BONI prins.bonen gebr. z.fijn blik 200g",
    "AlcoholVolume": "0",
    "FicCode": "I",
    "EcoscoreValue": "100"
  },
  {
    "productId": "10343",
    "technicalArticleNumber": "1137818",
    "commercialArticleNumber": "11873",
    "name": "doperwten en wortelen",
    "description": "*Biologisch geteelde\ndoperwten en jonge\nwortelen",
    "brand": "BONI BIO",
    "seoBrand": "Boni Selection Bio",
    "thumbNail": "https://static.colruytgroup.com/images/200x200/std.lang.all/51/11/asset-2095111.jpg",
    "fullImage": "https://static.colruytgroup.com/images/500x500/std.lang.all/51/11/asset-2095111.jpg",
    "squareImage": "https://static.colruytgroup.com/images/500x500sq/std.lang.all/51/11/asset-2095111.jpg",
    "content": "340g",
    "walkRouteSequenceNumber": 16390,
    "price": {
      "basicPrice": 1.29,
      "recommendedQuantity": "3.0",
      "measurementUnitPrice": 5.87,
      "measurementUnit": "K",
      "isRedPrice": false,
      "pricePerUOM": 5.87,
      "activationDate": "17-02-2024",
      "recordSource": "Offline",
      "isPromoActive": "N",
      "priceChangeCode": "E"
    },
    "isAvailable": true,
    "isPriceAvailable": true,
    "inPromo": false,
    "gtin": [
      "05400141118834",
      "05400141127003",
      "15400141336761",
      "05400141336764",
      "05400141208177"
    ],
    "topCategoryName": "Conserven",
    "topCategoryId": "188",
    "businessDomain": "RETAIL_BE",
    "IsPrivateLabel": true,
    "IsBiffe": false,
    "WeightconversionFactor": "0",
    "IsWeightArticle": false,
    "nutriscoreLabel": "A",
    "IsBio": true,
    "CountryOfOrigin": "NEDERLAND",
    "IsExclusivelySoldInLuxembourg": false,
    "OrderUnit": "P",
    "ShortName": "BONI BIO ERWT.WOR.340G",
    "IsNew": false,
    "EcoscoreLabel": "A",
    "RecentQuanityOfStockUnits": "1,3",
    "LongName": "BONI BIO doperwten en wortelen 340g",
    "AlcoholVolume": "0",
    "FicCode": "I",
    "EcoscoreValue": "100"
  },
  {
    "productId": "826421",
    "technicalArticleNumber": "4663931",
    "commercialArticleNumber": "30104",
    "name": "tomatenroomsoep balletj.",
    "brand": "BUTTERFLY",
    "seoBrand": "Butterfly",
    "thumbNail": "https://static.colruytgroup.com/images/200x200/nl_be/49/14/asset-3034914.jpg",
    "fullImage": "https://static.colruytgroup.com/images/500x500/nl_be/49/14/asset-3034914.jpg",
    "squareImage": "https://static.colruytgroup.com/images/500x500sq/nl_be/49/14/asset-3034914.jpg",
    "content": "950ml",
    "walkRouteSequenceNumber": 6637,
    "price": {
      "basicPrice": 3.99,
      "recommendedQuantity": "1.0",
      "measurementUnitPrice": 4.2,
      "measurementUnit": "L",
      "isRedPrice": false,
      "pricePerUOM": 4.2,
      "activationDate": "28-02-2024",
      "recordSource": "Offline",
      "isPromoActive": "N",
      "priceChangeCode": "E"
    },
    "isAvailable": true,
    "isPriceAvailable": true,
    "inPromo": false,
    "gtin": [
      "05425010830150"
    ],
    "topCategoryName": "Bereidingen/Charcuterie/Vis/Veggie",
    "topCategoryId": "105",
    "businessDomain": "RETAIL_BE",
    "IsPrivateLabel": false,
    "IsBiffe": false,
    "WeightconversionFactor": "0",
    "IsWeightArticle": false,
    "nutriscoreLabel": "C",
    "IsBio": false,
    "CountryOfOrigin": "BELGIË",
    "IsExclusivelySoldInLuxembourg": false,
    "OrderUnit": "P",
    "ShortName": "BUTT TOMAT.SOEP 950ML",
    "IsNew": false,
    "EcoscoreLabel": "D",
    "RecentQuanityOfStockUnits": "1",
    "LongName": "BUTTERFLY tomatenroomsoep balletj. 950ml",
    "FicCode": "E",
    "EcoscoreValue": "32"
  },
  {
    "productId": "742",
    "technicalArticleNumber": "11421",
    "commercialArticleNumber": "11421",
    "name": "geraspte wortelen",
    "description": "*Geraspte wortelen\nmet azijn",
    "brand": "BONI",
    "seoBrand": "Boni Selection",
    "thumbNail": "https://static.colruytgroup.com/images/200x200/std.lang.all/59/49/asset-3325949.jpg",
    "fullImage": "https://static.colruytgroup.com/images/500x500/std.lang.all/59/49/asset-3325949.jpg",
    "squareImage": "https://static.colruytgroup.com/images/500x500sq/std.lang.all/59/49/asset-3325949.jpg",
    "content": "330g",
    "walkRouteSequenceNumber": 16377,
    "price": {
      "basicPrice": 0.83,
      "recommendedQuantity": "1.0",
      "measurementUnitPrice": 4.37,
      "measurementUnit": "K",
      "isRedPrice": false,
      "pricePerUOM": 4.37,
      "activationDate": "09-01-2024",
      "recordSource": "Offline",
      "isPromoActive": "N",
      "priceChangeCode": "E"
    },
    "isAvailable": true,
    "isPriceAvailable": true,
    "inPromo": false,
    "gtin": [
      "15400141214212",
      "00000025114218",
      "05400141229608",
      "05400141277715",
      "15400141277712",
      "05400141214215",
      "05400141224214"
    ],
    "topCategoryName": "Conserven",
    "topCategoryId": "188",
    "businessDomain": "RETAIL_BE",
    "IsPrivateLabel": true,
    "IsBiffe": false,
    "WeightconversionFactor": "0",
    "IsWeightArticle": false,
    "nutriscoreLabel": "A",
    "IsBio": false,
    "CountryOfOrigin": "BELGIË",
    "IsExclusivelySoldInLuxembourg": false,
    "OrderUnit": "P",
    "ShortName": "BONI GER.WORTELEN 330G",
    "IsNew": false,
    "EcoscoreLabel": "A",
    "RecentQuanityOfStockUnits": "1,12",
    "LongName": "BONI geraspte wortelen 330g",
    "AlcoholVolume": "0",
    "FicCode": "I",
    "EcoscoreValue": "100"
  },
  {
    "productId": "2481",
    "technicalArticleNumber": "1099901",
    "commercialArticleNumber": "11981",
    "name": "schorseneren",
    "description": "*Gesneden\nschorseneren",
    "brand": "HAK",
    "seoBrand": "Hak",
    "thumbNail": "https://static.colruytgroup.com/images/200x200/std.lang.all/02/22/asset-2900222.jpg",
    "fullImage": "https://static.colruytgroup.com/images/500x500/std.lang.all/02/22/asset-2900222.jpg",
    "squareImage": "https://static.colruytgroup.com/images/500x500sq/std.lang.all/02/22/asset-2900222.jpg",
    "content": "340g",
    "walkRouteSequenceNumber": 16338,
    "price": {
      "basicPrice": 2.99,
      "recommendedQuantity": "1.0",
      "measurementUnitPrice": 14.59,
      "measurementUnit": "K",
      "isRedPrice": false,
      "pricePerUOM": 14.59,
      "activationDate": "13-03-2024",
      "recordSource": "Offline",
      "isPromoActive": "N",
      "priceChangeCode": "L"
    },
    "isAvailable": true,
    "isPriceAvailable": true,
    "inPromo": false,
    "gtin": [
      "00000025119817",
      "08720600103100",
      "08720600104107"
    ],
    "topCategoryName": "Conserven",
    "topCategoryId": "188",
    "businessDomain": "RETAIL_BE",
    "IsPrivateLabel": false,
    "IsBiffe": false,
    "WeightconversionFactor": "0",
    "IsWeightArticle": false,
    "nutriscoreLabel": "A",
    "IsBio": false,
    "CountryOfOrigin": "BELGIË",
    "IsExclusivelySoldInLuxembourg": false,
    "OrderUnit": "P",
    "ShortName": "HAK SCHORSEN.GESN.340G",
    "IsNew": false,
    "EcoscoreLabel": "A",
    "RecentQuanityOfStockUnits": "1",
    "LongName": "HAK schorseneren 340g",
    "AlcoholVolume": "0",
    "FicCode": "E",
    "EcoscoreValue": "91"
  },
  {
    "productId": "253725",
    "technicalArticleNumber": "3605445",
    "commercialArticleNumber": "11188",
    "name": "pilchards tomatensaus",
    "brand": "BONI",
    "seoBrand": "Boni Selection",
    "thumbNail": "https://static.colruytgroup.com/images/200x200/std.lang.all/17/73/asset-2051773.jpg",
    "fullImage": "https://static.colruytgroup.com/images/500x500/std.lang.all/17/73/asset-2051773.jpg",
    "squareImage": "https://static.colruytgroup.com/images/500x500sq/std.lang.all/17/73/asset-2051773.jpg",
    "content": "385g",
    "walkRouteSequenceNumber": 16679,
    "price": {
      "basicPrice": 1.87,
      "recommendedQuantity": "1.0",
      "measurementUnitPrice": 4.86,
      "measurementUnit": "K",
      "isRedPrice": false,
      "pricePerUOM": 4.86,
      "activationDate": "14-11-2023",
      "recordSource": "Offline",
      "isPromoActive": "N",
      "priceChangeCode": "E"
    },
    "isAvailable": true,
    "isPriceAvailable": true,
    "inPromo": false,
    "gtin": [
      "15400141282372",
      "15400141044819",
      "05400141282375",
      "05400141044812"
    ],
    "topCategoryName": "Conserven",
    "topCategoryId": "188",
    "businessDomain": "RETAIL_BE",
    "IsPrivateLabel": true,
    "IsBiffe": false,
    "WeightconversionFactor": "0",
    "IsWeightArticle": false,
    "nutriscoreLabel": "C",
    "IsBio": false,
    "CountryOfOrigin": "MAROKKO",
    "IsExclusivelySoldInLuxembourg": false,
    "OrderUnit": "P",
    "ShortName": "BONI PILCH.TOM.SAUS 385",
    "IsNew": false,
    "EcoscoreLabel": "C",
    "RecentQuanityOfStockUnits": "1,24",
    "LongName": "BONI pilchards tomatensaus 385g",
    "AlcoholVolume": "0",
    "FicCode": "I",
    "EcoscoreValue": "46"
  },
  {
    "productId": "844836",
    "technicalArticleNumber": "4690467",
    "commercialArticleNumber": "2179",
    "name": "groen.jalapeños schijfjes",
    "brand": "POCO LOCO",
    "seoBrand": "Poco Loco",
    "thumbNail": "https://static.colruytgroup.com/images/200x200/std.lang.all/37/17/asset-3233717.jpg",
    "fullImage": "https://static.colruytgroup.com/images/500x500/std.lang.all/37/17/asset-3233717.jpg",
    "squareImage": "https://static.colruytgroup.com/images/500x500sq/std.lang.all/37/17/asset-3233717.jpg",
    "content": "225g",
    "walkRouteSequenceNumber": 8659,
    "price": {
      "basicPrice": 2.29,
      "recommendedQuantity": "1.0",
      "measurementUnitPrice": 10.18,
      "measurementUnit": "K",
      "isRedPrice": false,
      "pricePerUOM": 10.18,
      "activationDate": "31-01-2024",
      "isPromoActive": "N",
      "priceChangeCode": "H"
    },
    "isAvailable": true,
    "isPriceAvailable": true,
    "inPromo": false,
    "gtin": [
      "05412514937188",
      "15412514937185"
    ],
    "topCategoryName": "Chips/Borrelhapjes",
    "topCategoryId": "306",
    "businessDomain": "RETAIL_BE",
    "IsPrivateLabel": false,
    "IsBiffe": false,
    "WeightconversionFactor": "0",
    "IsWeightArticle": false,
    "IsBio": false,
    "CountryOfOrigin": "BELGIË",
    "IsExclusivelySoldInLuxembourg": false,
    "OrderUnit": "P",
    "ShortName": "POLO GROEN.JALAPENOS225",
    "IsNew": false,
    "EcoscoreLabel": "E",
    "RecentQuanityOfStockUnits": "1",
    "LongName": "POCO LOCO groen.jalapeños schijfjes 225g",
    "AlcoholVolume": "0",
    "FicCode": "E",
    "EcoscoreValue": "2"
  },
  {
    "productId": "513726",
    "technicalArticleNumber": "4083334",
    "commercialArticleNumber": "7757",
    "name": "Aioli",
    "description": "*Knoflooksaus",
    "brand": "BONI",
    "seoBrand": "Boni Selection",
    "thumbNail": "https://static.colruytgroup.com/images/200x200/std.lang.all/72/30/asset-2407230.jpg",
    "fullImage": "https://static.colruytgroup.com/images/500x500/std.lang.all/72/30/asset-2407230.jpg",
    "squareImage": "https://static.colruytgroup.com/images/500x500sq/std.lang.all/72/30/asset-2407230.jpg",
    "content": "150g",
    "walkRouteSequenceNumber": 7765,
    "price": {
      "basicPrice": 1.96,
      "recommendedQuantity": "1.0",
      "quantityPrice": 1.8,
      "quantityPriceQuantity": "3.0",
      "measurementUnitPrice": 13.07,
      "measurementUnitQuantityPrice": 12,
      "measurementUnit": "K",
      "isRedPrice": false,
      "pricePerUOM": 13.07,
      "activationDate": "07-03-2024",
      "recordSource": "Offline",
      "isPromoActive": "N",
      "priceChangeCode": "H",
      "quantityPricePerUOM": 12,
      "quantityActivationDate": "07-03-2024",
      "quantityPriceChangeCode": "E"
    },
    "isAvailable": true,
    "isPriceAvailable": true,
    "inPromo": false,
    "gtin": [
      "05400141279887",
      "15400141279884",
      "15400141420897",
      "15400141740759",
      "05400141437843",
      "05400141740752",
      "15400141437840"
    ],
    "topCategoryName": "Chips/Borrelhapjes",
    "topCategoryId": "306",
    "businessDomain": "RETAIL_BE",
    "IsPrivateLabel": true,
    "IsBiffe": false,
    "WeightconversionFactor": "0",
    "IsWeightArticle": false,
    "nutriscoreLabel": "D",
    "IsBio": false,
    "CountryOfOrigin": "BELGIË",
    "IsExclusivelySoldInLuxembourg": false,
    "OrderUnit": "P",
    "ShortName": "BONI AIOLI 150G",
    "IsNew": false,
    "EcoscoreLabel": "D",
    "RecentQuanityOfStockUnits": "1",
    "LongName": "BONI Aioli 150g",
    "FicCode": "I",
    "EcoscoreValue": "29"
  },
  {
    "productId": "11120",
    "technicalArticleNumber": "1384589",
    "commercialArticleNumber": "12192",
    "name": "kervelsoep met balletjes brik",
    "description": "*Kervelsoep\nmet balletjes",
    "brand": "LIEBIG",
    "seoBrand": "Liebig",
    "thumbNail": "https://static.colruytgroup.com/images/200x200/std.lang.all/37/59/asset-3453759.jpg",
    "fullImage": "https://static.colruytgroup.com/images/500x500/std.lang.all/37/59/asset-3453759.jpg",
    "squareImage": "https://static.colruytgroup.com/images/500x500sq/std.lang.all/37/59/asset-3453759.jpg",
    "content": "1L",
    "walkRouteSequenceNumber": 16934,
    "price": {
      "basicPrice": 3.69,
      "recommendedQuantity": "1.0",
      "measurementUnitPrice": 3.69,
      "measurementUnit": "L",
      "isRedPrice": false,
      "pricePerUOM": 3.69,
      "activationDate": "20-03-2024",
      "recordSource": "Offline",
      "isPromoActive": "N",
      "priceChangeCode": "H"
    },
    "isAvailable": true,
    "isPriceAvailable": true,
    "inPromo": false,
    "gtin": [
      "05410056188044",
      "05414972726595",
      "05414972705736",
      "05414972205731"
    ],
    "topCategoryName": "Kruidenierswaren/Droge voeding",
    "topCategoryId": "233",
    "businessDomain": "RETAIL_BE",
    "IsPrivateLabel": false,
    "IsBiffe": false,
    "WeightconversionFactor": "0",
    "IsWeightArticle": false,
    "nutriscoreLabel": "B",
    "IsBio": false,
    "CountryOfOrigin": "FRANKRIJK",
    "IsExclusivelySoldInLuxembourg": false,
    "OrderUnit": "P",
    "ShortName": "LIEB KERVEL BALLETJES1L",
    "IsNew": false,
    "EcoscoreLabel": "D",
    "RecentQuanityOfStockUnits": "2,1",
    "LongName": "LIEBIG kervelsoep met balletjes brik 1L",
    "AlcoholVolume": "0",
    "FicCode": "E",
    "EcoscoreValue": "32"
  },
  {
    "productId": "630162",
    "technicalArticleNumber": "4315685",
    "commercialArticleNumber": "6245",
    "name": "guacamole 300 g V",
    "brand": "BONI",
    "seoBrand": "Boni Selection",
    "thumbNail": "https://static.colruytgroup.com/images/200x200/std.lang.all/49/73/asset-2354973.jpg",
    "fullImage": "https://static.colruytgroup.com/images/500x500/std.lang.all/49/73/asset-2354973.jpg",
    "squareImage": "https://static.colruytgroup.com/images/500x500sq/std.lang.all/49/73/asset-2354973.jpg",
    "walkRouteSequenceNumber": 4776,
    "price": {
      "basicPrice": 1.59,
      "recommendedQuantity": "1.0",
      "measurementUnitPrice": 5.3,
      "measurementUnit": "K",
      "isRedPrice": false,
      "pricePerUOM": 5.3,
      "activationDate": "19-03-2024",
      "recordSource": "Offline",
      "isPromoActive": "N",
      "priceChangeCode": "E"
    },
    "isAvailable": true,
    "isPriceAvailable": true,
    "inPromo": false,
    "gtin": [
      "05400141469646",
      "15400141469643"
    ],
    "topCategoryName": "Chips/Borrelhapjes",
    "topCategoryId": "306",
    "businessDomain": "RETAIL_BE",
    "IsPrivateLabel": true,
    "IsBiffe": false,
    "WeightconversionFactor": "0",
    "IsWeightArticle": false,
    "nutriscoreLabel": "C",
    "IsBio": false,
    "CountryOfOrigin": "BELGIË",
    "IsExclusivelySoldInLuxembourg": false,
    "OrderUnit": "P",
    "ShortName": "BONI GUACAMOLE 300G",
    "IsNew": false,
    "EcoscoreLabel": "B",
    "RecentQuanityOfStockUnits": "1,12",
    "LongName": "BONI guacamole 300 g V",
    "FicCode": "I",
    "EcoscoreValue": "66"
  },
  {
    "productId": "59033",
    "technicalArticleNumber": "2332969",
    "commercialArticleNumber": "19304",
    "name": "tonijn in olijfolie",
    "description": "*Tonijnmoot in\nolijfolie",
    "brand": "RIO MARE",
    "seoBrand": "Rio Mare",
    "thumbNail": "https://static.colruytgroup.com/images/200x200/std.lang.all/11/18/asset-521118.jpg",
    "fullImage": "https://static.colruytgroup.com/images/500x500/std.lang.all/11/18/asset-521118.jpg",
    "squareImage": "https://static.colruytgroup.com/images/500x500sq/std.lang.all/11/18/asset-521118.jpg",
    "content": "160g",
    "walkRouteSequenceNumber": 16748,
    "price": {
      "basicPrice": 3.49,
      "recommendedQuantity": "4.0",
      "measurementUnitPrice": 21.82,
      "measurementUnit": "K",
      "isRedPrice": false,
      "pricePerUOM": 21.82,
      "activationDate": "13-03-2024",
      "recordSource": "Offline",
      "isPromoActive": "N",
      "priceChangeCode": "E"
    },
    "isAvailable": true,
    "isPriceAvailable": true,
    "inPromo": false,
    "gtin": [
      "05415087008415",
      "08004030044005",
      "15415087008412",
      "08004030120723",
      "08004030120730",
      "08004030342521",
      "08004030120006",
      "15415087015526"
    ],
    "topCategoryName": "Conserven",
    "topCategoryId": "188",
    "businessDomain": "RETAIL_BE",
    "IsPrivateLabel": false,
    "IsBiffe": false,
    "WeightconversionFactor": "0",
    "IsWeightArticle": false,
    "nutriscoreLabel": "D",
    "IsBio": false,
    "CountryOfOrigin": "ITALIË",
    "IsExclusivelySoldInLuxembourg": false,
    "OrderUnit": "P",
    "ShortName": "R MARE TONIJN OLIJF160G",
    "InSeason": true,
    "IsNew": false,
    "EcoscoreLabel": "D",
    "RecentQuanityOfStockUnits": "1,4",
    "LongName": "RIO MARE tonijn in olijfolie 160g",
    "AlcoholVolume": "0",
    "StartSeasonDate": "12/08/2020",
    "FicCode": "E",
    "EcoscoreValue": "33"
  },
  {
    "productId": "869455",
    "technicalArticleNumber": "4722790",
    "commercialArticleNumber": "18398",
    "name": "macaroni Formaggio 5P",
    "brand": "MIRACOLI",
    "seoBrand": "Miracoli",
    "thumbNail": "https://static.colruytgroup.com/images/200x200/std.lang.all/61/69/asset-3216169.jpg",
    "fullImage": "https://static.colruytgroup.com/images/500x500/std.lang.all/61/69/asset-3216169.jpg",
    "squareImage": "https://static.colruytgroup.com/images/500x500sq/std.lang.all/61/69/asset-3216169.jpg",
    "content": "448,5g",
    "walkRouteSequenceNumber": 16800,
    "price": {
      "basicPrice": 4.99,
      "recommendedQuantity": "2.0",
      "measurementUnitPrice": 11.12,
      "measurementUnit": "K",
      "isRedPrice": false,
      "pricePerUOM": 11.12,
      "activationDate": "17-10-2023",
      "recordSource": "Offline",
      "isPromoActive": "N",
      "priceChangeCode": "E"
    },
    "isAvailable": true,
    "isPriceAvailable": true,
    "inPromo": false,
    "gtin": [
      "04002359018640",
      "25400141910852",
      "04002359018763"
    ],
    "topCategoryName": "Conserven",
    "topCategoryId": "188",
    "businessDomain": "RETAIL_BE",
    "IsPrivateLabel": false,
    "IsBiffe": false,
    "WeightconversionFactor": "0",
    "IsWeightArticle": false,
    "IsBio": false,
    "CountryOfOrigin": "ITALIË",
    "IsExclusivelySoldInLuxembourg": false,
    "OrderUnit": "P",
    "ShortName": "MIRA MACARONI KAAS 5P",
    "IsNew": false,
    "RecentQuanityOfStockUnits": "1,2,14",
    "LongName": "MIRACOLI macaroni Formaggio 5P 448,5g",
    "FicCode": "E"
  },
  {
    "productId": "14449",
    "technicalArticleNumber": "1632613",
    "commercialArticleNumber": "12187",
    "name": "9 groentenweelde brik",
    "description": "*Groentesoep",
    "brand": "LIEBIG",
    "seoBrand": "Liebig",
    "thumbNail": "https://static.colruytgroup.com/images/200x200/nl_be/65/13/asset-2366513.jpg",
    "fullImage": "https://static.colruytgroup.com/images/500x500/nl_be/65/13/asset-2366513.jpg",
    "squareImage": "https://static.colruytgroup.com/images/500x500sq/nl_be/65/13/asset-2366513.jpg",
    "content": "1L",
    "walkRouteSequenceNumber": 16887,
    "price": {
      "basicPrice": 3.19,
      "recommendedQuantity": "2.0",
      "measurementUnitPrice": 3.19,
      "measurementUnit": "L",
      "isRedPrice": false,
      "pricePerUOM": 3.19,
      "activationDate": "12-03-2024",
      "recordSource": "Offline",
      "isPromoActive": "N",
      "priceChangeCode": "H"
    },
    "isAvailable": true,
    "isPriceAvailable": true,
    "inPromo": false,
    "gtin": [
      "05414972101521",
      "05414972726625",
      "05414972205724",
      "05414972705729",
      "05410056184176",
      "05414972706092"
    ],
    "topCategoryName": "Kruidenierswaren/Droge voeding",
    "topCategoryId": "233",
    "businessDomain": "RETAIL_BE",
    "IsPrivateLabel": false,
    "IsBiffe": false,
    "WeightconversionFactor": "0",
    "IsWeightArticle": false,
    "nutriscoreLabel": "B",
    "IsBio": false,
    "CountryOfOrigin": "FRANKRIJK",
    "IsExclusivelySoldInLuxembourg": false,
    "OrderUnit": "P",
    "ShortName": "LIEB 9GROENTENWEELDE 1L",
    "IsNew": false,
    "EcoscoreLabel": "B",
    "RecentQuanityOfStockUnits": "1,2,8,8",
    "LongName": "LIEBIG 9 groentenweelde brik 1L",
    "AlcoholVolume": "0",
    "FicCode": "E",
    "EcoscoreValue": "78"
  },
  {
    "productId": "11829",
    "technicalArticleNumber": "1415473",
    "commercialArticleNumber": "10656",
    "name": "perzikschijven op sap blik",
    "description": "*Perzikschijven op\nsap",
    "brand": "BONI",
    "seoBrand": "Boni Selection",
    "thumbNail": "https://static.colruytgroup.com/images/200x200/std.lang.all/35/15/asset-1993515.jpg",
    "fullImage": "https://static.colruytgroup.com/images/500x500/std.lang.all/35/15/asset-1993515.jpg",
    "squareImage": "https://static.colruytgroup.com/images/500x500sq/std.lang.all/35/15/asset-1993515.jpg",
    "content": "410g",
    "walkRouteSequenceNumber": 16666,
    "price": {
      "basicPrice": 1.2,
      "recommendedQuantity": "3.0",
      "quantityPrice": 0.9,
      "quantityPriceQuantity": "4.0",
      "measurementUnitPrice": 5,
      "measurementUnitQuantityPrice": 3.75,
      "measurementUnit": "K",
      "isRedPrice": false,
      "pricePerUOM": 5,
      "activationDate": "20-03-2024",
      "recordSource": "Offline",
      "isPromoActive": "N",
      "priceChangeCode": "E",
      "quantityPricePerUOM": 3.75,
      "quantityActivationDate": "20-03-2024",
      "quantityPriceChangeCode": "E"
    },
    "isAvailable": true,
    "isPriceAvailable": true,
    "inPromo": false,
    "gtin": [
      "15400141568513",
      "15400141617303",
      "05400141617306",
      "05400141106664",
      "15400141909316",
      "05400141271850",
      "15400141271857",
      "05400141168709",
      "05400141568516",
      "25400141568510"
    ],
    "topCategoryName": "Conserven",
    "topCategoryId": "188",
    "businessDomain": "RETAIL_BE",
    "IsPrivateLabel": true,
    "IsBiffe": false,
    "WeightconversionFactor": "0",
    "IsWeightArticle": false,
    "nutriscoreLabel": "A",
    "IsBio": false,
    "CountryOfOrigin": "CHINA (VOLKSREBUPLIEK)",
    "IsExclusivelySoldInLuxembourg": false,
    "OrderUnit": "P",
    "ShortName": "BONI PERZ.SCHIJV SAP410",
    "InSeason": true,
    "IsNew": false,
    "EcoscoreLabel": "A",
    "RecentQuanityOfStockUnits": "3,12,1,1,3,12,1",
    "LongName": "BONI perzikschijven op sap blik 410g",
    "AlcoholVolume": "0",
    "StartSeasonDate": "18/09/2006",
    "FicCode": "I",
    "EcoscoreValue": "81"
  },
  {
    "productId": "42524",
    "technicalArticleNumber": "2532541",
    "commercialArticleNumber": "14444",
    "name": "soep Class.tom.balletjes brik",
    "description": "*Tomatensoep\n*Soep in brik\n*Klaar voor gebruik\n*Warm gerecht\n*Makkelijk bereiden",
    "brand": "KNORR",
    "seoBrand": "Knorr",
    "thumbNail": "https://static.colruytgroup.com/images/200x200/nl_be/39/97/asset-2883997.jpg",
    "fullImage": "https://static.colruytgroup.com/images/500x500/nl_be/39/97/asset-2883997.jpg",
    "squareImage": "https://static.colruytgroup.com/images/500x500sq/nl_be/39/97/asset-2883997.jpg",
    "content": "1L",
    "walkRouteSequenceNumber": 16954,
    "price": {
      "basicPrice": 2.49,
      "recommendedQuantity": "2.0",
      "measurementUnitPrice": 2.49,
      "measurementUnit": "L",
      "isRedPrice": false,
      "pricePerUOM": 2.49,
      "activationDate": "13-03-2024",
      "recordSource": "Offline",
      "isPromoActive": "N",
      "priceChangeCode": "E"
    },
    "isAvailable": true,
    "isPriceAvailable": true,
    "inPromo": true,
    "promotion": [
      {
        "techPromoId": "100943COLR",
        "promotionId": "100943",
        "promotionType": "3",
        "isPersonalized": "N",
        "publicationStartDate": "13-03-2024",
        "publicationEndDate": "26-03-2024"
      }
    ],
    "gtin": [
      "05400141017106",
      "08714100769003",
      "08714100768990"
    ],
    "topCategoryName": "Kruidenierswaren/Droge voeding",
    "topCategoryId": "233",
    "businessDomain": "RETAIL_BE",
    "IsPrivateLabel": false,
    "IsBiffe": false,
    "WeightconversionFactor": "0",
    "IsWeightArticle": false,
    "nutriscoreLabel": "C",
    "IsBio": false,
    "CountryOfOrigin": "FRANKRIJK",
    "IsExclusivelySoldInLuxembourg": false,
    "OrderUnit": "P",
    "ShortName": "KN TOMAAT BALLETJES 1L",
    "IsNew": false,
    "EcoscoreLabel": "D",
    "RecentQuanityOfStockUnits": "2,1,8",
    "LongName": "KNORR soep Class.tom.balletjes brik 1L",
    "AlcoholVolume": "0",
    "FicCode": "E",
    "EcoscoreValue": "32"
  },
  {
    "productId": "18697",
    "technicalArticleNumber": "1717191",
    "commercialArticleNumber": "12221",
    "name": "soep asperge crème",
    "description": "*Soep in blik\n*Snelle maaltijd\n*Snelle maaltijd\n*Groentensoep\n*Warm gerecht",
    "brand": "KNORR",
    "seoBrand": "Knorr",
    "thumbNail": "https://static.colruytgroup.com/images/200x200/nl_be/53/49/asset-2795349.jpg",
    "fullImage": "https://static.colruytgroup.com/images/500x500/nl_be/53/49/asset-2795349.jpg",
    "squareImage": "https://static.colruytgroup.com/images/500x500sq/nl_be/53/49/asset-2795349.jpg",
    "content": "515ml",
    "walkRouteSequenceNumber": 16894,
    "price": {
      "basicPrice": 2.59,
      "recommendedQuantity": "2.0",
      "measurementUnitPrice": 5.03,
      "measurementUnit": "L",
      "isRedPrice": false,
      "pricePerUOM": 5.03,
      "activationDate": "13-03-2024",
      "recordSource": "Offline",
      "isPromoActive": "N",
      "priceChangeCode": "H"
    },
    "isAvailable": true,
    "isPriceAvailable": true,
    "inPromo": false,
    "gtin": [
      "05400141122213",
      "08722700083160",
      "08722700700241",
      "08710522616994",
      "08710522617007"
    ],
    "topCategoryName": "Kruidenierswaren/Droge voeding",
    "topCategoryId": "233",
    "businessDomain": "RETAIL_BE",
    "IsPrivateLabel": false,
    "IsBiffe": false,
    "WeightconversionFactor": "0",
    "IsWeightArticle": false,
    "nutriscoreLabel": "C",
    "IsBio": false,
    "CountryOfOrigin": "NEDERLAND",
    "IsExclusivelySoldInLuxembourg": false,
    "OrderUnit": "P",
    "ShortName": "KNORR ASPERGECREME515ML",
    "InSeason": true,
    "IsNew": false,
    "EcoscoreLabel": "B",
    "RecentQuanityOfStockUnits": "1",
    "LongName": "KNORR soep asperge crème 515ml",
    "AlcoholVolume": "0",
    "StartSeasonDate": "08/04/2019",
    "FicCode": "E",
    "EcoscoreValue": "69"
  },
  {
    "productId": "699",
    "technicalArticleNumber": "12625",
    "commercialArticleNumber": "12625",
    "name": "soep tomaten suprême",
    "description": "*Tomatensuprême\nmet croutons",
    "brand": "ROYCO CRUNCHY",
    "seoBrand": "Royco Crunchy",
    "thumbNail": "https://static.colruytgroup.com/images/200x200/std.lang.all/37/22/asset-3353722.jpg",
    "fullImage": "https://static.colruytgroup.com/images/500x500/std.lang.all/37/22/asset-3353722.jpg",
    "squareImage": "https://static.colruytgroup.com/images/500x500sq/std.lang.all/37/22/asset-3353722.jpg",
    "content": "20st",
    "walkRouteSequenceNumber": 16912,
    "price": {
      "basicPrice": 11.6,
      "recommendedQuantity": "1.0",
      "measurementUnitPrice": 28.02,
      "measurementUnit": "K",
      "isRedPrice": false,
      "pricePerUOM": 28.02,
      "activationDate": "15-03-2024",
      "recordSource": "Offline",
      "isPromoActive": "N",
      "priceChangeCode": "E"
    },
    "isAvailable": true,
    "isPriceAvailable": true,
    "inPromo": false,
    "gtin": [
      "05410056186941",
      "05410056786943"
    ],
    "topCategoryName": "Kruidenierswaren/Droge voeding",
    "topCategoryId": "233",
    "businessDomain": "RETAIL_BE",
    "IsPrivateLabel": false,
    "IsBiffe": false,
    "WeightconversionFactor": "0",
    "IsWeightArticle": false,
    "nutriscoreLabel": "C",
    "IsBio": false,
    "CountryOfOrigin": "NEDERLAND",
    "IsExclusivelySoldInLuxembourg": false,
    "OrderUnit": "P",
    "ShortName": "RMS.CRUNCHY TOM.SUPR20Z",
    "IsNew": false,
    "EcoscoreLabel": "B",
    "RecentQuanityOfStockUnits": "1,8",
    "LongName": "ROYCO CRUNCHY soep tomaten suprême 20st",
    "AlcoholVolume": "0",
    "FicCode": "E",
    "EcoscoreValue": "77"
  },
  {
    "productId": "192782",
    "technicalArticleNumber": "3456017",
    "commercialArticleNumber": "50253",
    "name": "appelcomp. znd toeg. suiker",
    "description": "*Appelmoes op basis\nvan stukjes appel",
    "brand": "MATERNE",
    "seoBrand": "Materne",
    "thumbNail": "https://static.colruytgroup.com/images/200x200/nl_be/33/45/asset-3423345.jpg",
    "fullImage": "https://static.colruytgroup.com/images/500x500/nl_be/33/45/asset-3423345.jpg",
    "squareImage": "https://static.colruytgroup.com/images/500x500sq/nl_be/33/45/asset-3423345.jpg",
    "content": "350g",
    "walkRouteSequenceNumber": 16606,
    "price": {
      "basicPrice": 2.16,
      "recommendedQuantity": "1.0",
      "measurementUnitPrice": 6.18,
      "measurementUnit": "K",
      "isRedPrice": false,
      "pricePerUOM": 6.18,
      "activationDate": "17-02-2024",
      "recordSource": "Offline",
      "isPromoActive": "N",
      "priceChangeCode": "E"
    },
    "isAvailable": true,
    "isPriceAvailable": true,
    "inPromo": false,
    "gtin": [
      "05410046017811",
      "05410046017804"
    ],
    "topCategoryName": "Conserven",
    "topCategoryId": "188",
    "businessDomain": "RETAIL_BE",
    "IsPrivateLabel": false,
    "IsBiffe": false,
    "WeightconversionFactor": "0",
    "IsWeightArticle": false,
    "nutriscoreLabel": "A",
    "IsBio": false,
    "CountryOfOrigin": "BELGIË",
    "IsExclusivelySoldInLuxembourg": false,
    "OrderUnit": "P",
    "ShortName": "MAT APPELCO.STUK ZS350G",
    "IsNew": false,
    "RecentQuanityOfStockUnits": "1",
    "LongName": "MATERNE appelcomp. znd toeg. suiker 350g",
    "AlcoholVolume": "0",
    "FicCode": "E"
  },
  {
    "productId": "9398",
    "technicalArticleNumber": "1137057",
    "commercialArticleNumber": "11869",
    "name": "doperwten extra fijn",
    "description": "*Extra fijne\ndoperwtjes",
    "brand": "BONI BIO",
    "seoBrand": "Boni Selection Bio",
    "thumbNail": "https://static.colruytgroup.com/images/200x200/std.lang.all/84/54/asset-2338454.jpg",
    "fullImage": "https://static.colruytgroup.com/images/500x500/std.lang.all/84/54/asset-2338454.jpg",
    "squareImage": "https://static.colruytgroup.com/images/500x500sq/std.lang.all/84/54/asset-2338454.jpg",
    "content": "340g",
    "walkRouteSequenceNumber": 16363,
    "price": {
      "basicPrice": 1.19,
      "recommendedQuantity": "3.0",
      "measurementUnitPrice": 5.18,
      "measurementUnit": "K",
      "isRedPrice": false,
      "pricePerUOM": 5.18,
      "activationDate": "09-03-2024",
      "recordSource": "Offline",
      "isPromoActive": "N",
      "priceChangeCode": "H"
    },
    "isAvailable": true,
    "isPriceAvailable": true,
    "inPromo": false,
    "gtin": [
      "05400141118797",
      "05400141367942",
      "05400141403190",
      "15400141367949"
    ],
    "topCategoryName": "Conserven",
    "topCategoryId": "188",
    "businessDomain": "RETAIL_BE",
    "IsPrivateLabel": true,
    "IsBiffe": false,
    "WeightconversionFactor": "0",
    "IsWeightArticle": false,
    "nutriscoreLabel": "A",
    "IsBio": true,
    "CountryOfOrigin": "NEDERLAND",
    "IsExclusivelySoldInLuxembourg": false,
    "OrderUnit": "P",
    "ShortName": "BONI BIO ERWT.EF 340G",
    "IsNew": false,
    "EcoscoreLabel": "A",
    "RecentQuanityOfStockUnits": "1,3",
    "LongName": "BONI BIO doperwten extra fijn 340g",
    "AlcoholVolume": "0",
    "FicCode": "I",
    "EcoscoreValue": "100"
  },
  {
    "productId": "10555",
    "technicalArticleNumber": "1395757",
    "commercialArticleNumber": "12194",
    "name": "erwtensoep spekblokjes brik",
    "description": "*Erwtensoep\nmet spekblokjes",
    "brand": "LIEBIG",
    "seoBrand": "Liebig",
    "thumbNail": "https://static.colruytgroup.com/images/200x200/nl_be/35/78/asset-3353578.jpg",
    "fullImage": "https://static.colruytgroup.com/images/500x500/nl_be/35/78/asset-3353578.jpg",
    "squareImage": "https://static.colruytgroup.com/images/500x500sq/nl_be/35/78/asset-3353578.jpg",
    "content": "1L",
    "walkRouteSequenceNumber": 16886,
    "price": {
      "basicPrice": 3.69,
      "recommendedQuantity": "1.0",
      "measurementUnitPrice": 3.69,
      "measurementUnit": "L",
      "isRedPrice": false,
      "pricePerUOM": 3.69,
      "activationDate": "15-03-2024",
      "recordSource": "Offline",
      "isPromoActive": "N",
      "priceChangeCode": "L"
    },
    "isAvailable": true,
    "isPriceAvailable": true,
    "inPromo": false,
    "gtin": [
      "05400141038781",
      "05410056188068",
      "05414972726632",
      "05414972705750",
      "05414972205755"
    ],
    "topCategoryName": "Kruidenierswaren/Droge voeding",
    "topCategoryId": "233",
    "businessDomain": "RETAIL_BE",
    "IsPrivateLabel": false,
    "IsBiffe": false,
    "WeightconversionFactor": "0",
    "IsWeightArticle": false,
    "nutriscoreLabel": "B",
    "IsBio": false,
    "CountryOfOrigin": "FRANKRIJK",
    "IsExclusivelySoldInLuxembourg": false,
    "OrderUnit": "P",
    "ShortName": "LIEBIG ERWTEN SPEK 1L",
    "IsNew": false,
    "EcoscoreLabel": "D",
    "RecentQuanityOfStockUnits": "1,2,8",
    "LongName": "LIEBIG erwtensoep spekblokjes brik 1L",
    "AlcoholVolume": "0",
    "FicCode": "E",
    "EcoscoreValue": "32"
  },
  {
    "productId": "649",
    "technicalArticleNumber": "9029",
    "commercialArticleNumber": "9029",
    "name": "Hotdogworsten 6st",
    "description": "*6 hotdogworsten",
    "brand": "BÖKLUNDER",
    "seoBrand": "Böklunder",
    "thumbNail": "https://static.colruytgroup.com/images/200x200/std.lang.all/08/33/asset-1370833.jpg",
    "fullImage": "https://static.colruytgroup.com/images/500x500/std.lang.all/08/33/asset-1370833.jpg",
    "squareImage": "https://static.colruytgroup.com/images/500x500sq/std.lang.all/08/33/asset-1370833.jpg",
    "content": "550g",
    "walkRouteSequenceNumber": 16837,
    "price": {
      "basicPrice": 4.59,
      "recommendedQuantity": "1.0",
      "measurementUnitPrice": 15.3,
      "measurementUnit": "K",
      "isRedPrice": false,
      "pricePerUOM": 15.3,
      "activationDate": "28-02-2024",
      "recordSource": "Offline",
      "isPromoActive": "N",
      "priceChangeCode": "E"
    },
    "isAvailable": true,
    "isPriceAvailable": true,
    "inPromo": false,
    "gtin": [
      "04000404430881",
      "04000404035710",
      "04000404035727",
      "04000404035758",
      "04000404420882"
    ],
    "topCategoryName": "Conserven",
    "topCategoryId": "188",
    "businessDomain": "RETAIL_BE",
    "IsPrivateLabel": false,
    "IsBiffe": false,
    "WeightconversionFactor": "0",
    "IsWeightArticle": false,
    "nutriscoreLabel": "D",
    "IsBio": false,
    "CountryOfOrigin": "DUITSLAND",
    "IsExclusivelySoldInLuxembourg": false,
    "OrderUnit": "P",
    "ShortName": "BOKL.HOT DOG AMERIC550G",
    "IsNew": false,
    "RecentQuanityOfStockUnits": "1",
    "LongName": "BÖKLUNDER Hotdogworsten 6st 550g",
    "AlcoholVolume": "0",
    "FicCode": "E"
  },
  {
    "productId": "55427",
    "technicalArticleNumber": "2398198",
    "commercialArticleNumber": "36643",
    "name": "8 groentenweelde bal. brik",
    "description": "*Groentesoep met\nballetjes",
    "brand": "LIEBIG",
    "seoBrand": "Liebig",
    "thumbNail": "https://static.colruytgroup.com/images/200x200/nl_be/25/84/asset-1582584.jpg",
    "fullImage": "https://static.colruytgroup.com/images/500x500/nl_be/25/84/asset-1582584.jpg",
    "squareImage": "https://static.colruytgroup.com/images/500x500sq/nl_be/25/84/asset-1582584.jpg",
    "content": "1L",
    "walkRouteSequenceNumber": 16935,
    "price": {
      "basicPrice": 3.99,
      "recommendedQuantity": "1.0",
      "measurementUnitPrice": 3.99,
      "measurementUnit": "L",
      "isRedPrice": false,
      "pricePerUOM": 3.99,
      "activationDate": "23-03-2024",
      "recordSource": "Offline",
      "isPromoActive": "N",
      "priceChangeCode": "H"
    },
    "isAvailable": true,
    "isPriceAvailable": true,
    "inPromo": false,
    "gtin": [
      "05414972100210",
      "05414972705835"
    ],
    "topCategoryName": "Kruidenierswaren/Droge voeding",
    "topCategoryId": "233",
    "businessDomain": "RETAIL_BE",
    "IsPrivateLabel": false,
    "IsBiffe": false,
    "WeightconversionFactor": "0",
    "IsWeightArticle": false,
    "nutriscoreLabel": "C",
    "IsBio": false,
    "CountryOfOrigin": "FRANKRIJK",
    "IsExclusivelySoldInLuxembourg": false,
    "OrderUnit": "P",
    "ShortName": "LIEB 8GROENTENWE.BAL.1L",
    "IsNew": false,
    "EcoscoreLabel": "D",
    "RecentQuanityOfStockUnits": "1,8",
    "LongName": "LIEBIG 8 groentenweelde bal. brik 1L",
    "AlcoholVolume": "0",
    "FicCode": "E",
    "EcoscoreValue": "32"
  },
  {
    "productId": "742569",
    "technicalArticleNumber": "4508715",
    "commercialArticleNumber": "28143",
    "name": "olijven zonder pit Hercules",
    "description": "*Groen\n*Ontpit\n*Griekenland\n*Met paprikapasta,\nkruidige marinade",
    "brand": "BONI",
    "seoBrand": "Boni Selection",
    "thumbNail": "https://static.colruytgroup.com/images/200x200/std.lang.all/51/55/asset-2855155.jpg",
    "fullImage": "https://static.colruytgroup.com/images/500x500/std.lang.all/51/55/asset-2855155.jpg",
    "squareImage": "https://static.colruytgroup.com/images/500x500sq/std.lang.all/51/55/asset-2855155.jpg",
    "content": "145g",
    "walkRouteSequenceNumber": 7679,
    "price": {
      "basicPrice": 2.89,
      "recommendedQuantity": "1.0",
      "quantityPrice": 2.66,
      "quantityPriceQuantity": "3.0",
      "measurementUnitPrice": 19.94,
      "measurementUnitQuantityPrice": 18.35,
      "measurementUnit": "K",
      "isRedPrice": false,
      "pricePerUOM": 19.94,
      "activationDate": "17-11-2023",
      "isPromoActive": "N",
      "priceChangeCode": "E",
      "quantityPricePerUOM": 18.35,
      "quantityActivationDate": "17-11-2023",
      "quantityPriceChangeCode": "E"
    },
    "isAvailable": true,
    "isPriceAvailable": true,
    "inPromo": false,
    "gtin": [
      "05400141991017"
    ],
    "topCategoryName": "Chips/Borrelhapjes",
    "topCategoryId": "306",
    "businessDomain": "RETAIL_BE",
    "IsPrivateLabel": true,
    "IsBiffe": false,
    "WeightconversionFactor": "0",
    "IsWeightArticle": false,
    "nutriscoreLabel": "C",
    "IsBio": false,
    "CountryOfOrigin": "GRIEKENLAND",
    "IsExclusivelySoldInLuxembourg": false,
    "OrderUnit": "P",
    "ShortName": "BONI GRO.GR.OLI.PAP145G",
    "IsNew": false,
    "EcoscoreLabel": "B",
    "RecentQuanityOfStockUnits": "1",
    "LongName": "BONI olijven zonder pit Hercules 145g",
    "AlcoholVolume": "0",
    "FicCode": "I",
    "EcoscoreValue": "75"
  },
  {
    "productId": "596409",
    "technicalArticleNumber": "4258528",
    "commercialArticleNumber": "22798",
    "name": "gegrilde makreelfil. olijfolie",
    "brand": "BONI",
    "seoBrand": "Boni Selection",
    "thumbNail": "https://static.colruytgroup.com/images/200x200/std.lang.all/19/49/asset-2141949.jpg",
    "fullImage": "https://static.colruytgroup.com/images/500x500/std.lang.all/19/49/asset-2141949.jpg",
    "squareImage": "https://static.colruytgroup.com/images/500x500sq/std.lang.all/19/49/asset-2141949.jpg",
    "content": "120g",
    "walkRouteSequenceNumber": 16640,
    "price": {
      "basicPrice": 1.69,
      "recommendedQuantity": "1.0",
      "measurementUnitPrice": 14.09,
      "measurementUnit": "K",
      "isRedPrice": false,
      "pricePerUOM": 14.09,
      "activationDate": "06-03-2024",
      "isPromoActive": "N",
      "priceChangeCode": "L"
    },
    "isAvailable": true,
    "isPriceAvailable": true,
    "inPromo": false,
    "gtin": [
      "15400141282433",
      "05400141282436"
    ],
    "topCategoryName": "Conserven",
    "topCategoryId": "188",
    "businessDomain": "RETAIL_BE",
    "IsPrivateLabel": true,
    "IsBiffe": false,
    "WeightconversionFactor": "0",
    "IsWeightArticle": false,
    "nutriscoreLabel": "D",
    "IsBio": false,
    "CountryOfOrigin": "POLEN",
    "IsExclusivelySoldInLuxembourg": false,
    "OrderUnit": "P",
    "ShortName": "BONI GEGR.MAKR.OLIJF120",
    "IsNew": false,
    "EcoscoreLabel": "D",
    "RecentQuanityOfStockUnits": "15,1",
    "LongName": "BONI gegrilde makreelfil. olijfolie 120g",
    "FicCode": "I",
    "EcoscoreValue": "38"
  },
  {
    "productId": "869904",
    "technicalArticleNumber": "4723343",
    "commercialArticleNumber": "19973",
    "name": "Olijven Pesto",
    "brand": "BONI",
    "seoBrand": "Boni Selection",
    "thumbNail": "https://static.colruytgroup.com/images/200x200/std.lang.all/91/66/asset-3329166.jpg",
    "fullImage": "https://static.colruytgroup.com/images/500x500/std.lang.all/91/66/asset-3329166.jpg",
    "squareImage": "https://static.colruytgroup.com/images/500x500sq/std.lang.all/91/66/asset-3329166.jpg",
    "content": "150g",
    "walkRouteSequenceNumber": 7653,
    "price": {
      "basicPrice": 2.86,
      "recommendedQuantity": "1.0",
      "quantityPrice": 2.63,
      "quantityPriceQuantity": "3.0",
      "measurementUnitPrice": 19.07,
      "measurementUnitQuantityPrice": 17.54,
      "measurementUnit": "K",
      "isRedPrice": false,
      "pricePerUOM": 19.07,
      "activationDate": "23-03-2024",
      "recordSource": "Offline",
      "isPromoActive": "N",
      "priceChangeCode": "H",
      "quantityPricePerUOM": 17.54,
      "quantityActivationDate": "23-03-2024",
      "quantityPriceChangeCode": "H"
    },
    "isAvailable": true,
    "isPriceAvailable": true,
    "inPromo": false,
    "gtin": [
      "15400141712695",
      "05400141712698"
    ],
    "topCategoryName": "Chips/Borrelhapjes",
    "topCategoryId": "306",
    "businessDomain": "RETAIL_BE",
    "IsPrivateLabel": true,
    "IsBiffe": false,
    "WeightconversionFactor": "0",
    "IsWeightArticle": false,
    "nutriscoreLabel": "C",
    "IsBio": false,
    "CountryOfOrigin": "BELGIË",
    "IsExclusivelySoldInLuxembourg": false,
    "OrderUnit": "P",
    "ShortName": "BONI OLIJVEN PESTO 150G",
    "IsNew": false,
    "EcoscoreLabel": "A",
    "RecentQuanityOfStockUnits": "1",
    "LongName": "BONI Olijven Pesto 150g",
    "FicCode": "I",
    "EcoscoreValue": "97"
  },
  {
    "productId": "12841",
    "technicalArticleNumber": "1236107",
    "commercialArticleNumber": "16486",
    "name": "appelmousseline bokaal",
    "description": "*Biologische\nappelmousseline",
    "brand": "BONI BIO",
    "seoBrand": "Boni Selection Bio",
    "thumbNail": "https://static.colruytgroup.com/images/200x200/std.lang.all/84/42/asset-2388442.jpg",
    "fullImage": "https://static.colruytgroup.com/images/500x500/std.lang.all/84/42/asset-2388442.jpg",
    "squareImage": "https://static.colruytgroup.com/images/500x500sq/std.lang.all/84/42/asset-2388442.jpg",
    "content": "360g",
    "walkRouteSequenceNumber": 16512,
    "price": {
      "basicPrice": 1.19,
      "recommendedQuantity": "2.0",
      "measurementUnitPrice": 3.31,
      "measurementUnit": "K",
      "isRedPrice": false,
      "pricePerUOM": 3.31,
      "activationDate": "01-03-2024",
      "recordSource": "Offline",
      "isPromoActive": "N",
      "priceChangeCode": "E"
    },
    "isAvailable": true,
    "isPriceAvailable": true,
    "inPromo": false,
    "gtin": [
      "05400141385762",
      "05400141208153",
      "15400141282167",
      "05400141282160",
      "05400141264869",
      "15400141164913"
    ],
    "topCategoryName": "Conserven",
    "topCategoryId": "188",
    "businessDomain": "RETAIL_BE",
    "IsPrivateLabel": true,
    "IsBiffe": false,
    "WeightconversionFactor": "0",
    "IsWeightArticle": false,
    "nutriscoreLabel": "A",
    "IsBio": true,
    "CountryOfOrigin": "BELGIË",
    "IsExclusivelySoldInLuxembourg": false,
    "OrderUnit": "P",
    "ShortName": "BONI BIO APPELMOUS.360G",
    "IsNew": false,
    "EcoscoreLabel": "A",
    "RecentQuanityOfStockUnits": "2,1",
    "LongName": "BONI BIO appelmousseline bokaal 360g",
    "AlcoholVolume": "0",
    "FicCode": "I",
    "EcoscoreValue": "100"
  },
  {
    "productId": "288045",
    "technicalArticleNumber": "3687168",
    "commercialArticleNumber": "36223",
    "name": "dip zoete aardappel",
    "brand": "BONI",
    "seoBrand": "Boni Selection",
    "thumbNail": "https://static.colruytgroup.com/images/200x200/std.lang.all/68/24/asset-2706824.jpg",
    "fullImage": "https://static.colruytgroup.com/images/500x500/std.lang.all/68/24/asset-2706824.jpg",
    "squareImage": "https://static.colruytgroup.com/images/500x500sq/std.lang.all/68/24/asset-2706824.jpg",
    "content": "150g",
    "walkRouteSequenceNumber": 7764,
    "price": {
      "basicPrice": 2.59,
      "recommendedQuantity": "1.0",
      "quantityPrice": 2.38,
      "quantityPriceQuantity": "3.0",
      "measurementUnitPrice": 17.27,
      "measurementUnitQuantityPrice": 15.87,
      "measurementUnit": "K",
      "isRedPrice": false,
      "pricePerUOM": 17.27,
      "activationDate": "13-03-2024",
      "isPromoActive": "N",
      "priceChangeCode": "E",
      "quantityPricePerUOM": 15.87,
      "quantityActivationDate": "13-03-2024",
      "quantityPriceChangeCode": "E"
    },
    "isAvailable": true,
    "isPriceAvailable": true,
    "inPromo": false,
    "gtin": [
      "05400141212709",
      "05400141347173",
      "05400141444643"
    ],
    "topCategoryName": "Chips/Borrelhapjes",
    "topCategoryId": "306",
    "businessDomain": "RETAIL_BE",
    "IsPrivateLabel": true,
    "IsBiffe": false,
    "WeightconversionFactor": "0",
    "IsWeightArticle": false,
    "nutriscoreLabel": "C",
    "IsBio": false,
    "CountryOfOrigin": "BELGIË",
    "IsExclusivelySoldInLuxembourg": false,
    "OrderUnit": "P",
    "ShortName": "BS ZOET AARDAPPDIP 150G",
    "IsNew": false,
    "EcoscoreLabel": "B",
    "RecentQuanityOfStockUnits": "1,1",
    "LongName": "BONI dip zoete aardappel 150g",
    "AlcoholVolume": "0",
    "FicCode": "I",
    "EcoscoreValue": "79"
  },
  {
    "productId": "2357",
    "technicalArticleNumber": "1098246",
    "commercialArticleNumber": "16484",
    "name": "appelcompote stuk bok",
    "description": "*Biologische\nappelcompote",
    "brand": "BONI BIO",
    "seoBrand": "Boni Selection Bio",
    "thumbNail": "https://static.colruytgroup.com/images/200x200/std.lang.all/59/92/asset-3325992.jpg",
    "fullImage": "https://static.colruytgroup.com/images/500x500/std.lang.all/59/92/asset-3325992.jpg",
    "squareImage": "https://static.colruytgroup.com/images/500x500sq/std.lang.all/59/92/asset-3325992.jpg",
    "content": "360g",
    "walkRouteSequenceNumber": 16590,
    "price": {
      "basicPrice": 1.93,
      "recommendedQuantity": "2.0",
      "measurementUnitPrice": 5.37,
      "measurementUnit": "K",
      "isRedPrice": false,
      "pricePerUOM": 5.37,
      "activationDate": "16-02-2024",
      "recordSource": "Offline",
      "isPromoActive": "N",
      "priceChangeCode": "H"
    },
    "isAvailable": true,
    "isPriceAvailable": true,
    "inPromo": false,
    "gtin": [
      "05400141164848",
      "05400141166583",
      "05400141208627",
      "05400141222227",
      "05400141282139",
      "05400141385755",
      "15400141282136",
      "15400141385752"
    ],
    "topCategoryName": "Conserven",
    "topCategoryId": "188",
    "businessDomain": "RETAIL_BE",
    "IsPrivateLabel": true,
    "IsBiffe": false,
    "WeightconversionFactor": "0",
    "IsWeightArticle": false,
    "nutriscoreLabel": "A",
    "IsBio": true,
    "CountryOfOrigin": "BELGIË",
    "IsExclusivelySoldInLuxembourg": false,
    "OrderUnit": "P",
    "ShortName": "BS BIO APPELCOMP.ST.360",
    "IsNew": false,
    "EcoscoreLabel": "A",
    "RecentQuanityOfStockUnits": "2,1",
    "LongName": "BONI BIO appelcompote stuk bok 360g",
    "AlcoholVolume": "0",
    "FicCode": "I",
    "EcoscoreValue": "100"
  },
  {
    "productId": "744",
    "technicalArticleNumber": "11423",
    "commercialArticleNumber": "11423",
    "name": "groentemengeling",
    "description": "*Groentemengeling",
    "brand": "EVERYDAY",
    "seoBrand": "Everyday",
    "thumbNail": "https://static.colruytgroup.com/images/200x200/std.lang.all/30/89/asset-3133089.jpg",
    "fullImage": "https://static.colruytgroup.com/images/500x500/std.lang.all/30/89/asset-3133089.jpg",
    "squareImage": "https://static.colruytgroup.com/images/500x500sq/std.lang.all/30/89/asset-3133089.jpg",
    "content": "400g",
    "walkRouteSequenceNumber": 16439,
    "price": {
      "basicPrice": 0.76,
      "recommendedQuantity": "1.0",
      "measurementUnitPrice": 2.87,
      "measurementUnit": "K",
      "isRedPrice": false,
      "pricePerUOM": 2.87,
      "activationDate": "06-03-2024",
      "recordSource": "Offline",
      "isPromoActive": "N",
      "priceChangeCode": "L"
    },
    "isAvailable": true,
    "isPriceAvailable": true,
    "inPromo": false,
    "gtin": [
      "05400141215830",
      "05400141217360",
      "15400141215837",
      "00000024114233",
      "05400141169768",
      "15400141720416",
      "05400141720419"
    ],
    "topCategoryName": "Conserven",
    "topCategoryId": "188",
    "businessDomain": "RETAIL_BE",
    "IsPrivateLabel": true,
    "IsBiffe": false,
    "WeightconversionFactor": "0",
    "IsWeightArticle": false,
    "nutriscoreLabel": "A",
    "IsBio": false,
    "CountryOfOrigin": "BELGIË",
    "IsExclusivelySoldInLuxembourg": false,
    "OrderUnit": "P",
    "ShortName": "EVD GROENTEMENGEL 400GR",
    "InSeason": true,
    "IsNew": false,
    "EcoscoreLabel": "A",
    "RecentQuanityOfStockUnits": "12,1",
    "LongName": "EVERYDAY groentemengeling 400g",
    "AlcoholVolume": "0",
    "StartSeasonDate": "21/12/2022",
    "FicCode": "I",
    "EcoscoreValue": "86"
  },
  {
    "productId": "18692",
    "technicalArticleNumber": "1717177",
    "commercialArticleNumber": "12218",
    "name": "soep malse kip",
    "description": "*Soep in blik\n*Snelle maaltijd\n*Snelle maaltijd\n*Groentensoep\n*Warm gerecht",
    "brand": "KNORR",
    "seoBrand": "Knorr",
    "thumbNail": "https://static.colruytgroup.com/images/200x200/nl_be/53/44/asset-2795344.jpg",
    "fullImage": "https://static.colruytgroup.com/images/500x500/nl_be/53/44/asset-2795344.jpg",
    "squareImage": "https://static.colruytgroup.com/images/500x500sq/nl_be/53/44/asset-2795344.jpg",
    "content": "515ml",
    "walkRouteSequenceNumber": 16897,
    "price": {
      "basicPrice": 2.49,
      "recommendedQuantity": "2.0",
      "measurementUnitPrice": 4.84,
      "measurementUnit": "L",
      "isRedPrice": false,
      "pricePerUOM": 4.84,
      "activationDate": "13-03-2024",
      "recordSource": "Offline",
      "isPromoActive": "N",
      "priceChangeCode": "H"
    },
    "isAvailable": true,
    "isPriceAvailable": true,
    "inPromo": false,
    "gtin": [
      "05400141122183",
      "08722700700425",
      "08722700083368"
    ],
    "topCategoryName": "Kruidenierswaren/Droge voeding",
    "topCategoryId": "233",
    "businessDomain": "RETAIL_BE",
    "IsPrivateLabel": false,
    "IsBiffe": false,
    "WeightconversionFactor": "0",
    "IsWeightArticle": false,
    "nutriscoreLabel": "C",
    "IsBio": false,
    "CountryOfOrigin": "NEDERLAND",
    "IsExclusivelySoldInLuxembourg": false,
    "OrderUnit": "P",
    "ShortName": "KNORR KIPPENSOEP 515ML",
    "IsNew": false,
    "EcoscoreLabel": "B",
    "RecentQuanityOfStockUnits": "1,2",
    "LongName": "KNORR soep malse kip 515ml",
    "AlcoholVolume": "0",
    "FicCode": "E",
    "EcoscoreValue": "79"
  },
  {
    "productId": "147209",
    "technicalArticleNumber": "3321363",
    "commercialArticleNumber": "31769",
    "name": "trio tapenade",
    "description": "*Sweetbite tapenade,\nkaastapenade en\nroomkaastapenade met\nzoete peper",
    "brand": "BONI",
    "seoBrand": "Boni Selection",
    "thumbNail": "https://static.colruytgroup.com/images/200x200/std.lang.all/32/56/asset-2943256.jpg",
    "fullImage": "https://static.colruytgroup.com/images/500x500/std.lang.all/32/56/asset-2943256.jpg",
    "squareImage": "https://static.colruytgroup.com/images/500x500sq/std.lang.all/32/56/asset-2943256.jpg",
    "content": "210g",
    "walkRouteSequenceNumber": 6791,
    "price": {
      "basicPrice": 2.99,
      "recommendedQuantity": "1.0",
      "quantityPrice": 2.75,
      "quantityPriceQuantity": "3.0",
      "measurementUnitPrice": 14.24,
      "measurementUnitQuantityPrice": 13.1,
      "measurementUnit": "K",
      "isRedPrice": false,
      "pricePerUOM": 14.24,
      "activationDate": "17-11-2023",
      "isPromoActive": "N",
      "priceChangeCode": "E",
      "quantityPricePerUOM": 13.1,
      "quantityActivationDate": "17-11-2023",
      "quantityPriceChangeCode": "E"
    },
    "isAvailable": true,
    "isPriceAvailable": true,
    "inPromo": false,
    "gtin": [
      "15400141351771",
      "15400141751373",
      "05400141442519",
      "05400141351774",
      "05400141272468",
      "05400141165791",
      "05400141751376",
      "15400141442516"
    ],
    "topCategoryName": "Chips/Borrelhapjes",
    "topCategoryId": "306",
    "businessDomain": "RETAIL_BE",
    "IsPrivateLabel": true,
    "IsBiffe": false,
    "WeightconversionFactor": "0",
    "IsWeightArticle": false,
    "nutriscoreLabel": "D",
    "IsBio": false,
    "CountryOfOrigin": "BELGIË",
    "IsExclusivelySoldInLuxembourg": false,
    "OrderUnit": "P",
    "ShortName": "BONI TRIO TAPENADE",
    "IsNew": false,
    "EcoscoreLabel": "C",
    "RecentQuanityOfStockUnits": "1",
    "LongName": "BONI trio tapenade 210g",
    "AlcoholVolume": "0",
    "FicCode": "I",
    "EcoscoreValue": "53"
  },
  {
    "productId": "651",
    "technicalArticleNumber": "9039",
    "commercialArticleNumber": "9039",
    "name": "stoofvlees rund bokaal",
    "description": "*Runderstoofvlees\n*Aantal porties: 3\n*Opwarmen in de pan,\nin de microgolfoven",
    "brand": "EVERYDAY",
    "seoBrand": "Everyday",
    "thumbNail": "https://static.colruytgroup.com/images/200x200/nl_be/77/33/asset-3267733.jpg",
    "fullImage": "https://static.colruytgroup.com/images/500x500/nl_be/77/33/asset-3267733.jpg",
    "squareImage": "https://static.colruytgroup.com/images/500x500sq/nl_be/77/33/asset-3267733.jpg",
    "content": "800g",
    "walkRouteSequenceNumber": 16839,
    "price": {
      "basicPrice": 4.66,
      "recommendedQuantity": "1.0",
      "measurementUnitPrice": 5.83,
      "measurementUnit": "K",
      "isRedPrice": false,
      "pricePerUOM": 5.83,
      "activationDate": "20-03-2024",
      "recordSource": "Folder",
      "isPromoActive": "N",
      "priceChangeCode": "L"
    },
    "isAvailable": true,
    "isPriceAvailable": true,
    "inPromo": false,
    "gtin": [
      "15400141814719",
      "05400141814712",
      "05400141009552",
      "05400141192209",
      "05400141383232",
      "15400141383239",
      "15400141871453"
    ],
    "topCategoryName": "Conserven",
    "topCategoryId": "188",
    "businessDomain": "RETAIL_BE",
    "IsPrivateLabel": true,
    "IsBiffe": false,
    "WeightconversionFactor": "0",
    "IsWeightArticle": false,
    "nutriscoreLabel": "B",
    "IsBio": false,
    "CountryOfOrigin": "BELGIË",
    "IsExclusivelySoldInLuxembourg": false,
    "OrderUnit": "P",
    "ShortName": "EVD RUNDSTOOFVL 800G",
    "InSeason": true,
    "IsNew": false,
    "EcoscoreLabel": "E",
    "RecentQuanityOfStockUnits": "1,12",
    "LongName": "EVERYDAY stoofvlees rund bokaal 800g",
    "AlcoholVolume": "0",
    "StartSeasonDate": "07/02/2023",
    "FicCode": "I",
    "EcoscoreValue": "0"
  },
  {
    "productId": "129253",
    "technicalArticleNumber": "3253860",
    "commercialArticleNumber": "4417",
    "name": "soep tomatenvelouté brik",
    "description": "*Tomaatvelouté",
    "brand": "BONI",
    "seoBrand": "Boni Selection",
    "thumbNail": "https://static.colruytgroup.com/images/200x200/std.lang.all/07/58/asset-700758.jpg",
    "fullImage": "https://static.colruytgroup.com/images/500x500/std.lang.all/07/58/asset-700758.jpg",
    "squareImage": "https://static.colruytgroup.com/images/500x500sq/std.lang.all/07/58/asset-700758.jpg",
    "content": "1L",
    "walkRouteSequenceNumber": 16862,
    "price": {
      "basicPrice": 2.19,
      "recommendedQuantity": "2.0",
      "measurementUnitPrice": 2.19,
      "measurementUnit": "L",
      "isRedPrice": false,
      "pricePerUOM": 2.19,
      "activationDate": "08-03-2024",
      "recordSource": "Offline",
      "isPromoActive": "N",
      "priceChangeCode": "E"
    },
    "isAvailable": true,
    "isPriceAvailable": true,
    "inPromo": false,
    "gtin": [
      "15400141871521",
      "15400141264736",
      "05400141264739",
      "05400141207507",
      "05400141029260"
    ],
    "topCategoryName": "Kruidenierswaren/Droge voeding",
    "topCategoryId": "233",
    "businessDomain": "RETAIL_BE",
    "IsPrivateLabel": true,
    "IsBiffe": false,
    "WeightconversionFactor": "0",
    "IsWeightArticle": false,
    "nutriscoreLabel": "C",
    "IsBio": false,
    "CountryOfOrigin": "FRANKRIJK",
    "IsExclusivelySoldInLuxembourg": false,
    "OrderUnit": "P",
    "ShortName": "BONI TOMAAT VELOUTE 1L",
    "IsNew": false,
    "EcoscoreLabel": "A",
    "RecentQuanityOfStockUnits": "1,2,8",
    "LongName": "BONI soep tomatenvelouté brik 1L",
    "AlcoholVolume": "0",
    "FicCode": "I",
    "EcoscoreValue": "89"
  },
  {
    "productId": "726",
    "technicalArticleNumber": "11097",
    "commercialArticleNumber": "11097",
    "name": "doperwten extra fijn blik",
    "description": "*Extra fijne\ndoperwtjes",
    "brand": "EVERYDAY",
    "seoBrand": "Everyday",
    "thumbNail": "https://static.colruytgroup.com/images/200x200/std.lang.all/25/51/asset-2822551.jpg",
    "fullImage": "https://static.colruytgroup.com/images/500x500/std.lang.all/25/51/asset-2822551.jpg",
    "squareImage": "https://static.colruytgroup.com/images/500x500sq/std.lang.all/25/51/asset-2822551.jpg",
    "content": "800g",
    "walkRouteSequenceNumber": 16387,
    "price": {
      "basicPrice": 1.22,
      "recommendedQuantity": "1.0",
      "measurementUnitPrice": 2.18,
      "measurementUnit": "K",
      "isRedPrice": false,
      "pricePerUOM": 2.18,
      "activationDate": "14-09-2023",
      "recordSource": "Offline",
      "isPromoActive": "N",
      "priceChangeCode": "H"
    },
    "isAvailable": true,
    "isPriceAvailable": true,
    "inPromo": false,
    "gtin": [
      "15400141002642",
      "00000025910971",
      "05400141168617",
      "05400141294415",
      "05400141296501",
      "15400141869788"
    ],
    "topCategoryName": "Conserven",
    "topCategoryId": "188",
    "businessDomain": "RETAIL_BE",
    "IsPrivateLabel": true,
    "IsBiffe": false,
    "WeightconversionFactor": "0",
    "IsWeightArticle": false,
    "nutriscoreLabel": "A",
    "IsBio": false,
    "CountryOfOrigin": "HONGARIJE",
    "IsExclusivelySoldInLuxembourg": false,
    "OrderUnit": "P",
    "ShortName": "EVD ERW EX.FIJN 800G",
    "IsNew": false,
    "EcoscoreLabel": "A",
    "RecentQuanityOfStockUnits": "1,12",
    "LongName": "EVERYDAY doperwten extra fijn blik 800g",
    "AlcoholVolume": "0",
    "FicCode": "I",
    "EcoscoreValue": "99"
  },
  {
    "productId": "39308",
    "technicalArticleNumber": "1833097",
    "commercialArticleNumber": "12230",
    "name": "minestrone brik",
    "description": "*Minestrone",
    "brand": "LIEBIG",
    "seoBrand": "Liebig",
    "thumbNail": "https://static.colruytgroup.com/images/200x200/nl_be/35/80/asset-3353580.jpg",
    "fullImage": "https://static.colruytgroup.com/images/500x500/nl_be/35/80/asset-3353580.jpg",
    "squareImage": "https://static.colruytgroup.com/images/500x500sq/nl_be/35/80/asset-3353580.jpg",
    "content": "1L",
    "walkRouteSequenceNumber": 16936,
    "price": {
      "basicPrice": 3.19,
      "recommendedQuantity": "1.0",
      "measurementUnitPrice": 3.19,
      "measurementUnit": "L",
      "isRedPrice": false,
      "pricePerUOM": 3.19,
      "activationDate": "20-03-2024",
      "recordSource": "Offline",
      "isPromoActive": "N",
      "priceChangeCode": "L"
    },
    "isAvailable": true,
    "isPriceAvailable": true,
    "inPromo": false,
    "gtin": [
      "05410056195363",
      "05414972705811"
    ],
    "topCategoryName": "Kruidenierswaren/Droge voeding",
    "topCategoryId": "233",
    "businessDomain": "RETAIL_BE",
    "IsPrivateLabel": false,
    "IsBiffe": false,
    "WeightconversionFactor": "0",
    "IsWeightArticle": false,
    "nutriscoreLabel": "B",
    "IsBio": false,
    "CountryOfOrigin": "FRANKRIJK",
    "IsExclusivelySoldInLuxembourg": false,
    "OrderUnit": "P",
    "ShortName": "LIEB MINESTRONE 1L",
    "IsNew": false,
    "EcoscoreLabel": "B",
    "RecentQuanityOfStockUnits": "1,8",
    "LongName": "LIEBIG minestrone brik 1L",
    "AlcoholVolume": "0",
    "FicCode": "E",
    "EcoscoreValue": "77"
  },
  {
    "productId": "11803",
    "technicalArticleNumber": "1390677",
    "commercialArticleNumber": "9774",
    "name": "sardienen in olijfolie",
    "description": "*Sardines in\nolijfolie",
    "brand": "COCAGNE",
    "seoBrand": "Cocagne",
    "thumbNail": "https://static.colruytgroup.com/images/200x200/std.lang.all/34/20/asset-1273420.jpg",
    "fullImage": "https://static.colruytgroup.com/images/500x500/std.lang.all/34/20/asset-1273420.jpg",
    "squareImage": "https://static.colruytgroup.com/images/500x500sq/std.lang.all/34/20/asset-1273420.jpg",
    "content": "125g",
    "walkRouteSequenceNumber": 16675,
    "price": {
      "basicPrice": 2.49,
      "recommendedQuantity": "5.0",
      "measurementUnitPrice": 19.92,
      "measurementUnit": "K",
      "isRedPrice": false,
      "pricePerUOM": 19.92,
      "activationDate": "20-03-2024",
      "recordSource": "Offline",
      "isPromoActive": "N",
      "priceChangeCode": "E"
    },
    "isAvailable": true,
    "isPriceAvailable": true,
    "inPromo": false,
    "gtin": [
      "05411251500495",
      "15411251500492",
      "05601010114036"
    ],
    "topCategoryName": "Conserven",
    "topCategoryId": "188",
    "businessDomain": "RETAIL_BE",
    "IsPrivateLabel": false,
    "IsBiffe": false,
    "WeightconversionFactor": "0",
    "IsWeightArticle": false,
    "nutriscoreLabel": "D",
    "IsBio": false,
    "CountryOfOrigin": "PORTUGAL",
    "IsExclusivelySoldInLuxembourg": false,
    "OrderUnit": "P",
    "ShortName": "COCAGNE SARD OLIJF 125",
    "IsNew": false,
    "EcoscoreLabel": "C",
    "RecentQuanityOfStockUnits": "5,1",
    "LongName": "COCAGNE sardienen in olijfolie 125g",
    "AlcoholVolume": "0",
    "FicCode": "E",
    "EcoscoreValue": "40"
  },
  {
    "productId": "134161",
    "technicalArticleNumber": "3195661",
    "commercialArticleNumber": "6564",
    "name": "soep pompoen",
    "description": "*Klassieke\npompoensoep",
    "brand": "ROYCO",
    "seoBrand": "Royco",
    "thumbNail": "https://static.colruytgroup.com/images/200x200/std.lang.all/37/27/asset-3353727.jpg",
    "fullImage": "https://static.colruytgroup.com/images/500x500/std.lang.all/37/27/asset-3353727.jpg",
    "squareImage": "https://static.colruytgroup.com/images/500x500sq/std.lang.all/37/27/asset-3353727.jpg",
    "content": "3st",
    "walkRouteSequenceNumber": 16960,
    "price": {
      "basicPrice": 1.95,
      "recommendedQuantity": "1.0",
      "measurementUnitPrice": 39,
      "measurementUnit": "K",
      "isRedPrice": false,
      "pricePerUOM": 39,
      "activationDate": "20-03-2024",
      "recordSource": "Offline",
      "isPromoActive": "N",
      "priceChangeCode": "H"
    },
    "isAvailable": true,
    "isPriceAvailable": true,
    "inPromo": true,
    "promotion": [
      {
        "techPromoId": "100866COLR",
        "promotionId": "100866",
        "promotionType": "3",
        "isPersonalized": "N",
        "publicationStartDate": "13-03-2024",
        "publicationEndDate": "26-03-2024"
      }
    ],
    "gtin": [
      "05414972710464",
      "05414972110462"
    ],
    "topCategoryName": "Kruidenierswaren/Droge voeding",
    "topCategoryId": "233",
    "businessDomain": "RETAIL_BE",
    "IsPrivateLabel": false,
    "IsBiffe": false,
    "WeightconversionFactor": "0",
    "IsWeightArticle": false,
    "nutriscoreLabel": "C",
    "IsBio": false,
    "CountryOfOrigin": "NEDERLAND",
    "IsExclusivelySoldInLuxembourg": false,
    "OrderUnit": "P",
    "ShortName": "RMS CLASSIC POMPOEN 3Z",
    "IsNew": false,
    "EcoscoreLabel": "B",
    "RecentQuanityOfStockUnits": "1,24",
    "LongName": "ROYCO soep pompoen 3st",
    "AlcoholVolume": "0",
    "FicCode": "E",
    "EcoscoreValue": "75"
  },
  {
    "productId": "765035",
    "technicalArticleNumber": "4545990",
    "commercialArticleNumber": "7566",
    "name": "Mezze",
    "brand": "BONI",
    "seoBrand": "Boni Selection",
    "thumbNail": "https://static.colruytgroup.com/images/200x200/std.lang.all/46/89/asset-2744689.jpg",
    "fullImage": "https://static.colruytgroup.com/images/500x500/std.lang.all/46/89/asset-2744689.jpg",
    "squareImage": "https://static.colruytgroup.com/images/500x500sq/std.lang.all/46/89/asset-2744689.jpg",
    "content": "370g",
    "walkRouteSequenceNumber": 6716,
    "price": {
      "basicPrice": 4.49,
      "recommendedQuantity": "1.0",
      "measurementUnitPrice": 12.14,
      "measurementUnit": "K",
      "isRedPrice": false,
      "pricePerUOM": 12.14,
      "activationDate": "17-11-2023",
      "isPromoActive": "N",
      "priceChangeCode": "E"
    },
    "isAvailable": true,
    "isPriceAvailable": true,
    "inPromo": false,
    "gtin": [
      "15400141771319",
      "15400141839941",
      "05400141771312",
      "05400141839944"
    ],
    "topCategoryName": "Chips/Borrelhapjes",
    "topCategoryId": "306",
    "businessDomain": "RETAIL_BE",
    "IsPrivateLabel": true,
    "IsBiffe": false,
    "WeightconversionFactor": "0",
    "IsWeightArticle": false,
    "nutriscoreLabel": "D",
    "IsBio": false,
    "CountryOfOrigin": "BELGIË",
    "IsExclusivelySoldInLuxembourg": false,
    "OrderUnit": "P",
    "ShortName": "BONI MEZZE 370G",
    "IsNew": false,
    "RecentQuanityOfStockUnits": "1",
    "LongName": "BONI Mezze 370g",
    "FicCode": "I"
  },
  {
    "productId": "782",
    "technicalArticleNumber": "9815",
    "commercialArticleNumber": "9815",
    "name": "tonijn olijfolie",
    "description": "*Tonijn in olijfolie",
    "brand": "BONI",
    "seoBrand": "Boni Selection",
    "thumbNail": "https://static.colruytgroup.com/images/200x200/std.lang.all/93/30/asset-959330.jpg",
    "fullImage": "https://static.colruytgroup.com/images/500x500/std.lang.all/93/30/asset-959330.jpg",
    "squareImage": "https://static.colruytgroup.com/images/500x500sq/std.lang.all/93/30/asset-959330.jpg",
    "content": "195/200g",
    "walkRouteSequenceNumber": 16734,
    "price": {
      "basicPrice": 2.23,
      "recommendedQuantity": "6.0",
      "measurementUnitPrice": 14.39,
      "measurementUnit": "K",
      "isRedPrice": false,
      "pricePerUOM": 14.39,
      "activationDate": "01-03-2024",
      "recordSource": "Offline",
      "isPromoActive": "N",
      "priceChangeCode": "L"
    },
    "isAvailable": true,
    "isPriceAvailable": true,
    "inPromo": false,
    "gtin": [
      "05400141056983",
      "15400141282358",
      "15400141415503",
      "25400141282355",
      "25400141415500",
      "05400141186314",
      "05400141190830",
      "05400141232356",
      "05400141282351",
      "05400141415506",
      "15400141186311",
      "15400141190837",
      "05400141126938",
      "00000025098150",
      "05400141010077",
      "05400141054699",
      "05400141077391",
      "15400141232353"
    ],
    "topCategoryName": "Conserven",
    "topCategoryId": "188",
    "businessDomain": "RETAIL_BE",
    "IsPrivateLabel": true,
    "IsBiffe": false,
    "WeightconversionFactor": "0",
    "IsWeightArticle": false,
    "nutriscoreLabel": "A",
    "IsBio": false,
    "CountryOfOrigin": "SPANJE",
    "IsExclusivelySoldInLuxembourg": false,
    "OrderUnit": "P",
    "ShortName": "BONI TON.OLIJFOLIE 200G",
    "IsNew": false,
    "EcoscoreLabel": "C",
    "RecentQuanityOfStockUnits": "6,6,1,1",
    "LongName": "BONI tonijn olijfolie 195/200g",
    "AlcoholVolume": "0",
    "FicCode": "I",
    "EcoscoreValue": "40"
  },
  {
    "productId": "865074",
    "technicalArticleNumber": "4717116",
    "commercialArticleNumber": "2350",
    "name": "Abrikozencompote",
    "brand": "MATERNE",
    "seoBrand": "Materne",
    "thumbNail": "https://static.colruytgroup.com/images/200x200/nl_be/33/48/asset-3423348.jpg",
    "fullImage": "https://static.colruytgroup.com/images/500x500/nl_be/33/48/asset-3423348.jpg",
    "squareImage": "https://static.colruytgroup.com/images/500x500sq/nl_be/33/48/asset-3423348.jpg",
    "content": "600g",
    "walkRouteSequenceNumber": 16624,
    "price": {
      "basicPrice": 3.99,
      "recommendedQuantity": "1.0",
      "measurementUnitPrice": 6.65,
      "measurementUnit": "K",
      "isRedPrice": false,
      "pricePerUOM": 6.65,
      "activationDate": "17-02-2024",
      "recordSource": "Offline",
      "isPromoActive": "N",
      "priceChangeCode": "H"
    },
    "isAvailable": true,
    "isPriceAvailable": true,
    "inPromo": false,
    "gtin": [
      "05410046020019",
      "05410046805029"
    ],
    "topCategoryName": "Conserven",
    "topCategoryId": "188",
    "businessDomain": "RETAIL_BE",
    "IsPrivateLabel": false,
    "IsBiffe": false,
    "WeightconversionFactor": "0",
    "IsWeightArticle": false,
    "nutriscoreLabel": "C",
    "IsBio": false,
    "CountryOfOrigin": "BELGIË",
    "IsExclusivelySoldInLuxembourg": false,
    "OrderUnit": "P",
    "ShortName": "MATERNE ABRIK.COMP.600G",
    "IsNew": false,
    "RecentQuanityOfStockUnits": "1",
    "LongName": "MATERNE Abrikozencompote 600g",
    "FicCode": "E"
  },
  {
    "productId": "669",
    "technicalArticleNumber": "10216",
    "commercialArticleNumber": "10216",
    "name": "ananas schijven op siroop blik",
    "description": "*4 ananasschijven op\nlichte siroop",
    "brand": "BONI",
    "seoBrand": "Boni Selection",
    "thumbNail": "https://static.colruytgroup.com/images/200x200/std.lang.all/35/10/asset-1993510.jpg",
    "fullImage": "https://static.colruytgroup.com/images/500x500/std.lang.all/35/10/asset-1993510.jpg",
    "squareImage": "https://static.colruytgroup.com/images/500x500sq/std.lang.all/35/10/asset-1993510.jpg",
    "content": "227g",
    "walkRouteSequenceNumber": 16524,
    "price": {
      "basicPrice": 1.05,
      "recommendedQuantity": "6.0",
      "quantityPrice": 0.789,
      "quantityPriceQuantity": "12.0",
      "measurementUnitPrice": 7.5,
      "measurementUnitQuantityPrice": 5.64,
      "measurementUnit": "K",
      "isRedPrice": false,
      "pricePerUOM": 7.5,
      "activationDate": "20-03-2024",
      "recordSource": "Offline",
      "isPromoActive": "N",
      "priceChangeCode": "E",
      "quantityPricePerUOM": 5.64,
      "quantityActivationDate": "20-03-2024",
      "quantityPriceChangeCode": "E"
    },
    "isAvailable": true,
    "isPriceAvailable": true,
    "inPromo": false,
    "gtin": [
      "00000050232284",
      "15400141190684",
      "15400141190769",
      "15400141282587",
      "15400141286363",
      "25400141282584",
      "25400141286360",
      "05400141019391",
      "05400141173024",
      "05400141174779",
      "05400141190687",
      "05400141190762",
      "05400141208719",
      "05400141282580",
      "05400141286366"
    ],
    "topCategoryName": "Conserven",
    "topCategoryId": "188",
    "businessDomain": "RETAIL_BE",
    "IsPrivateLabel": true,
    "IsBiffe": false,
    "WeightconversionFactor": "0",
    "IsWeightArticle": false,
    "nutriscoreLabel": "C",
    "IsBio": false,
    "CountryOfOrigin": "THAILAND",
    "IsExclusivelySoldInLuxembourg": false,
    "OrderUnit": "P",
    "ShortName": "BONI ANANAS.SCH SIR227G",
    "IsNew": false,
    "EcoscoreLabel": "A",
    "RecentQuanityOfStockUnits": "1,6,1,6,1",
    "LongName": "BONI ananas schijven op siroop blik 227g",
    "AlcoholVolume": "0",
    "FicCode": "I",
    "EcoscoreValue": "85"
  },
  {
    "productId": "707",
    "technicalArticleNumber": "10330",
    "commercialArticleNumber": "10330",
    "name": "fr.cockt.lichte sir. blik",
    "description": "*Fruitcocktail op\nlichte siroop",
    "brand": "DEL MONTE",
    "seoBrand": "Del Monte",
    "thumbNail": "https://static.colruytgroup.com/images/200x200/std.lang.all/95/36/asset-2409536.jpg",
    "fullImage": "https://static.colruytgroup.com/images/500x500/std.lang.all/95/36/asset-2409536.jpg",
    "squareImage": "https://static.colruytgroup.com/images/500x500sq/std.lang.all/95/36/asset-2409536.jpg",
    "content": "227g",
    "walkRouteSequenceNumber": 16577,
    "price": {
      "basicPrice": 1.49,
      "recommendedQuantity": "6.0",
      "measurementUnitPrice": 10.65,
      "measurementUnit": "K",
      "isRedPrice": false,
      "pricePerUOM": 10.65,
      "activationDate": "17-02-2024",
      "recordSource": "Offline",
      "isPromoActive": "N",
      "priceChangeCode": "E"
    },
    "isAvailable": true,
    "isPriceAvailable": true,
    "inPromo": false,
    "gtin": [
      "00024000040132",
      "05400141103304",
      "00000025103304",
      "00024000011477",
      "00024000040095"
    ],
    "topCategoryName": "Conserven",
    "topCategoryId": "188",
    "businessDomain": "RETAIL_BE",
    "IsPrivateLabel": false,
    "IsBiffe": false,
    "WeightconversionFactor": "0",
    "IsWeightArticle": false,
    "nutriscoreLabel": "A",
    "IsBio": false,
    "CountryOfOrigin": "GRIEKENLAND",
    "IsExclusivelySoldInLuxembourg": false,
    "OrderUnit": "P",
    "ShortName": "DELM FRUIT COCKT 227 GR",
    "InSeason": true,
    "IsNew": false,
    "EcoscoreLabel": "A",
    "RecentQuanityOfStockUnits": "1,6",
    "LongName": "DEL MONTE fr.cockt.lichte sir. blik 227g",
    "AlcoholVolume": "0",
    "StartSeasonDate": "13/12/2010",
    "FicCode": "E",
    "EcoscoreValue": "94"
  },
  {
    "productId": "350562",
    "technicalArticleNumber": "3857329",
    "commercialArticleNumber": "22014",
    "name": "Muhammara dip",
    "brand": "BONI",
    "seoBrand": "Boni Selection",
    "thumbNail": "https://static.colruytgroup.com/images/200x200/std.lang.all/28/63/asset-2352863.jpg",
    "fullImage": "https://static.colruytgroup.com/images/500x500/std.lang.all/28/63/asset-2352863.jpg",
    "squareImage": "https://static.colruytgroup.com/images/500x500sq/std.lang.all/28/63/asset-2352863.jpg",
    "content": "200g",
    "walkRouteSequenceNumber": 7767,
    "price": {
      "basicPrice": 2.99,
      "recommendedQuantity": "1.0",
      "quantityPrice": 2.75,
      "quantityPriceQuantity": "3.0",
      "measurementUnitPrice": 14.95,
      "measurementUnitQuantityPrice": 13.75,
      "measurementUnit": "K",
      "isRedPrice": false,
      "pricePerUOM": 14.95,
      "activationDate": "02-11-2022",
      "isPromoActive": "N",
      "priceChangeCode": "E",
      "quantityPricePerUOM": 13.75,
      "quantityActivationDate": "02-11-2022",
      "quantityPriceChangeCode": "H"
    },
    "isAvailable": true,
    "isPriceAvailable": true,
    "inPromo": false,
    "gtin": [
      "15400141637462",
      "15400141440260",
      "05400141440263",
      "05400141637465",
      "15400141354468",
      "05400141354461",
      "15400141226888",
      "05400141226881"
    ],
    "topCategoryName": "Chips/Borrelhapjes",
    "topCategoryId": "306",
    "businessDomain": "RETAIL_BE",
    "IsPrivateLabel": true,
    "IsBiffe": false,
    "WeightconversionFactor": "0",
    "IsWeightArticle": false,
    "nutriscoreLabel": "C",
    "IsBio": false,
    "CountryOfOrigin": "NEDERLAND",
    "IsExclusivelySoldInLuxembourg": false,
    "OrderUnit": "P",
    "ShortName": "BONI MUHAMMARA DIP 200G",
    "IsNew": false,
    "EcoscoreLabel": "B",
    "RecentQuanityOfStockUnits": "1",
    "LongName": "BONI Muhammara dip 200g",
    "AlcoholVolume": "0",
    "FicCode": "I",
    "EcoscoreValue": "70"
  },
  {
    "productId": "509644",
    "technicalArticleNumber": "4088089",
    "commercialArticleNumber": "7946",
    "name": "Rode Kidneybonen blik",
    "description": "*Rode kidneybonen",
    "brand": "BONDUELLE",
    "seoBrand": "Bonduelle",
    "thumbNail": "https://static.colruytgroup.com/images/200x200/std.lang.all/78/53/asset-2337853.jpg",
    "fullImage": "https://static.colruytgroup.com/images/500x500/std.lang.all/78/53/asset-2337853.jpg",
    "squareImage": "https://static.colruytgroup.com/images/500x500sq/std.lang.all/78/53/asset-2337853.jpg",
    "content": "310g",
    "walkRouteSequenceNumber": 16502,
    "price": {
      "basicPrice": 1.99,
      "recommendedQuantity": "1.0",
      "quantityPrice": 1.14,
      "quantityPriceQuantity": "2.0",
      "measurementUnitPrice": 6.42,
      "measurementUnitQuantityPrice": 3.68,
      "measurementUnit": "K",
      "isRedPrice": false,
      "pricePerUOM": 6.42,
      "activationDate": "21-03-2024",
      "recordSource": "Offline",
      "isPromoActive": "N",
      "priceChangeCode": "E",
      "quantityPricePerUOM": 3.68,
      "quantityActivationDate": "21-03-2024",
      "quantityPriceChangeCode": "L"
    },
    "isAvailable": true,
    "isPriceAvailable": true,
    "inPromo": false,
    "gtin": [
      "03083681012613",
      "03083681012606"
    ],
    "topCategoryName": "Conserven",
    "topCategoryId": "188",
    "businessDomain": "RETAIL_BE",
    "IsPrivateLabel": false,
    "IsBiffe": false,
    "WeightconversionFactor": "0",
    "IsWeightArticle": false,
    "nutriscoreLabel": "A",
    "IsBio": false,
    "CountryOfOrigin": "BELGIË",
    "IsExclusivelySoldInLuxembourg": false,
    "OrderUnit": "P",
    "ShortName": "BOND.RODE BONEN 310G",
    "IsNew": false,
    "EcoscoreLabel": "B",
    "RecentQuanityOfStockUnits": "1,12",
    "LongName": "BONDUELLE Rode Kidneybonen blik 310g",
    "FicCode": "E",
    "EcoscoreValue": "76"
  },
  {
    "productId": "728",
    "technicalArticleNumber": "11212",
    "commercialArticleNumber": "11212",
    "name": "hele prinsessenbonen blik",
    "description": "*Hele fijne\nprinsesenboontjes",
    "brand": "EVERYDAY",
    "seoBrand": "Everyday",
    "thumbNail": "https://static.colruytgroup.com/images/200x200/std.lang.all/41/86/asset-2504186.jpg",
    "fullImage": "https://static.colruytgroup.com/images/500x500/std.lang.all/41/86/asset-2504186.jpg",
    "squareImage": "https://static.colruytgroup.com/images/500x500sq/std.lang.all/41/86/asset-2504186.jpg",
    "content": "800g",
    "walkRouteSequenceNumber": 16456,
    "price": {
      "basicPrice": 1.49,
      "recommendedQuantity": "3.0",
      "measurementUnitPrice": 3.39,
      "measurementUnit": "K",
      "isRedPrice": false,
      "pricePerUOM": 3.39,
      "activationDate": "29-12-2023",
      "recordSource": "Offline",
      "isPromoActive": "N",
      "priceChangeCode": "H"
    },
    "isAvailable": true,
    "isPriceAvailable": true,
    "inPromo": false,
    "gtin": [
      "25400141058387",
      "05400141058383",
      "05400141112122",
      "05400141212129",
      "15400141058380"
    ],
    "topCategoryName": "Conserven",
    "topCategoryId": "188",
    "businessDomain": "RETAIL_BE",
    "IsPrivateLabel": true,
    "IsBiffe": false,
    "WeightconversionFactor": "0",
    "IsWeightArticle": false,
    "nutriscoreLabel": "A",
    "IsBio": false,
    "CountryOfOrigin": "FRANKRIJK",
    "IsExclusivelySoldInLuxembourg": false,
    "OrderUnit": "P",
    "ShortName": "EVD PRINS.BONEN FIJN800",
    "IsNew": false,
    "RecentQuanityOfStockUnits": "1,3,12",
    "LongName": "EVERYDAY hele prinsessenbonen blik 800g",
    "AlcoholVolume": "0",
    "FicCode": "I"
  },
  {
    "productId": "129772",
    "technicalArticleNumber": "3241185",
    "commercialArticleNumber": "22732",
    "name": "vol-au-vent bokaal",
    "description": "*Vol-au-vent met kip\nen champignons\n*Aantal porties: 1\n*Opwarmen in de pan",
    "brand": "BONI",
    "seoBrand": "Boni Selection",
    "thumbNail": "https://static.colruytgroup.com/images/200x200/std.lang.all/66/28/asset-956628.jpg",
    "fullImage": "https://static.colruytgroup.com/images/500x500/std.lang.all/66/28/asset-956628.jpg",
    "squareImage": "https://static.colruytgroup.com/images/500x500sq/std.lang.all/66/28/asset-956628.jpg",
    "content": "400g",
    "walkRouteSequenceNumber": 16847,
    "price": {
      "basicPrice": 3.99,
      "recommendedQuantity": "1.0",
      "quantityPrice": 2.99,
      "quantityPriceQuantity": "2.0",
      "measurementUnitPrice": 9.98,
      "measurementUnitQuantityPrice": 7.48,
      "measurementUnit": "K",
      "isRedPrice": false,
      "pricePerUOM": 9.98,
      "activationDate": "20-03-2024",
      "recordSource": "Offline",
      "isPromoActive": "N",
      "priceChangeCode": "E",
      "quantityPricePerUOM": 7.48,
      "quantityActivationDate": "20-03-2024",
      "quantityPriceChangeCode": "E"
    },
    "isAvailable": true,
    "isPriceAvailable": true,
    "inPromo": false,
    "gtin": [
      "15400141247739",
      "15400141826361",
      "05400141381603",
      "05400141247732",
      "05400141207415",
      "05400141540192"
    ],
    "topCategoryName": "Conserven",
    "topCategoryId": "188",
    "businessDomain": "RETAIL_BE",
    "IsPrivateLabel": true,
    "IsBiffe": false,
    "WeightconversionFactor": "0",
    "IsWeightArticle": false,
    "nutriscoreLabel": "C",
    "IsBio": false,
    "CountryOfOrigin": "BELGIË",
    "IsExclusivelySoldInLuxembourg": false,
    "OrderUnit": "P",
    "ShortName": "BONI VOL AU VENT 400G",
    "IsNew": false,
    "EcoscoreLabel": "C",
    "RecentQuanityOfStockUnits": "1,12",
    "LongName": "BONI vol-au-vent bokaal 400g",
    "AlcoholVolume": "0",
    "FicCode": "I",
    "EcoscoreValue": "41"
  },
  {
    "productId": "865079",
    "technicalArticleNumber": "4717121",
    "commercialArticleNumber": "2416",
    "name": "Appelmousseline",
    "brand": "MATERNE",
    "seoBrand": "Materne",
    "thumbNail": "https://static.colruytgroup.com/images/200x200/nl_be/33/49/asset-3423349.jpg",
    "fullImage": "https://static.colruytgroup.com/images/500x500/nl_be/33/49/asset-3423349.jpg",
    "squareImage": "https://static.colruytgroup.com/images/500x500sq/nl_be/33/49/asset-3423349.jpg",
    "content": "850g",
    "walkRouteSequenceNumber": 16536,
    "price": {
      "basicPrice": 3.49,
      "recommendedQuantity": "1.0",
      "measurementUnitPrice": 4.11,
      "measurementUnit": "K",
      "isRedPrice": false,
      "pricePerUOM": 4.11,
      "activationDate": "14-02-2024",
      "isPromoActive": "N",
      "priceChangeCode": "E"
    },
    "isAvailable": true,
    "isPriceAvailable": true,
    "inPromo": false,
    "gtin": [
      "25410046995946",
      "05410046993764"
    ],
    "topCategoryName": "Conserven",
    "topCategoryId": "188",
    "businessDomain": "RETAIL_BE",
    "IsPrivateLabel": false,
    "IsBiffe": false,
    "WeightconversionFactor": "0",
    "IsWeightArticle": false,
    "nutriscoreLabel": "B",
    "IsBio": false,
    "CountryOfOrigin": "BELGIË",
    "IsExclusivelySoldInLuxembourg": false,
    "OrderUnit": "P",
    "ShortName": "MATE APPELMOUSSELI.850G",
    "IsNew": false,
    "RecentQuanityOfStockUnits": "1,6",
    "LongName": "MATERNE Appelmousseline 850g",
    "FicCode": "E"
  },
  {
    "productId": "17283",
    "technicalArticleNumber": "1749250",
    "commercialArticleNumber": "10725",
    "name": "bereide krieken ontpit bokaal",
    "description": "*Ontpitte krieken op\ningedikt sap",
    "brand": "BONI",
    "seoBrand": "Boni Selection",
    "thumbNail": "https://static.colruytgroup.com/images/200x200/std.lang.all/15/33/asset-2041533.jpg",
    "fullImage": "https://static.colruytgroup.com/images/500x500/std.lang.all/15/33/asset-2041533.jpg",
    "squareImage": "https://static.colruytgroup.com/images/500x500sq/std.lang.all/15/33/asset-2041533.jpg",
    "content": "570g",
    "walkRouteSequenceNumber": 16611,
    "price": {
      "basicPrice": 2.99,
      "recommendedQuantity": "2.0",
      "measurementUnitPrice": 5.25,
      "measurementUnit": "K",
      "isRedPrice": false,
      "pricePerUOM": 5.25,
      "activationDate": "30-12-2023",
      "isPromoActive": "N",
      "priceChangeCode": "H"
    },
    "isAvailable": true,
    "isPriceAvailable": true,
    "inPromo": false,
    "gtin": [
      "05400141117257",
      "05400141055115",
      "15400141984245",
      "05400141282108",
      "15400141282105"
    ],
    "topCategoryName": "Conserven",
    "topCategoryId": "188",
    "businessDomain": "RETAIL_BE",
    "IsPrivateLabel": true,
    "IsBiffe": false,
    "WeightconversionFactor": "0",
    "IsWeightArticle": false,
    "nutriscoreLabel": "C",
    "IsBio": false,
    "CountryOfOrigin": "BELGIË",
    "IsExclusivelySoldInLuxembourg": false,
    "OrderUnit": "P",
    "ShortName": "BONI BEREIDE KRIEK570G",
    "IsNew": false,
    "EcoscoreLabel": "C",
    "RecentQuanityOfStockUnits": "12,1,2",
    "LongName": "BONI bereide krieken ontpit bokaal 570g",
    "AlcoholVolume": "0",
    "FicCode": "I",
    "EcoscoreValue": "56"
  },
  {
    "productId": "773",
    "technicalArticleNumber": "9678",
    "commercialArticleNumber": "9678",
    "name": "makreelfilet olijfolie",
    "description": "*Makreelfilets in\nolijfolie",
    "brand": "BONI",
    "seoBrand": "Boni Selection",
    "thumbNail": "https://static.colruytgroup.com/images/200x200/std.lang.all/85/81/asset-3028581.jpg",
    "fullImage": "https://static.colruytgroup.com/images/500x500/std.lang.all/85/81/asset-3028581.jpg",
    "squareImage": "https://static.colruytgroup.com/images/500x500sq/std.lang.all/85/81/asset-3028581.jpg",
    "content": "125g",
    "walkRouteSequenceNumber": 16639,
    "price": {
      "basicPrice": 1.65,
      "recommendedQuantity": "1.0",
      "measurementUnitPrice": 13.2,
      "measurementUnit": "K",
      "isRedPrice": false,
      "pricePerUOM": 13.2,
      "activationDate": "30-12-2023",
      "isPromoActive": "N",
      "priceChangeCode": "H"
    },
    "isAvailable": true,
    "isPriceAvailable": true,
    "inPromo": false,
    "gtin": [
      "05400141058147",
      "05400141058154",
      "05400141159752",
      "15400141528340",
      "05400141528343",
      "15400141528326",
      "05400141528329"
    ],
    "topCategoryName": "Conserven",
    "topCategoryId": "188",
    "businessDomain": "RETAIL_BE",
    "IsPrivateLabel": true,
    "IsBiffe": false,
    "WeightconversionFactor": "0",
    "IsWeightArticle": false,
    "nutriscoreLabel": "B",
    "IsBio": false,
    "CountryOfOrigin": "DENEMARKEN",
    "IsExclusivelySoldInLuxembourg": false,
    "OrderUnit": "P",
    "ShortName": "BONI MAKR FIL OLIJF125G",
    "InSeason": true,
    "IsNew": false,
    "EcoscoreLabel": "D",
    "RecentQuanityOfStockUnits": "1,12",
    "LongName": "BONI makreelfilet olijfolie 125g",
    "AlcoholVolume": "0",
    "StartSeasonDate": "19/05/2022",
    "FicCode": "I",
    "EcoscoreValue": "39"
  },
  {
    "productId": "623517",
    "technicalArticleNumber": "4304557",
    "commercialArticleNumber": "23714",
    "name": "corned beef",
    "brand": "TARGET",
    "seoBrand": "Target",
    "thumbNail": "https://static.colruytgroup.com/images/200x200/std.lang.all/88/81/asset-2178881.jpg",
    "fullImage": "https://static.colruytgroup.com/images/500x500/std.lang.all/88/81/asset-2178881.jpg",
    "squareImage": "https://static.colruytgroup.com/images/500x500sq/std.lang.all/88/81/asset-2178881.jpg",
    "content": "198g",
    "walkRouteSequenceNumber": 16869,
    "price": {
      "basicPrice": 4.09,
      "recommendedQuantity": "3.0",
      "measurementUnitPrice": 20.66,
      "measurementUnit": "K",
      "isRedPrice": false,
      "pricePerUOM": 20.66,
      "activationDate": "05-03-2024",
      "recordSource": "Offline",
      "isPromoActive": "N",
      "priceChangeCode": "H"
    },
    "isAvailable": true,
    "isPriceAvailable": true,
    "inPromo": false,
    "gtin": [
      "05010436600007",
      "05410911021981",
      "15411506855384",
      "85400141420582"
    ],
    "topCategoryName": "Conserven",
    "topCategoryId": "188",
    "businessDomain": "RETAIL_BE",
    "IsPrivateLabel": false,
    "IsBiffe": false,
    "WeightconversionFactor": "0",
    "IsWeightArticle": false,
    "nutriscoreLabel": "D",
    "IsBio": false,
    "CountryOfOrigin": "FRANKRIJK",
    "IsExclusivelySoldInLuxembourg": false,
    "OrderUnit": "P",
    "ShortName": "TARG CORNED BEEF 198G",
    "IsNew": false,
    "EcoscoreLabel": "E",
    "RecentQuanityOfStockUnits": "3,1",
    "LongName": "TARGET corned beef 198g",
    "FicCode": "E",
    "EcoscoreValue": "1"
  },
  {
    "productId": "3398",
    "technicalArticleNumber": "1096643",
    "commercialArticleNumber": "11951",
    "name": "gehakte roomspinazie",
    "description": "*Gehakte spinazie\nmet room",
    "brand": "BONI",
    "seoBrand": "Boni Selection",
    "thumbNail": "https://static.colruytgroup.com/images/200x200/std.lang.all/62/60/asset-2196260.jpg",
    "fullImage": "https://static.colruytgroup.com/images/500x500/std.lang.all/62/60/asset-2196260.jpg",
    "squareImage": "https://static.colruytgroup.com/images/500x500sq/std.lang.all/62/60/asset-2196260.jpg",
    "content": "330g",
    "walkRouteSequenceNumber": 16337,
    "price": {
      "basicPrice": 1.49,
      "recommendedQuantity": "3.0",
      "measurementUnitPrice": 4.52,
      "measurementUnit": "K",
      "isRedPrice": false,
      "pricePerUOM": 4.52,
      "activationDate": "29-12-2023",
      "recordSource": "Offline",
      "isPromoActive": "N",
      "priceChangeCode": "H"
    },
    "isAvailable": true,
    "isPriceAvailable": true,
    "inPromo": false,
    "gtin": [
      "05400141171099",
      "15400141278788",
      "05400141419511",
      "05400141278781",
      "00000025119510"
    ],
    "topCategoryName": "Conserven",
    "topCategoryId": "188",
    "businessDomain": "RETAIL_BE",
    "IsPrivateLabel": true,
    "IsBiffe": false,
    "WeightconversionFactor": "0",
    "IsWeightArticle": false,
    "nutriscoreLabel": "A",
    "IsBio": false,
    "CountryOfOrigin": "BELGIË",
    "IsExclusivelySoldInLuxembourg": false,
    "OrderUnit": "P",
    "ShortName": "BONI ROOMSPINAZIE330G",
    "IsNew": false,
    "EcoscoreLabel": "A",
    "RecentQuanityOfStockUnits": "3,1",
    "LongName": "BONI gehakte roomspinazie 330g",
    "AlcoholVolume": "0",
    "FicCode": "I",
    "EcoscoreValue": "100"
  },
  {
    "productId": "509",
    "technicalArticleNumber": "9120",
    "commercialArticleNumber": "9120",
    "name": "Corned Beef",
    "description": "*Gekookt rundsvlees",
    "brand": "TARGET",
    "seoBrand": "Target",
    "thumbNail": "https://static.colruytgroup.com/images/200x200/std.lang.all/39/27/asset-1113927.jpg",
    "fullImage": "https://static.colruytgroup.com/images/500x500/std.lang.all/39/27/asset-1113927.jpg",
    "squareImage": "https://static.colruytgroup.com/images/500x500sq/std.lang.all/39/27/asset-1113927.jpg",
    "content": "340g",
    "walkRouteSequenceNumber": 16868,
    "price": {
      "basicPrice": 5.29,
      "recommendedQuantity": "1.0",
      "measurementUnitPrice": 15.56,
      "measurementUnit": "K",
      "isRedPrice": false,
      "pricePerUOM": 15.56,
      "activationDate": "19-03-2024",
      "recordSource": "Offline",
      "isPromoActive": "N",
      "priceChangeCode": "L"
    },
    "isAvailable": true,
    "isPriceAvailable": true,
    "inPromo": false,
    "gtin": [
      "00000025091205",
      "05410911033403",
      "15411506855391"
    ],
    "topCategoryName": "Conserven",
    "topCategoryId": "188",
    "businessDomain": "RETAIL_BE",
    "IsPrivateLabel": false,
    "IsBiffe": false,
    "WeightconversionFactor": "0",
    "IsWeightArticle": false,
    "nutriscoreLabel": "D",
    "IsBio": false,
    "CountryOfOrigin": "FRANKRIJK",
    "IsExclusivelySoldInLuxembourg": false,
    "OrderUnit": "P",
    "ShortName": "TARGET CORNED BEEF 340G",
    "InSeason": true,
    "IsNew": false,
    "EcoscoreLabel": "E",
    "RecentQuanityOfStockUnits": "1,12",
    "LongName": "TARGET Corned Beef 340g",
    "AlcoholVolume": "0",
    "StartSeasonDate": "07/05/2013",
    "FicCode": "E",
    "EcoscoreValue": "0"
  },
  {
    "productId": "865578",
    "technicalArticleNumber": "4717768",
    "commercialArticleNumber": "3993",
    "name": "Trio Mediterraans",
    "brand": "BONI",
    "seoBrand": "Boni Selection",
    "thumbNail": "https://static.colruytgroup.com/images/200x200/std.lang.all/95/85/asset-3199585.jpg",
    "fullImage": "https://static.colruytgroup.com/images/500x500/std.lang.all/95/85/asset-3199585.jpg",
    "squareImage": "https://static.colruytgroup.com/images/500x500sq/std.lang.all/95/85/asset-3199585.jpg",
    "content": "180g",
    "walkRouteSequenceNumber": 7655,
    "price": {
      "basicPrice": 2.99,
      "recommendedQuantity": "1.0",
      "quantityPrice": 2.87,
      "quantityPriceQuantity": "3.0",
      "measurementUnitPrice": 16.62,
      "measurementUnitQuantityPrice": 15.95,
      "measurementUnit": "K",
      "isRedPrice": false,
      "pricePerUOM": 16.62,
      "activationDate": "27-04-2023",
      "isPromoActive": "N",
      "priceChangeCode": "E",
      "quantityPricePerUOM": 15.95,
      "quantityActivationDate": "27-04-2023",
      "quantityPriceChangeCode": "E"
    },
    "isAvailable": true,
    "isPriceAvailable": true,
    "inPromo": false,
    "gtin": [
      "05400141443646"
    ],
    "topCategoryName": "Chips/Borrelhapjes",
    "topCategoryId": "306",
    "businessDomain": "RETAIL_BE",
    "IsPrivateLabel": true,
    "IsBiffe": false,
    "WeightconversionFactor": "0",
    "IsWeightArticle": false,
    "nutriscoreLabel": "D",
    "IsBio": false,
    "CountryOfOrigin": "BELGIË",
    "IsExclusivelySoldInLuxembourg": false,
    "OrderUnit": "P",
    "ShortName": "BONI TRIO MEDITER.180G",
    "IsNew": false,
    "EcoscoreLabel": "D",
    "RecentQuanityOfStockUnits": "1",
    "LongName": "BONI Trio Mediterraans 180g",
    "FicCode": "I",
    "EcoscoreValue": "38"
  },
  {
    "productId": "93236",
    "technicalArticleNumber": "2890173",
    "commercialArticleNumber": "34620",
    "name": "sardienen olijfolie",
    "description": "*Sardines zonder vel\nen zonder graten in\nolijfolie",
    "brand": "COCAGNE",
    "seoBrand": "Cocagne",
    "thumbNail": "https://static.colruytgroup.com/images/200x200/std.lang.all/98/14/asset-3139814.jpg",
    "fullImage": "https://static.colruytgroup.com/images/500x500/std.lang.all/98/14/asset-3139814.jpg",
    "squareImage": "https://static.colruytgroup.com/images/500x500sq/std.lang.all/98/14/asset-3139814.jpg",
    "content": "105g",
    "walkRouteSequenceNumber": 16676,
    "price": {
      "basicPrice": 3.65,
      "recommendedQuantity": "5.0",
      "measurementUnitPrice": 34.77,
      "measurementUnit": "K",
      "isRedPrice": false,
      "pricePerUOM": 34.77,
      "activationDate": "21-03-2024",
      "recordSource": "Offline",
      "isPromoActive": "N",
      "priceChangeCode": "E"
    },
    "isAvailable": true,
    "isPriceAvailable": true,
    "inPromo": false,
    "gtin": [
      "15411251500508",
      "05411251500501",
      "05601010114043"
    ],
    "topCategoryName": "Conserven",
    "topCategoryId": "188",
    "businessDomain": "RETAIL_BE",
    "IsPrivateLabel": false,
    "IsBiffe": false,
    "WeightconversionFactor": "0",
    "IsWeightArticle": false,
    "nutriscoreLabel": "A",
    "IsBio": false,
    "CountryOfOrigin": "PORTUGAL",
    "IsExclusivelySoldInLuxembourg": false,
    "OrderUnit": "P",
    "ShortName": "COCA SARD ZVZG 105G",
    "IsNew": false,
    "EcoscoreLabel": "C",
    "RecentQuanityOfStockUnits": "1,5",
    "LongName": "COCAGNE sardienen olijfolie 105g",
    "AlcoholVolume": "0",
    "FicCode": "E",
    "EcoscoreValue": "40"
  },
  {
    "productId": "741",
    "technicalArticleNumber": "11420",
    "commercialArticleNumber": "11420",
    "name": "groentemacédoine blik",
    "description": "*Groentemengeling",
    "brand": "BONI",
    "seoBrand": "Boni Selection",
    "thumbNail": "https://static.colruytgroup.com/images/200x200/std.lang.all/82/16/asset-2088216.jpg",
    "fullImage": "https://static.colruytgroup.com/images/500x500/std.lang.all/82/16/asset-2088216.jpg",
    "squareImage": "https://static.colruytgroup.com/images/500x500sq/std.lang.all/82/16/asset-2088216.jpg",
    "content": "200g",
    "walkRouteSequenceNumber": 16438,
    "price": {
      "basicPrice": 0.471,
      "recommendedQuantity": "6.0",
      "measurementUnitPrice": 3.63,
      "measurementUnit": "K",
      "isRedPrice": false,
      "pricePerUOM": 3.63,
      "activationDate": "20-03-2024",
      "recordSource": "Folder",
      "isPromoActive": "N",
      "priceChangeCode": "L"
    },
    "isAvailable": true,
    "isPriceAvailable": true,
    "inPromo": false,
    "gtin": [
      "05400141163100",
      "05400141214208",
      "05400141278545",
      "05400141293791",
      "05400141295528",
      "15400141163107",
      "15400141278542",
      "25400141278549",
      "05400141083293"
    ],
    "topCategoryName": "Conserven",
    "topCategoryId": "188",
    "businessDomain": "RETAIL_BE",
    "IsPrivateLabel": true,
    "IsBiffe": false,
    "WeightconversionFactor": "0",
    "IsWeightArticle": false,
    "nutriscoreLabel": "A",
    "IsBio": false,
    "CountryOfOrigin": "FRANKRIJK",
    "IsExclusivelySoldInLuxembourg": false,
    "OrderUnit": "P",
    "ShortName": "BONI GROEN.MACED.200G",
    "IsNew": false,
    "EcoscoreLabel": "A",
    "RecentQuanityOfStockUnits": "1,6",
    "LongName": "BONI groentemacédoine blik 200g",
    "AlcoholVolume": "0",
    "FicCode": "I",
    "EcoscoreValue": "86"
  },
  {
    "productId": "722",
    "technicalArticleNumber": "11021",
    "commercialArticleNumber": "11021",
    "name": "Sperziebonen Bokaal",
    "description": "*Sperziebonen",
    "brand": "BONDUELLE",
    "seoBrand": "Bonduelle",
    "thumbNail": "https://static.colruytgroup.com/images/200x200/std.lang.all/78/98/asset-2337898.jpg",
    "fullImage": "https://static.colruytgroup.com/images/500x500/std.lang.all/78/98/asset-2337898.jpg",
    "squareImage": "https://static.colruytgroup.com/images/500x500sq/std.lang.all/78/98/asset-2337898.jpg",
    "content": "530g",
    "walkRouteSequenceNumber": 16420,
    "price": {
      "basicPrice": 3.89,
      "recommendedQuantity": "3.0",
      "measurementUnitPrice": 13.9,
      "measurementUnit": "K",
      "isRedPrice": false,
      "pricePerUOM": 13.9,
      "activationDate": "03-01-2024",
      "isPromoActive": "N",
      "priceChangeCode": "H"
    },
    "isAvailable": true,
    "isPriceAvailable": true,
    "inPromo": false,
    "gtin": [
      "03083680597234",
      "03083680598040",
      "03083680598125"
    ],
    "topCategoryName": "Conserven",
    "topCategoryId": "188",
    "businessDomain": "RETAIL_BE",
    "IsPrivateLabel": false,
    "IsBiffe": false,
    "WeightconversionFactor": "0",
    "IsWeightArticle": false,
    "nutriscoreLabel": "A",
    "IsBio": false,
    "CountryOfOrigin": "BELGIË",
    "IsExclusivelySoldInLuxembourg": false,
    "OrderUnit": "P",
    "ShortName": "BOND SPERZBN.GLAS 530G",
    "IsNew": false,
    "EcoscoreLabel": "A",
    "RecentQuanityOfStockUnits": "3,1",
    "LongName": "BONDUELLE Sperziebonen Bokaal 530g",
    "AlcoholVolume": "0",
    "FicCode": "E",
    "EcoscoreValue": "89"
  },
  {
    "productId": "841575",
    "technicalArticleNumber": "4686425",
    "commercialArticleNumber": "22777",
    "name": "zongedr.tomat.",
    "brand": "CONSERVE DELLA NONNA",
    "seoBrand": "Le conserve della Nonna",
    "thumbNail": "https://static.colruytgroup.com/images/200x200/std.lang.all/59/88/asset-2985988.jpg",
    "fullImage": "https://static.colruytgroup.com/images/500x500/std.lang.all/59/88/asset-2985988.jpg",
    "squareImage": "https://static.colruytgroup.com/images/500x500sq/std.lang.all/59/88/asset-2985988.jpg",
    "content": "340g",
    "walkRouteSequenceNumber": 4589,
    "price": {
      "basicPrice": 3.39,
      "recommendedQuantity": "1.0",
      "measurementUnitPrice": 9.98,
      "measurementUnit": "K",
      "isRedPrice": false,
      "pricePerUOM": 9.98,
      "activationDate": "10-11-2023",
      "isPromoActive": "N",
      "priceChangeCode": "E"
    },
    "isAvailable": true,
    "isPriceAvailable": true,
    "inPromo": false,
    "gtin": [
      "08005360001744"
    ],
    "topCategoryName": "Conserven",
    "topCategoryId": "188",
    "businessDomain": "RETAIL_BE",
    "IsPrivateLabel": false,
    "IsBiffe": false,
    "WeightconversionFactor": "0",
    "IsWeightArticle": false,
    "IsBio": false,
    "CountryOfOrigin": "ITALIË",
    "IsExclusivelySoldInLuxembourg": false,
    "OrderUnit": "P",
    "ShortName": "CONO ZONGEDR.TOMATEN340",
    "IsNew": false,
    "RecentQuanityOfStockUnits": "1,12",
    "LongName": "CONSERVE DELLA NONNA zongedr.tomat. 340g",
    "FicCode": "E"
  },
  {
    "productId": "488347",
    "technicalArticleNumber": "4043452",
    "commercialArticleNumber": "6263",
    "name": "Insalatissime Messic.P&L",
    "brand": "RIO MARE",
    "seoBrand": "Rio Mare",
    "thumbNail": "https://static.colruytgroup.com/images/200x200/std.lang.all/53/47/asset-1685347.jpg",
    "fullImage": "https://static.colruytgroup.com/images/500x500/std.lang.all/53/47/asset-1685347.jpg",
    "squareImage": "https://static.colruytgroup.com/images/500x500sq/std.lang.all/53/47/asset-1685347.jpg",
    "content": "160g",
    "walkRouteSequenceNumber": 17602,
    "price": {
      "basicPrice": 2.69,
      "recommendedQuantity": "1.0",
      "quantityPrice": 2.49,
      "quantityPriceQuantity": "2.0",
      "measurementUnitPrice": 16.82,
      "measurementUnitQuantityPrice": 15.57,
      "measurementUnit": "K",
      "isRedPrice": false,
      "pricePerUOM": 16.82,
      "activationDate": "02-02-2024",
      "recordSource": "Offline",
      "isPromoActive": "N",
      "priceChangeCode": "E",
      "quantityPricePerUOM": 15.57,
      "quantityActivationDate": "02-02-2024",
      "quantityPriceChangeCode": "E"
    },
    "isAvailable": true,
    "isPriceAvailable": true,
    "inPromo": false,
    "gtin": [
      "05415087002017",
      "08004030026018",
      "08004030026056",
      "15410513022864",
      "15415087002014"
    ],
    "topCategoryName": "Conserven",
    "topCategoryId": "188",
    "businessDomain": "RETAIL_BE",
    "IsPrivateLabel": false,
    "IsBiffe": false,
    "WeightconversionFactor": "0",
    "IsWeightArticle": false,
    "nutriscoreLabel": "C",
    "IsBio": false,
    "CountryOfOrigin": "BELGIË",
    "IsExclusivelySoldInLuxembourg": false,
    "OrderUnit": "P",
    "ShortName": "RIO M.INSA.MESS.P&L160G",
    "IsNew": false,
    "EcoscoreLabel": "D",
    "RecentQuanityOfStockUnits": "1,2,18",
    "LongName": "RIO MARE Insalatissime Messic.P&L 160g",
    "FicCode": "E",
    "EcoscoreValue": "31"
  },
  {
    "productId": "463455",
    "technicalArticleNumber": "3957446",
    "commercialArticleNumber": "2259",
    "name": "hummus mango kokos",
    "description": "*obv kikkererwten",
    "brand": "BONI",
    "seoBrand": "Boni Selection",
    "thumbNail": "https://static.colruytgroup.com/images/200x200/std.lang.all/88/00/asset-2478800.jpg",
    "fullImage": "https://static.colruytgroup.com/images/500x500/std.lang.all/88/00/asset-2478800.jpg",
    "squareImage": "https://static.colruytgroup.com/images/500x500sq/std.lang.all/88/00/asset-2478800.jpg",
    "content": "150g",
    "walkRouteSequenceNumber": 7772,
    "price": {
      "basicPrice": 2.29,
      "recommendedQuantity": "1.0",
      "quantityPrice": 2.11,
      "quantityPriceQuantity": "3.0",
      "measurementUnitPrice": 15.27,
      "measurementUnitQuantityPrice": 14.07,
      "measurementUnit": "K",
      "isRedPrice": false,
      "pricePerUOM": 15.27,
      "activationDate": "17-11-2023",
      "isPromoActive": "N",
      "priceChangeCode": "E",
      "quantityPricePerUOM": 14.07,
      "quantityActivationDate": "17-11-2023",
      "quantityPriceChangeCode": "E"
    },
    "isAvailable": true,
    "isPriceAvailable": true,
    "inPromo": false,
    "gtin": [
      "15400141423386",
      "05400141039924",
      "05400141423389"
    ],
    "topCategoryName": "Chips/Borrelhapjes",
    "topCategoryId": "306",
    "businessDomain": "RETAIL_BE",
    "IsPrivateLabel": true,
    "IsBiffe": false,
    "WeightconversionFactor": "0",
    "IsWeightArticle": false,
    "nutriscoreLabel": "C",
    "IsBio": false,
    "CountryOfOrigin": "NEDERLAND",
    "IsExclusivelySoldInLuxembourg": false,
    "OrderUnit": "P",
    "ShortName": "BONI HUMMUS MAN KOK150G",
    "IsNew": false,
    "EcoscoreLabel": "B",
    "RecentQuanityOfStockUnits": "1",
    "LongName": "BONI hummus mango kokos 150g",
    "FicCode": "I",
    "EcoscoreValue": "77"
  },
  {
    "productId": "49698",
    "technicalArticleNumber": "2480569",
    "commercialArticleNumber": "38967",
    "name": "Soup Idee tom. groenten",
    "description": "*Droge soep\n*Makkelijk bereiden\n*Instant gerecht\n*Snelle maaltijd\n*Warm gerecht",
    "brand": "KNORR",
    "seoBrand": "Knorr",
    "thumbNail": "https://static.colruytgroup.com/images/200x200/std.lang.all/97/46/asset-3139746.jpg",
    "fullImage": "https://static.colruytgroup.com/images/500x500/std.lang.all/97/46/asset-3139746.jpg",
    "squareImage": "https://static.colruytgroup.com/images/500x500sq/std.lang.all/97/46/asset-3139746.jpg",
    "content": "57g",
    "walkRouteSequenceNumber": 16841,
    "price": {
      "basicPrice": 1.26,
      "recommendedQuantity": "4.0",
      "measurementUnitPrice": 22.11,
      "measurementUnit": "K",
      "isRedPrice": false,
      "pricePerUOM": 22.11,
      "activationDate": "13-03-2024",
      "recordSource": "Folder",
      "isPromoActive": "N",
      "priceChangeCode": "H"
    },
    "isAvailable": true,
    "isPriceAvailable": true,
    "inPromo": true,
    "promotion": [
      {
        "techPromoId": "100943COLR",
        "promotionId": "100943",
        "promotionType": "3",
        "isPersonalized": "N",
        "publicationStartDate": "13-03-2024",
        "publicationEndDate": "26-03-2024"
      }
    ],
    "gtin": [
      "08712566143214",
      "05400141001266",
      "08712566578795"
    ],
    "topCategoryName": "Kruidenierswaren/Droge voeding",
    "topCategoryId": "233",
    "businessDomain": "RETAIL_BE",
    "IsPrivateLabel": false,
    "IsBiffe": false,
    "WeightconversionFactor": "0",
    "IsWeightArticle": false,
    "nutriscoreLabel": "C",
    "IsBio": false,
    "CountryOfOrigin": "DUITSLAND",
    "IsExclusivelySoldInLuxembourg": false,
    "OrderUnit": "P",
    "ShortName": "KN IDEE TOM.GROENT 57G",
    "IsNew": false,
    "EcoscoreLabel": "B",
    "RecentQuanityOfStockUnits": "1,4",
    "LongName": "KNORR Soup Idee tom. groenten 57g",
    "AlcoholVolume": "0",
    "FicCode": "E",
    "EcoscoreValue": "76"
  },
  {
    "productId": "648001",
    "technicalArticleNumber": "4345549",
    "commercialArticleNumber": "19151",
    "name": "balletjes tomatensaus blik",
    "description": "*Balletjes in\ntomatensaus",
    "brand": "BONI",
    "seoBrand": "Boni Selection",
    "thumbNail": "https://static.colruytgroup.com/images/200x200/std.lang.all/93/18/asset-3329318.jpg",
    "fullImage": "https://static.colruytgroup.com/images/500x500/std.lang.all/93/18/asset-3329318.jpg",
    "squareImage": "https://static.colruytgroup.com/images/500x500sq/std.lang.all/93/18/asset-3329318.jpg",
    "content": "200g",
    "walkRouteSequenceNumber": 16813,
    "price": {
      "basicPrice": 2.15,
      "recommendedQuantity": "1.0",
      "measurementUnitPrice": 10.75,
      "measurementUnit": "K",
      "isRedPrice": false,
      "pricePerUOM": 10.75,
      "activationDate": "02-01-2024",
      "recordSource": "Offline",
      "isPromoActive": "N",
      "priceChangeCode": "E"
    },
    "isAvailable": true,
    "isPriceAvailable": true,
    "inPromo": false,
    "gtin": [
      "05400141891584",
      "45400141710029"
    ],
    "topCategoryName": "Conserven",
    "topCategoryId": "188",
    "businessDomain": "RETAIL_BE",
    "IsPrivateLabel": true,
    "IsBiffe": false,
    "WeightconversionFactor": "0",
    "IsWeightArticle": false,
    "nutriscoreLabel": "C",
    "IsBio": false,
    "CountryOfOrigin": "BELGIË",
    "IsExclusivelySoldInLuxembourg": false,
    "OrderUnit": "P",
    "ShortName": "BONI BAL.TOM.SAUS 200G",
    "IsNew": false,
    "EcoscoreLabel": "D",
    "RecentQuanityOfStockUnits": "1",
    "LongName": "BONI balletjes tomatensaus blik 200g",
    "FicCode": "I",
    "EcoscoreValue": "33"
  },
  {
    "productId": "16717",
    "technicalArticleNumber": "1434486",
    "commercialArticleNumber": "12288",
    "name": "broc.bieslook brik",
    "description": "*Broccoli-\nbieslooksoep",
    "brand": "LIEBIG DÉLISOUP",
    "seoBrand": "Liebig Délisoup",
    "thumbNail": "https://static.colruytgroup.com/images/200x200/nl_be/25/77/asset-1582577.jpg",
    "fullImage": "https://static.colruytgroup.com/images/500x500/nl_be/25/77/asset-1582577.jpg",
    "squareImage": "https://static.colruytgroup.com/images/500x500sq/nl_be/25/77/asset-1582577.jpg",
    "content": "1L",
    "walkRouteSequenceNumber": 16949,
    "price": {
      "basicPrice": 3.79,
      "recommendedQuantity": "1.0",
      "measurementUnitPrice": 3.79,
      "measurementUnit": "L",
      "isRedPrice": false,
      "pricePerUOM": 3.79,
      "activationDate": "12-03-2024",
      "recordSource": "Offline",
      "isPromoActive": "N",
      "priceChangeCode": "H"
    },
    "isAvailable": true,
    "isPriceAvailable": true,
    "inPromo": false,
    "gtin": [
      "05410056190221",
      "05414972705781"
    ],
    "topCategoryName": "Kruidenierswaren/Droge voeding",
    "topCategoryId": "233",
    "businessDomain": "RETAIL_BE",
    "IsPrivateLabel": false,
    "IsBiffe": false,
    "WeightconversionFactor": "0",
    "IsWeightArticle": false,
    "nutriscoreLabel": "B",
    "IsBio": false,
    "CountryOfOrigin": "FRANKRIJK",
    "IsExclusivelySoldInLuxembourg": false,
    "OrderUnit": "P",
    "ShortName": "LIEBIG DS BIES.BROC.1L",
    "InSeason": true,
    "IsNew": false,
    "EcoscoreLabel": "B",
    "RecentQuanityOfStockUnits": "1,8",
    "LongName": "LIEBIG DÉLISOUP broc.bieslook brik 1L",
    "AlcoholVolume": "0",
    "StartSeasonDate": "16/10/2023",
    "FicCode": "E",
    "EcoscoreValue": "75"
  },
  {
    "productId": "735",
    "technicalArticleNumber": "11309",
    "commercialArticleNumber": "11309",
    "name": "peulbonen extra fijn blik",
    "description": "*Fijne groene\npeulbonen of\nflageolets",
    "brand": "BONI",
    "seoBrand": "Boni Selection",
    "thumbNail": "https://static.colruytgroup.com/images/200x200/std.lang.all/70/06/asset-1967006.jpg",
    "fullImage": "https://static.colruytgroup.com/images/500x500/std.lang.all/70/06/asset-1967006.jpg",
    "squareImage": "https://static.colruytgroup.com/images/500x500sq/std.lang.all/70/06/asset-1967006.jpg",
    "content": "400g",
    "walkRouteSequenceNumber": 16474,
    "price": {
      "basicPrice": 0.637,
      "recommendedQuantity": "4.0",
      "measurementUnitPrice": 2.41,
      "measurementUnit": "K",
      "isRedPrice": false,
      "pricePerUOM": 2.41,
      "activationDate": "20-03-2024",
      "recordSource": "Folder",
      "isPromoActive": "N",
      "priceChangeCode": "L"
    },
    "isAvailable": true,
    "isPriceAvailable": true,
    "inPromo": false,
    "gtin": [
      "05400141076134",
      "05400141278477",
      "05400141424157",
      "05400141424164",
      "15400141278474",
      "25400141278471"
    ],
    "topCategoryName": "Conserven",
    "topCategoryId": "188",
    "businessDomain": "RETAIL_BE",
    "IsPrivateLabel": true,
    "IsBiffe": false,
    "WeightconversionFactor": "0",
    "IsWeightArticle": false,
    "nutriscoreLabel": "A",
    "IsBio": false,
    "CountryOfOrigin": "BELGIË",
    "IsExclusivelySoldInLuxembourg": false,
    "OrderUnit": "P",
    "ShortName": "BONI PEULBONEN 400G",
    "IsNew": false,
    "EcoscoreLabel": "A",
    "RecentQuanityOfStockUnits": "1,4",
    "LongName": "BONI peulbonen extra fijn blik 400g",
    "AlcoholVolume": "0",
    "FicCode": "I",
    "EcoscoreValue": "100"
  },
  {
    "productId": "452160",
    "technicalArticleNumber": "4028261",
    "commercialArticleNumber": "5447",
    "name": "hummus topping",
    "description": "*O.b.v. kikkererwten",
    "brand": "BONI",
    "seoBrand": "Boni Selection",
    "thumbNail": "https://static.colruytgroup.com/images/200x200/std.lang.all/85/16/asset-2508516.jpg",
    "fullImage": "https://static.colruytgroup.com/images/500x500/std.lang.all/85/16/asset-2508516.jpg",
    "squareImage": "https://static.colruytgroup.com/images/500x500sq/std.lang.all/85/16/asset-2508516.jpg",
    "content": "200g",
    "walkRouteSequenceNumber": 7775,
    "price": {
      "basicPrice": 2.09,
      "recommendedQuantity": "1.0",
      "quantityPrice": 1.92,
      "quantityPriceQuantity": "3.0",
      "measurementUnitPrice": 10.45,
      "measurementUnitQuantityPrice": 9.6,
      "measurementUnit": "K",
      "isRedPrice": false,
      "pricePerUOM": 10.45,
      "activationDate": "17-11-2023",
      "isPromoActive": "N",
      "priceChangeCode": "E",
      "quantityPricePerUOM": 9.6,
      "quantityActivationDate": "17-11-2023",
      "quantityPriceChangeCode": "E"
    },
    "isAvailable": true,
    "isPriceAvailable": true,
    "inPromo": false,
    "gtin": [
      "15400141399810",
      "35400141399814",
      "05400141241754",
      "05400141399813"
    ],
    "topCategoryName": "Chips/Borrelhapjes",
    "topCategoryId": "306",
    "businessDomain": "RETAIL_BE",
    "IsPrivateLabel": true,
    "IsBiffe": false,
    "WeightconversionFactor": "0",
    "IsWeightArticle": false,
    "nutriscoreLabel": "C",
    "IsBio": false,
    "CountryOfOrigin": "BELGIË",
    "IsExclusivelySoldInLuxembourg": false,
    "OrderUnit": "P",
    "ShortName": "BONI HUMMUS TOPPING200G",
    "IsNew": false,
    "EcoscoreLabel": "A",
    "RecentQuanityOfStockUnits": "1,1",
    "LongName": "BONI hummus topping 200g",
    "FicCode": "I",
    "EcoscoreValue": "82"
  },
  {
    "productId": "139736",
    "technicalArticleNumber": "3179797",
    "commercialArticleNumber": "15406",
    "name": "piperade blik",
    "description": "*Zuiderse\ngroentemengeling",
    "brand": "BONI",
    "seoBrand": "Boni Selection",
    "thumbNail": "https://static.colruytgroup.com/images/200x200/std.lang.all/32/07/asset-1013207.jpg",
    "fullImage": "https://static.colruytgroup.com/images/500x500/std.lang.all/32/07/asset-1013207.jpg",
    "squareImage": "https://static.colruytgroup.com/images/500x500sq/std.lang.all/32/07/asset-1013207.jpg",
    "content": "385g",
    "walkRouteSequenceNumber": 16367,
    "price": {
      "basicPrice": 0.993,
      "recommendedQuantity": "3.0",
      "measurementUnitPrice": 2.59,
      "measurementUnit": "K",
      "isRedPrice": false,
      "pricePerUOM": 2.59,
      "activationDate": "20-03-2024",
      "recordSource": "Folder",
      "isPromoActive": "N",
      "priceChangeCode": "L"
    },
    "isAvailable": true,
    "isPriceAvailable": true,
    "inPromo": false,
    "gtin": [
      "15400141907749",
      "15400141413400",
      "15400141278146",
      "05400141413403",
      "05400141278149",
      "05400141172294",
      "05400141147902"
    ],
    "topCategoryName": "Conserven",
    "topCategoryId": "188",
    "businessDomain": "RETAIL_BE",
    "IsPrivateLabel": true,
    "IsBiffe": false,
    "WeightconversionFactor": "0",
    "IsWeightArticle": false,
    "nutriscoreLabel": "A",
    "IsBio": false,
    "CountryOfOrigin": "SPANJE",
    "IsExclusivelySoldInLuxembourg": false,
    "OrderUnit": "P",
    "ShortName": "BONI PIPERADE 385G",
    "IsNew": false,
    "EcoscoreLabel": "A",
    "RecentQuanityOfStockUnits": "3,1",
    "LongName": "BONI piperade blik 385g",
    "AlcoholVolume": "0",
    "FicCode": "I",
    "EcoscoreValue": "85"
  },
  {
    "productId": "180290",
    "technicalArticleNumber": "3374602",
    "commercialArticleNumber": "6695",
    "name": "tonijn in eigen nat",
    "description": "*Tonijn in eigen nat",
    "brand": "SAUPIQUET",
    "seoBrand": "Saupiquet",
    "thumbNail": "https://static.colruytgroup.com/images/200x200/std.lang.all/53/46/asset-685346.jpg",
    "fullImage": "https://static.colruytgroup.com/images/500x500/std.lang.all/53/46/asset-685346.jpg",
    "squareImage": "https://static.colruytgroup.com/images/500x500sq/std.lang.all/53/46/asset-685346.jpg",
    "content": "160g",
    "walkRouteSequenceNumber": 16719,
    "price": {
      "basicPrice": 2.99,
      "recommendedQuantity": "1.0",
      "measurementUnitPrice": 24.92,
      "measurementUnit": "K",
      "isRedPrice": false,
      "pricePerUOM": 24.92,
      "activationDate": "13-03-2024",
      "isPromoActive": "Y",
      "priceChangeCode": "E"
    },
    "isAvailable": true,
    "isPriceAvailable": true,
    "inPromo": true,
    "promotion": [
      {
        "techPromoId": "100876COLR",
        "promotionId": "100876",
        "promotionType": "3",
        "isPersonalized": "N",
        "publicationStartDate": "13-03-2024",
        "publicationEndDate": "26-03-2024"
      }
    ],
    "gtin": [
      "05415087003809",
      "15415087004032",
      "05415087004035",
      "15415087003806",
      "05415087016120",
      "15415087016127"
    ],
    "topCategoryName": "Conserven",
    "topCategoryId": "188",
    "businessDomain": "RETAIL_BE",
    "IsPrivateLabel": false,
    "IsBiffe": false,
    "WeightconversionFactor": "0",
    "IsWeightArticle": false,
    "nutriscoreLabel": "A",
    "IsBio": false,
    "CountryOfOrigin": "ECUADOR",
    "IsExclusivelySoldInLuxembourg": false,
    "OrderUnit": "P",
    "ShortName": "SAUP. TONIJN NAT. 160G",
    "IsNew": false,
    "EcoscoreLabel": "D",
    "RecentQuanityOfStockUnits": "1,4",
    "LongName": "SAUPIQUET tonijn in eigen nat 160g",
    "AlcoholVolume": "0",
    "FicCode": "E",
    "EcoscoreValue": "21"
  },
  {
    "productId": "85550",
    "technicalArticleNumber": "2984131",
    "commercialArticleNumber": "36045",
    "name": "erwten & wortelen blik",
    "brand": "BONDUELLE",
    "seoBrand": "Bonduelle",
    "thumbNail": "https://static.colruytgroup.com/images/200x200/std.lang.all/85/67/asset-3228567.jpg",
    "fullImage": "https://static.colruytgroup.com/images/500x500/std.lang.all/85/67/asset-3228567.jpg",
    "squareImage": "https://static.colruytgroup.com/images/500x500sq/std.lang.all/85/67/asset-3228567.jpg",
    "content": "150g",
    "walkRouteSequenceNumber": 16393,
    "price": {
      "basicPrice": 0.99,
      "recommendedQuantity": "4.0",
      "measurementUnitPrice": 7.62,
      "measurementUnit": "K",
      "isRedPrice": false,
      "pricePerUOM": 7.62,
      "activationDate": "26-02-2024",
      "recordSource": "Offline",
      "isPromoActive": "N",
      "priceChangeCode": "H"
    },
    "isAvailable": true,
    "isPriceAvailable": true,
    "inPromo": true,
    "promotion": [
      {
        "techPromoId": "100868COLR",
        "promotionId": "100868",
        "promotionType": "3",
        "isPersonalized": "N",
        "publicationStartDate": "13-03-2024",
        "publicationEndDate": "26-03-2024"
      }
    ],
    "gtin": [
      "03083681012767",
      "03083681012774",
      "03083681029383",
      "03083681029390"
    ],
    "topCategoryName": "Conserven",
    "topCategoryId": "188",
    "businessDomain": "RETAIL_BE",
    "IsPrivateLabel": false,
    "IsBiffe": false,
    "WeightconversionFactor": "0",
    "IsWeightArticle": false,
    "nutriscoreLabel": "A",
    "IsBio": false,
    "CountryOfOrigin": "FRANKRIJK",
    "IsExclusivelySoldInLuxembourg": false,
    "OrderUnit": "P",
    "ShortName": "BOND ERW.& WORTELEN150G",
    "IsNew": false,
    "EcoscoreLabel": "A",
    "RecentQuanityOfStockUnits": "4,1",
    "LongName": "BONDUELLE erwten & wortelen blik 150g",
    "AlcoholVolume": "0",
    "FicCode": "E",
    "EcoscoreValue": "93"
  },
  {
    "productId": "572801",
    "technicalArticleNumber": "4219280",
    "commercialArticleNumber": "17432",
    "name": "Hummus tomaat basilicum",
    "thumbNail": "https://static.colruytgroup.com/images/200x200/std.lang.all/90/97/asset-2179097.jpg",
    "fullImage": "https://static.colruytgroup.com/images/500x500/std.lang.all/90/97/asset-2179097.jpg",
    "squareImage": "https://static.colruytgroup.com/images/500x500sq/std.lang.all/90/97/asset-2179097.jpg",
    "content": "150g",
    "walkRouteSequenceNumber": 7771,
    "price": {
      "basicPrice": 2.69,
      "recommendedQuantity": "1.0",
      "quantityPrice": 2.47,
      "quantityPriceQuantity": "3.0",
      "measurementUnitPrice": 17.94,
      "measurementUnitQuantityPrice": 16.47,
      "measurementUnit": "K",
      "isRedPrice": false,
      "pricePerUOM": 17.94,
      "activationDate": "14-11-2023",
      "isPromoActive": "N",
      "priceChangeCode": "E",
      "quantityPricePerUOM": 16.47,
      "quantityActivationDate": "14-11-2023",
      "quantityPriceChangeCode": "E"
    },
    "isAvailable": true,
    "isPriceAvailable": true,
    "inPromo": false,
    "gtin": [
      "05425020166546",
      "15425020166543"
    ],
    "topCategoryName": "Chips/Borrelhapjes",
    "topCategoryId": "306",
    "businessDomain": "RETAIL_BE",
    "IsPrivateLabel": false,
    "IsBiffe": false,
    "WeightconversionFactor": "0",
    "IsWeightArticle": false,
    "nutriscoreLabel": "C",
    "IsBio": false,
    "CountryOfOrigin": "BELGIË",
    "IsExclusivelySoldInLuxembourg": false,
    "OrderUnit": "P",
    "ShortName": "HUMUS TOM.BASIL.150G",
    "IsNew": false,
    "EcoscoreLabel": "B",
    "RecentQuanityOfStockUnits": "1",
    "LongName": "Hummus tomaat basilicum 150g",
    "FicCode": "E",
    "EcoscoreValue": "72"
  },
  {
    "productId": "519",
    "technicalArticleNumber": "9295",
    "commercialArticleNumber": "9295",
    "name": "ravioli zuiver rund blik",
    "description": "*Ravioli van zuiver\nrundsvlees met\nItaliaanse saus\n*Aantal porties: 2\n*Pan, microgolfoven",
    "brand": "ZAPETTI",
    "seoBrand": "Zapetti",
    "thumbNail": "https://static.colruytgroup.com/images/200x200/nl_be/57/58/asset-3195758.jpg",
    "fullImage": "https://static.colruytgroup.com/images/500x500/nl_be/57/58/asset-3195758.jpg",
    "squareImage": "https://static.colruytgroup.com/images/500x500sq/nl_be/57/58/asset-3195758.jpg",
    "content": "800g",
    "walkRouteSequenceNumber": 16764,
    "price": {
      "basicPrice": 5.19,
      "recommendedQuantity": "2.0",
      "measurementUnitPrice": 6.49,
      "measurementUnit": "K",
      "isRedPrice": false,
      "pricePerUOM": 6.49,
      "activationDate": "21-03-2024",
      "isPromoActive": "N",
      "priceChangeCode": "H"
    },
    "isAvailable": true,
    "isPriceAvailable": true,
    "inPromo": false,
    "gtin": [
      "00000025092950",
      "03021690011197",
      "03021690018752",
      "03021699023528"
    ],
    "topCategoryName": "Conserven",
    "topCategoryId": "188",
    "businessDomain": "RETAIL_BE",
    "IsPrivateLabel": false,
    "IsBiffe": false,
    "WeightconversionFactor": "0",
    "IsWeightArticle": false,
    "nutriscoreLabel": "C",
    "IsBio": false,
    "CountryOfOrigin": "FRANKRIJK",
    "IsExclusivelySoldInLuxembourg": false,
    "OrderUnit": "P",
    "ShortName": "ZAP RAVIOLI RUND800G",
    "IsNew": false,
    "EcoscoreLabel": "C",
    "RecentQuanityOfStockUnits": "1,2",
    "LongName": "ZAPETTI ravioli zuiver rund blik 800g",
    "AlcoholVolume": "0",
    "FicCode": "E",
    "EcoscoreValue": "53"
  },
  {
    "productId": "143143",
    "technicalArticleNumber": "3282172",
    "commercialArticleNumber": "20362",
    "name": "linzen blik",
    "description": "*Linzen",
    "brand": "BONDUELLE",
    "seoBrand": "Bonduelle",
    "thumbNail": "https://static.colruytgroup.com/images/200x200/std.lang.all/95/52/asset-2619552.jpg",
    "fullImage": "https://static.colruytgroup.com/images/500x500/std.lang.all/95/52/asset-2619552.jpg",
    "squareImage": "https://static.colruytgroup.com/images/500x500sq/std.lang.all/95/52/asset-2619552.jpg",
    "content": "310g",
    "walkRouteSequenceNumber": 16500,
    "price": {
      "basicPrice": 1.73,
      "recommendedQuantity": "1.0",
      "quantityPrice": 1.09,
      "quantityPriceQuantity": "2.0",
      "measurementUnitPrice": 6.53,
      "measurementUnitQuantityPrice": 4.12,
      "measurementUnit": "K",
      "isRedPrice": false,
      "pricePerUOM": 6.53,
      "activationDate": "21-03-2024",
      "recordSource": "Folder",
      "isPromoActive": "N",
      "priceChangeCode": "L",
      "quantityPricePerUOM": 4.12,
      "quantityActivationDate": "21-03-2024",
      "quantityPriceChangeCode": "L"
    },
    "isAvailable": true,
    "isPriceAvailable": true,
    "inPromo": false,
    "gtin": [
      "03083680602594",
      "03083680600965"
    ],
    "topCategoryName": "Conserven",
    "topCategoryId": "188",
    "businessDomain": "RETAIL_BE",
    "IsPrivateLabel": false,
    "IsBiffe": false,
    "WeightconversionFactor": "0",
    "IsWeightArticle": false,
    "nutriscoreLabel": "A",
    "IsBio": false,
    "CountryOfOrigin": "FRANKRIJK",
    "IsExclusivelySoldInLuxembourg": false,
    "OrderUnit": "P",
    "ShortName": "BONDUELLE LINZEN 310G",
    "IsNew": false,
    "EcoscoreLabel": "B",
    "RecentQuanityOfStockUnits": "1,12",
    "LongName": "BONDUELLE linzen blik 310g",
    "AlcoholVolume": "0",
    "FicCode": "E",
    "EcoscoreValue": "75"
  },
  {
    "productId": "871744",
    "technicalArticleNumber": "4725717",
    "commercialArticleNumber": "11152",
    "name": "polpa Datterino tomaten",
    "brand": "AGROMONTE",
    "seoBrand": "Agromonte",
    "thumbNail": "https://static.colruytgroup.com/images/200x200/std.lang.all/37/20/asset-3243720.jpg",
    "fullImage": "https://static.colruytgroup.com/images/500x500/std.lang.all/37/20/asset-3243720.jpg",
    "squareImage": "https://static.colruytgroup.com/images/500x500sq/std.lang.all/37/20/asset-3243720.jpg",
    "content": "360g",
    "walkRouteSequenceNumber": 8453,
    "price": {
      "basicPrice": 2.75,
      "recommendedQuantity": "1.0",
      "measurementUnitPrice": 7.64,
      "measurementUnit": "K",
      "isRedPrice": false,
      "pricePerUOM": 7.64,
      "activationDate": "13-03-2024",
      "isPromoActive": "N",
      "priceChangeCode": "E"
    },
    "isAvailable": true,
    "isPriceAvailable": true,
    "inPromo": false,
    "gtin": [
      "08032817247974",
      "08032817247981"
    ],
    "topCategoryName": "Conserven",
    "topCategoryId": "188",
    "businessDomain": "RETAIL_BE",
    "IsPrivateLabel": false,
    "IsBiffe": false,
    "WeightconversionFactor": "0",
    "IsWeightArticle": false,
    "IsBio": false,
    "CountryOfOrigin": "BELGIË",
    "IsExclusivelySoldInLuxembourg": false,
    "OrderUnit": "P",
    "ShortName": "AGRO POLPA DAT.TOMAT360",
    "IsNew": false,
    "RecentQuanityOfStockUnits": "1,12",
    "LongName": "AGROMONTE polpa Datterino tomaten 360g",
    "AlcoholVolume": "0",
    "FicCode": "E"
  },
  {
    "productId": "594640",
    "technicalArticleNumber": "4255456",
    "commercialArticleNumber": "21890",
    "name": "makreelfilets natuur",
    "brand": "FEUILLE D'OR",
    "seoBrand": "Feuille d'Or",
    "thumbNail": "https://static.colruytgroup.com/images/200x200/std.lang.all/10/06/asset-2141006.jpg",
    "fullImage": "https://static.colruytgroup.com/images/500x500/std.lang.all/10/06/asset-2141006.jpg",
    "squareImage": "https://static.colruytgroup.com/images/500x500sq/std.lang.all/10/06/asset-2141006.jpg",
    "content": "125g",
    "walkRouteSequenceNumber": 16650,
    "price": {
      "basicPrice": 3.08,
      "recommendedQuantity": "3.0",
      "measurementUnitPrice": 33.12,
      "measurementUnit": "K",
      "isRedPrice": false,
      "pricePerUOM": 33.12,
      "activationDate": "19-03-2024",
      "recordSource": "Offline",
      "isPromoActive": "N",
      "priceChangeCode": "H"
    },
    "isAvailable": true,
    "isPriceAvailable": true,
    "inPromo": false,
    "gtin": [
      "05412374001296",
      "05412374001326",
      "05412374001319"
    ],
    "topCategoryName": "Conserven",
    "topCategoryId": "188",
    "businessDomain": "RETAIL_BE",
    "IsPrivateLabel": false,
    "IsBiffe": false,
    "WeightconversionFactor": "0",
    "IsWeightArticle": false,
    "nutriscoreLabel": "D",
    "IsBio": false,
    "CountryOfOrigin": "POLEN",
    "IsExclusivelySoldInLuxembourg": false,
    "OrderUnit": "P",
    "ShortName": "FEUI MAKREEL NATUUR 125",
    "IsNew": false,
    "EcoscoreLabel": "D",
    "RecentQuanityOfStockUnits": "1,3",
    "LongName": "FEUILLE D'OR makreelfilets natuur 125g",
    "AlcoholVolume": "0",
    "FicCode": "E",
    "EcoscoreValue": "35"
  },
  {
    "productId": "826411",
    "technicalArticleNumber": "4663921",
    "commercialArticleNumber": "30100",
    "name": "groenteweelde balletjes",
    "brand": "BUTTERFLY",
    "seoBrand": "Butterfly",
    "thumbNail": "https://static.colruytgroup.com/images/200x200/nl_be/69/80/asset-3286980.jpg",
    "fullImage": "https://static.colruytgroup.com/images/500x500/nl_be/69/80/asset-3286980.jpg",
    "squareImage": "https://static.colruytgroup.com/images/500x500sq/nl_be/69/80/asset-3286980.jpg",
    "content": "950ml",
    "walkRouteSequenceNumber": 6636,
    "price": {
      "basicPrice": 3.99,
      "recommendedQuantity": "1.0",
      "measurementUnitPrice": 4.2,
      "measurementUnit": "L",
      "isRedPrice": false,
      "pricePerUOM": 4.2,
      "activationDate": "28-02-2024",
      "recordSource": "Offline",
      "isPromoActive": "N",
      "priceChangeCode": "E"
    },
    "isAvailable": true,
    "isPriceAvailable": true,
    "inPromo": false,
    "gtin": [
      "05425010839887"
    ],
    "topCategoryName": "Bereidingen/Charcuterie/Vis/Veggie",
    "topCategoryId": "105",
    "businessDomain": "RETAIL_BE",
    "IsPrivateLabel": false,
    "IsBiffe": false,
    "WeightconversionFactor": "0",
    "IsWeightArticle": false,
    "nutriscoreLabel": "C",
    "IsBio": false,
    "CountryOfOrigin": "BELGIË",
    "IsExclusivelySoldInLuxembourg": false,
    "OrderUnit": "P",
    "ShortName": "BUTT GROENTENWEEL.950ML",
    "IsNew": false,
    "EcoscoreLabel": "D",
    "RecentQuanityOfStockUnits": "1",
    "LongName": "BUTTERFLY groenteweelde balletjes 950ml",
    "FicCode": "E",
    "EcoscoreValue": "32"
  },
  {
    "productId": "712",
    "technicalArticleNumber": "10605",
    "commercialArticleNumber": "10605",
    "name": "mandarijn op siroop blik",
    "description": "*Mandarijnpartjes\nop lichte siroop",
    "brand": "BONI",
    "seoBrand": "Boni Selection",
    "thumbNail": "https://static.colruytgroup.com/images/200x200/std.lang.all/82/15/asset-2088215.jpg",
    "fullImage": "https://static.colruytgroup.com/images/500x500/std.lang.all/82/15/asset-2088215.jpg",
    "squareImage": "https://static.colruytgroup.com/images/500x500sq/std.lang.all/82/15/asset-2088215.jpg",
    "content": "312g",
    "walkRouteSequenceNumber": 16692,
    "price": {
      "basicPrice": 1.19,
      "recommendedQuantity": "1.0",
      "quantityPrice": 1.08,
      "quantityPriceQuantity": "4.0",
      "measurementUnitPrice": 6.8,
      "measurementUnitQuantityPrice": 6.18,
      "measurementUnit": "K",
      "isRedPrice": false,
      "pricePerUOM": 6.8,
      "activationDate": "22-03-2024",
      "recordSource": "Offline",
      "isPromoActive": "N",
      "priceChangeCode": "E",
      "quantityPricePerUOM": 6.18,
      "quantityActivationDate": "22-03-2024",
      "quantityPriceChangeCode": "H"
    },
    "isAvailable": true,
    "isPriceAvailable": true,
    "inPromo": false,
    "gtin": [
      "05400141208030",
      "05400141209884",
      "05400141271812",
      "05400141364965",
      "15400141271819",
      "15400141364962",
      "15400141871620",
      "25400141271816",
      "25400141364969",
      "04002442030122",
      "05400141010305"
    ],
    "topCategoryName": "Conserven",
    "topCategoryId": "188",
    "businessDomain": "RETAIL_BE",
    "IsPrivateLabel": true,
    "IsBiffe": false,
    "WeightconversionFactor": "0",
    "IsWeightArticle": false,
    "nutriscoreLabel": "C",
    "IsBio": false,
    "CountryOfOrigin": "CHINA (VOLKSREBUPLIEK)",
    "IsExclusivelySoldInLuxembourg": false,
    "OrderUnit": "P",
    "ShortName": "BONI MANDARIJN 312G",
    "IsNew": false,
    "EcoscoreLabel": "A",
    "RecentQuanityOfStockUnits": "1,24",
    "LongName": "BONI mandarijn op siroop blik 312g",
    "AlcoholVolume": "0",
    "FicCode": "I",
    "EcoscoreValue": "87"
  },
  {
    "productId": "783",
    "technicalArticleNumber": "9818",
    "commercialArticleNumber": "9818",
    "name": "tonijn in eigen nat",
    "description": "*Tonijn in eigen nat",
    "brand": "BONI",
    "seoBrand": "Boni Selection",
    "thumbNail": "https://static.colruytgroup.com/images/200x200/std.lang.all/00/09/asset-1950009.jpg",
    "fullImage": "https://static.colruytgroup.com/images/500x500/std.lang.all/00/09/asset-1950009.jpg",
    "squareImage": "https://static.colruytgroup.com/images/500x500sq/std.lang.all/00/09/asset-1950009.jpg",
    "content": "400g",
    "walkRouteSequenceNumber": 16702,
    "price": {
      "basicPrice": 3.1,
      "recommendedQuantity": "1.0",
      "measurementUnitPrice": 10.34,
      "measurementUnit": "K",
      "isRedPrice": false,
      "pricePerUOM": 10.34,
      "activationDate": "07-03-2024",
      "recordSource": "Offline",
      "isPromoActive": "N",
      "priceChangeCode": "L"
    },
    "isAvailable": true,
    "isPriceAvailable": true,
    "inPromo": false,
    "gtin": [
      "05400141098303",
      "05400141187199",
      "05400141191400",
      "05400141206630",
      "05400141282368",
      "05400141353631",
      "15400141282365",
      "05400141186321"
    ],
    "topCategoryName": "Conserven",
    "topCategoryId": "188",
    "businessDomain": "RETAIL_BE",
    "IsPrivateLabel": true,
    "IsBiffe": false,
    "WeightconversionFactor": "0",
    "IsWeightArticle": false,
    "nutriscoreLabel": "A",
    "IsBio": false,
    "CountryOfOrigin": "BELGIË",
    "IsExclusivelySoldInLuxembourg": false,
    "OrderUnit": "P",
    "ShortName": "BONI TONIJN NATUUR 400G",
    "InSeason": true,
    "IsNew": false,
    "EcoscoreLabel": "C",
    "RecentQuanityOfStockUnits": "1,24",
    "LongName": "BONI tonijn in eigen nat 400g",
    "AlcoholVolume": "0",
    "StartSeasonDate": "19/06/1997",
    "FicCode": "I",
    "EcoscoreValue": "40"
  },
  {
    "productId": "89090",
    "technicalArticleNumber": "2923980",
    "commercialArticleNumber": "35746",
    "name": "Parijse minichampign.heel blik",
    "description": "*Hele Parijse\nminichampignons",
    "brand": "BONI",
    "seoBrand": "Boni Selection",
    "thumbNail": "https://static.colruytgroup.com/images/200x200/std.lang.all/16/16/asset-2741616.jpg",
    "fullImage": "https://static.colruytgroup.com/images/500x500/std.lang.all/16/16/asset-2741616.jpg",
    "squareImage": "https://static.colruytgroup.com/images/500x500sq/std.lang.all/16/16/asset-2741616.jpg",
    "content": "195g",
    "walkRouteSequenceNumber": 16339,
    "price": {
      "basicPrice": 0.992,
      "recommendedQuantity": "4.0",
      "measurementUnitPrice": 8.64,
      "measurementUnit": "K",
      "isRedPrice": false,
      "pricePerUOM": 8.64,
      "activationDate": "20-03-2024",
      "recordSource": "Folder",
      "isPromoActive": "N",
      "priceChangeCode": "L"
    },
    "isAvailable": true,
    "isPriceAvailable": true,
    "inPromo": false,
    "gtin": [
      "25400141464355",
      "05400141464351",
      "15400141464358",
      "05400141216219",
      "05400141278323",
      "15400141278320",
      "25400141278327",
      "05400141168167",
      "15400141216216"
    ],
    "topCategoryName": "Conserven",
    "topCategoryId": "188",
    "businessDomain": "RETAIL_BE",
    "IsPrivateLabel": true,
    "IsBiffe": false,
    "WeightconversionFactor": "0",
    "IsWeightArticle": false,
    "nutriscoreLabel": "A",
    "IsBio": false,
    "CountryOfOrigin": "SPANJE",
    "IsExclusivelySoldInLuxembourg": false,
    "OrderUnit": "P",
    "ShortName": "BONI CHAMP MINI 195",
    "IsNew": false,
    "RecentQuanityOfStockUnits": "4,1,1",
    "LongName": "BONI Parijse minichampign.heel blik 195g",
    "AlcoholVolume": "0",
    "FicCode": "I"
  },
  {
    "productId": "172987",
    "technicalArticleNumber": "3348843",
    "commercialArticleNumber": "17455",
    "name": "Weense worstjes",
    "description": "* 7 Weense worsten",
    "brand": "BONI",
    "seoBrand": "Boni Selection",
    "thumbNail": "https://static.colruytgroup.com/images/200x200/nl_be/69/15/asset-2966915.jpg",
    "fullImage": "https://static.colruytgroup.com/images/500x500/nl_be/69/15/asset-2966915.jpg",
    "squareImage": "https://static.colruytgroup.com/images/500x500sq/nl_be/69/15/asset-2966915.jpg",
    "content": "400g",
    "walkRouteSequenceNumber": 16782,
    "price": {
      "basicPrice": 1.73,
      "recommendedQuantity": "1.0",
      "measurementUnitPrice": 8.24,
      "measurementUnit": "K",
      "isRedPrice": false,
      "pricePerUOM": 8.24,
      "activationDate": "14-02-2024",
      "recordSource": "Offline",
      "isPromoActive": "N",
      "priceChangeCode": "H"
    },
    "isAvailable": true,
    "isPriceAvailable": true,
    "inPromo": false,
    "gtin": [
      "15400141869818",
      "05400141415957",
      "05400141294491",
      "15400141415954",
      "15400141441847"
    ],
    "topCategoryName": "Conserven",
    "topCategoryId": "188",
    "businessDomain": "RETAIL_BE",
    "IsPrivateLabel": true,
    "IsBiffe": false,
    "WeightconversionFactor": "0",
    "IsWeightArticle": false,
    "nutriscoreLabel": "D",
    "IsBio": false,
    "CountryOfOrigin": "BELGIË",
    "IsExclusivelySoldInLuxembourg": false,
    "OrderUnit": "P",
    "ShortName": "BONI 7WEENSE WORST.400G",
    "IsNew": false,
    "EcoscoreLabel": "D",
    "RecentQuanityOfStockUnits": "1,12",
    "LongName": "BONI Weense worstjes 400g",
    "AlcoholVolume": "0",
    "FicCode": "I",
    "EcoscoreValue": "22"
  },
  {
    "productId": "276252",
    "technicalArticleNumber": "3653301",
    "commercialArticleNumber": "51049",
    "name": "kikkererwten blik",
    "description": "*Kikkererwten",
    "brand": "BONDUELLE",
    "seoBrand": "Bonduelle",
    "thumbNail": "https://static.colruytgroup.com/images/200x200/std.lang.all/86/90/asset-2338690.jpg",
    "fullImage": "https://static.colruytgroup.com/images/500x500/std.lang.all/86/90/asset-2338690.jpg",
    "squareImage": "https://static.colruytgroup.com/images/500x500sq/std.lang.all/86/90/asset-2338690.jpg",
    "content": "150g",
    "walkRouteSequenceNumber": 16486,
    "price": {
      "basicPrice": 0.925,
      "recommendedQuantity": "1.0",
      "measurementUnitPrice": 7.12,
      "measurementUnit": "K",
      "isRedPrice": false,
      "pricePerUOM": 7.12,
      "activationDate": "21-03-2024",
      "recordSource": "Folder",
      "isPromoActive": "Y",
      "priceChangeCode": "L"
    },
    "isAvailable": true,
    "isPriceAvailable": true,
    "inPromo": true,
    "promotion": [
      {
        "techPromoId": "100868COLR",
        "promotionId": "100868",
        "promotionType": "3",
        "isPersonalized": "N",
        "publicationStartDate": "13-03-2024",
        "publicationEndDate": "26-03-2024"
      }
    ],
    "gtin": [
      "03083681012675",
      "03083681012668"
    ],
    "topCategoryName": "Conserven",
    "topCategoryId": "188",
    "businessDomain": "RETAIL_BE",
    "IsPrivateLabel": false,
    "IsBiffe": false,
    "WeightconversionFactor": "0",
    "IsWeightArticle": false,
    "nutriscoreLabel": "A",
    "IsBio": false,
    "CountryOfOrigin": "FRANKRIJK",
    "IsExclusivelySoldInLuxembourg": false,
    "OrderUnit": "P",
    "ShortName": "BOND KIKKERERWTEN 150G",
    "IsNew": false,
    "EcoscoreLabel": "A",
    "RecentQuanityOfStockUnits": "1,12",
    "LongName": "BONDUELLE kikkererwten blik 150g",
    "AlcoholVolume": "0",
    "FicCode": "E",
    "EcoscoreValue": "85"
  },
  {
    "productId": "661",
    "technicalArticleNumber": "10015",
    "commercialArticleNumber": "10015",
    "name": "perzik schijven siroop blik",
    "description": "*Perzikschijven op\nsiroop",
    "brand": "BONI",
    "seoBrand": "Boni Selection",
    "thumbNail": "https://static.colruytgroup.com/images/200x200/std.lang.all/75/54/asset-3457554.jpg",
    "fullImage": "https://static.colruytgroup.com/images/500x500/std.lang.all/75/54/asset-3457554.jpg",
    "squareImage": "https://static.colruytgroup.com/images/500x500sq/std.lang.all/75/54/asset-3457554.jpg",
    "content": "220g",
    "walkRouteSequenceNumber": 16619,
    "price": {
      "basicPrice": 1.03,
      "recommendedQuantity": "3.0",
      "quantityPrice": 0.777,
      "quantityPriceQuantity": "11.0",
      "measurementUnitPrice": 7.93,
      "measurementUnitQuantityPrice": 5.98,
      "measurementUnit": "K",
      "isRedPrice": false,
      "pricePerUOM": 7.93,
      "activationDate": "20-03-2024",
      "recordSource": "Offline",
      "isPromoActive": "N",
      "priceChangeCode": "E",
      "quantityPricePerUOM": 5.98,
      "quantityActivationDate": "20-03-2024",
      "quantityPriceChangeCode": "E"
    },
    "isAvailable": true,
    "isPriceAvailable": true,
    "inPromo": false,
    "gtin": [
      "05400141200157",
      "05400141339260",
      "05400141405361",
      "15400141131946",
      "25400141339264",
      "00000025100150",
      "05400141019506",
      "05400141131949",
      "15400141585145",
      "05400141585148",
      "25400141585142"
    ],
    "topCategoryName": "Conserven",
    "topCategoryId": "188",
    "businessDomain": "RETAIL_BE",
    "IsPrivateLabel": true,
    "IsBiffe": false,
    "WeightconversionFactor": "0",
    "IsWeightArticle": false,
    "nutriscoreLabel": "B",
    "IsBio": false,
    "CountryOfOrigin": "BELGIË",
    "IsExclusivelySoldInLuxembourg": false,
    "OrderUnit": "P",
    "ShortName": "BONI PER.SCH SI220/130G",
    "InSeason": true,
    "IsNew": false,
    "EcoscoreLabel": "A",
    "RecentQuanityOfStockUnits": "1,6,1",
    "LongName": "BONI perzik schijven siroop blik 220g",
    "AlcoholVolume": "0",
    "StartSeasonDate": "25/10/2001",
    "FicCode": "I",
    "EcoscoreValue": "81"
  },
  {
    "productId": "742533",
    "technicalArticleNumber": "4508677",
    "commercialArticleNumber": "28141",
    "name": "artisjokhart gemarineerd",
    "description": "*Artisjokharten\nin marinade",
    "brand": "BONI",
    "seoBrand": "Boni Selection",
    "thumbNail": "https://static.colruytgroup.com/images/200x200/std.lang.all/74/74/asset-2657474.jpg",
    "fullImage": "https://static.colruytgroup.com/images/500x500/std.lang.all/74/74/asset-2657474.jpg",
    "squareImage": "https://static.colruytgroup.com/images/500x500sq/std.lang.all/74/74/asset-2657474.jpg",
    "content": "125g",
    "walkRouteSequenceNumber": 7676,
    "price": {
      "basicPrice": 2.89,
      "recommendedQuantity": "1.0",
      "quantityPrice": 2.77,
      "quantityPriceQuantity": "3.0",
      "measurementUnitPrice": 23.12,
      "measurementUnitQuantityPrice": 22.16,
      "measurementUnit": "K",
      "isRedPrice": false,
      "pricePerUOM": 23.12,
      "activationDate": "13-03-2024",
      "isPromoActive": "N",
      "priceChangeCode": "E",
      "quantityPricePerUOM": 22.16,
      "quantityActivationDate": "13-03-2024",
      "quantityPriceChangeCode": "E"
    },
    "isAvailable": true,
    "isPriceAvailable": true,
    "inPromo": false,
    "gtin": [
      "05400141991000"
    ],
    "topCategoryName": "Chips/Borrelhapjes",
    "topCategoryId": "306",
    "businessDomain": "RETAIL_BE",
    "IsPrivateLabel": true,
    "IsBiffe": false,
    "WeightconversionFactor": "0",
    "IsWeightArticle": false,
    "nutriscoreLabel": "C",
    "IsBio": false,
    "CountryOfOrigin": "BELGIË",
    "IsExclusivelySoldInLuxembourg": false,
    "OrderUnit": "P",
    "ShortName": "BONI GEMAR ARTISJOK125G",
    "IsNew": false,
    "RecentQuanityOfStockUnits": "1",
    "LongName": "BONI artisjokhart gemarineerd 125g",
    "FicCode": "I"
  },
  {
    "productId": "10761",
    "technicalArticleNumber": "1397691",
    "commercialArticleNumber": "10453",
    "name": "ananas schijf sap blik",
    "description": "*10 ananasschijven\nop sap",
    "brand": "DEL MONTE",
    "seoBrand": "Del Monte",
    "thumbNail": "https://static.colruytgroup.com/images/200x200/std.lang.all/95/39/asset-2409539.jpg",
    "fullImage": "https://static.colruytgroup.com/images/500x500/std.lang.all/95/39/asset-2409539.jpg",
    "squareImage": "https://static.colruytgroup.com/images/500x500sq/std.lang.all/95/39/asset-2409539.jpg",
    "content": "565g",
    "walkRouteSequenceNumber": 16522,
    "price": {
      "basicPrice": 2.69,
      "recommendedQuantity": "3.0",
      "measurementUnitPrice": 7.69,
      "measurementUnit": "K",
      "isRedPrice": false,
      "pricePerUOM": 7.69,
      "activationDate": "06-03-2024",
      "recordSource": "Offline",
      "isPromoActive": "N",
      "priceChangeCode": "L"
    },
    "isAvailable": true,
    "isPriceAvailable": true,
    "inPromo": false,
    "gtin": [
      "05400141104530",
      "00024000038214",
      "00024000011859"
    ],
    "topCategoryName": "Conserven",
    "topCategoryId": "188",
    "businessDomain": "RETAIL_BE",
    "IsPrivateLabel": false,
    "IsBiffe": false,
    "WeightconversionFactor": "0",
    "IsWeightArticle": false,
    "nutriscoreLabel": "A",
    "IsBio": false,
    "CountryOfOrigin": "KENIA",
    "IsExclusivelySoldInLuxembourg": false,
    "OrderUnit": "P",
    "ShortName": "DELM ANAN SCH SAP 565G",
    "IsNew": false,
    "EcoscoreLabel": "A",
    "RecentQuanityOfStockUnits": "1,3",
    "LongName": "DEL MONTE ananas schijf sap blik 565g",
    "AlcoholVolume": "0",
    "FicCode": "E",
    "EcoscoreValue": "85"
  },
  {
    "productId": "843797",
    "technicalArticleNumber": "4689384",
    "commercialArticleNumber": "30675",
    "name": "appelmoes.zond.t.suiker",
    "description": "*Appelmousseline\n*Zonder toegevoegde\nsuikers\n*Natuurlijke suikers",
    "brand": "MATERNE",
    "seoBrand": "Materne",
    "thumbNail": "https://static.colruytgroup.com/images/200x200/std.lang.all/92/07/asset-2999207.jpg",
    "fullImage": "https://static.colruytgroup.com/images/500x500/std.lang.all/92/07/asset-2999207.jpg",
    "squareImage": "https://static.colruytgroup.com/images/500x500sq/std.lang.all/92/07/asset-2999207.jpg",
    "content": "580g",
    "walkRouteSequenceNumber": 16533,
    "price": {
      "basicPrice": 2.49,
      "recommendedQuantity": "1.0",
      "measurementUnitPrice": 3.67,
      "measurementUnit": "K",
      "isRedPrice": false,
      "pricePerUOM": 3.67,
      "activationDate": "10-05-2023",
      "isPromoActive": "N",
      "priceChangeCode": "E"
    },
    "isAvailable": true,
    "isPriceAvailable": true,
    "inPromo": false,
    "gtin": [
      "05410046994563",
      "25410046996776"
    ],
    "topCategoryName": "Conserven",
    "topCategoryId": "188",
    "businessDomain": "RETAIL_BE",
    "IsPrivateLabel": false,
    "IsBiffe": false,
    "WeightconversionFactor": "0",
    "IsWeightArticle": false,
    "IsBio": false,
    "CountryOfOrigin": "BELGIË",
    "IsExclusivelySoldInLuxembourg": false,
    "OrderUnit": "P",
    "ShortName": "MATE APPLM.ZN.T.SU.580G",
    "IsNew": false,
    "RecentQuanityOfStockUnits": "1,8",
    "LongName": "MATERNE appelmoes.zond.t.suiker 580g",
    "FicCode": "E"
  },
  {
    "productId": "319328",
    "technicalArticleNumber": "3683280",
    "commercialArticleNumber": "12342",
    "name": "Pasta Snack carbonara pot",
    "description": "*Snack\n*Klaar voor gebruik\n*Makkelijk bereiden\n*Instant maaltijd\n*Carbonara smaak",
    "brand": "KNORR",
    "seoBrand": "Knorr",
    "thumbNail": "https://static.colruytgroup.com/images/200x200/std.lang.all/49/04/asset-2794904.jpg",
    "fullImage": "https://static.colruytgroup.com/images/500x500/std.lang.all/49/04/asset-2794904.jpg",
    "squareImage": "https://static.colruytgroup.com/images/500x500sq/std.lang.all/49/04/asset-2794904.jpg",
    "content": "71g",
    "walkRouteSequenceNumber": 17019,
    "price": {
      "basicPrice": 1.25,
      "recommendedQuantity": "1.0",
      "measurementUnitPrice": 17.61,
      "measurementUnit": "K",
      "isRedPrice": false,
      "pricePerUOM": 17.61,
      "activationDate": "19-03-2024",
      "recordSource": "Folder",
      "isPromoActive": "N",
      "priceChangeCode": "L"
    },
    "isAvailable": true,
    "isPriceAvailable": true,
    "inPromo": true,
    "promotion": [
      {
        "techPromoId": "100944COLR",
        "promotionId": "100944",
        "promotionType": "4",
        "isPersonalized": "N",
        "publicationStartDate": "13-03-2024",
        "publicationEndDate": "26-03-2024"
      }
    ],
    "gtin": [
      "07611100370271",
      "07611100170277"
    ],
    "topCategoryName": "Conserven",
    "topCategoryId": "188",
    "businessDomain": "RETAIL_BE",
    "IsPrivateLabel": false,
    "IsBiffe": false,
    "WeightconversionFactor": "0",
    "IsWeightArticle": false,
    "IsBio": false,
    "CountryOfOrigin": "DUITSLAND",
    "IsExclusivelySoldInLuxembourg": false,
    "OrderUnit": "P",
    "ShortName": "KNOR SNACKPOT CARBO.71G",
    "IsNew": false,
    "EcoscoreLabel": "C",
    "RecentQuanityOfStockUnits": "1,8",
    "LongName": "KNORR Pasta Snack carbonara pot 71g",
    "AlcoholVolume": "0",
    "FicCode": "E",
    "EcoscoreValue": "50"
  },
  {
    "productId": "15811",
    "technicalArticleNumber": "1639152",
    "commercialArticleNumber": "12305",
    "name": "jul.gr.balletjes brik",
    "description": "*Groentesoep met\nballetjes",
    "brand": "LIEBIG DÉLISOUP",
    "seoBrand": "Liebig Délisoup",
    "thumbNail": "https://static.colruytgroup.com/images/200x200/nl_be/35/79/asset-3353579.jpg",
    "fullImage": "https://static.colruytgroup.com/images/500x500/nl_be/35/79/asset-3353579.jpg",
    "squareImage": "https://static.colruytgroup.com/images/500x500sq/nl_be/35/79/asset-3353579.jpg",
    "content": "1L",
    "walkRouteSequenceNumber": 16931,
    "price": {
      "basicPrice": 3.99,
      "recommendedQuantity": "1.0",
      "measurementUnitPrice": 3.99,
      "measurementUnit": "L",
      "isRedPrice": false,
      "pricePerUOM": 3.99,
      "activationDate": "12-03-2024",
      "recordSource": "Offline",
      "isPromoActive": "N",
      "priceChangeCode": "H"
    },
    "isAvailable": true,
    "isPriceAvailable": true,
    "inPromo": false,
    "gtin": [
      "05414972705798",
      "05410056192317"
    ],
    "topCategoryName": "Kruidenierswaren/Droge voeding",
    "topCategoryId": "233",
    "businessDomain": "RETAIL_BE",
    "IsPrivateLabel": false,
    "IsBiffe": false,
    "WeightconversionFactor": "0",
    "IsWeightArticle": false,
    "nutriscoreLabel": "C",
    "IsBio": false,
    "CountryOfOrigin": "FRANKRIJK",
    "IsExclusivelySoldInLuxembourg": false,
    "OrderUnit": "P",
    "ShortName": "LIEBIG DS JUL.GR.BAL.1L",
    "InSeason": true,
    "IsNew": false,
    "EcoscoreLabel": "D",
    "RecentQuanityOfStockUnits": "1",
    "LongName": "LIEBIG DÉLISOUP jul.gr.balletjes brik 1L",
    "AlcoholVolume": "0",
    "StartSeasonDate": "30/09/2020",
    "FicCode": "E",
    "EcoscoreValue": "32"
  },
  {
    "productId": "724",
    "technicalArticleNumber": "11023",
    "commercialArticleNumber": "11023",
    "name": "Erwjes & Worteltjes Bok.",
    "description": "*Doperwten en jonge\nwortelen",
    "brand": "BONDUELLE",
    "seoBrand": "Bonduelle",
    "thumbNail": "https://static.colruytgroup.com/images/200x200/std.lang.all/86/19/asset-2338619.jpg",
    "fullImage": "https://static.colruytgroup.com/images/500x500/std.lang.all/86/19/asset-2338619.jpg",
    "squareImage": "https://static.colruytgroup.com/images/500x500sq/std.lang.all/86/19/asset-2338619.jpg",
    "content": "530g",
    "walkRouteSequenceNumber": 16408,
    "price": {
      "basicPrice": 2.19,
      "recommendedQuantity": "3.0",
      "measurementUnitPrice": 5.84,
      "measurementUnit": "K",
      "isRedPrice": false,
      "pricePerUOM": 5.84,
      "activationDate": "03-01-2024",
      "isPromoActive": "N",
      "priceChangeCode": "H"
    },
    "isAvailable": true,
    "isPriceAvailable": true,
    "inPromo": false,
    "gtin": [
      "03083680600774",
      "03083680615884",
      "03083680623278"
    ],
    "topCategoryName": "Conserven",
    "topCategoryId": "188",
    "businessDomain": "RETAIL_BE",
    "IsPrivateLabel": false,
    "IsBiffe": false,
    "WeightconversionFactor": "0",
    "IsWeightArticle": false,
    "nutriscoreLabel": "A",
    "IsBio": false,
    "CountryOfOrigin": "BELGIË",
    "IsExclusivelySoldInLuxembourg": false,
    "OrderUnit": "P",
    "ShortName": "BOND GLAS ERW/WORT 530G",
    "IsNew": false,
    "EcoscoreLabel": "A",
    "RecentQuanityOfStockUnits": "1,3",
    "LongName": "BONDUELLE Erwjes & Worteltjes Bok. 530g",
    "AlcoholVolume": "0",
    "FicCode": "E",
    "EcoscoreValue": "93"
  },
  {
    "productId": "290405",
    "technicalArticleNumber": "3692427",
    "commercialArticleNumber": "51096",
    "name": "appelmoes 0% suiker bok",
    "description": "*Appelmoes zonder\nsuiker of zoetstof",
    "brand": "HAK",
    "seoBrand": "Hak",
    "thumbNail": "https://static.colruytgroup.com/images/200x200/std.lang.all/01/61/asset-2900161.jpg",
    "fullImage": "https://static.colruytgroup.com/images/500x500/std.lang.all/01/61/asset-2900161.jpg",
    "squareImage": "https://static.colruytgroup.com/images/500x500sq/std.lang.all/01/61/asset-2900161.jpg",
    "content": "350g",
    "walkRouteSequenceNumber": 16551,
    "price": {
      "basicPrice": 0.99,
      "recommendedQuantity": "1.0",
      "measurementUnitPrice": 2.83,
      "measurementUnit": "K",
      "isRedPrice": false,
      "pricePerUOM": 2.83,
      "activationDate": "18-03-2024",
      "recordSource": "Folder",
      "isPromoActive": "N",
      "priceChangeCode": "L"
    },
    "isAvailable": true,
    "isPriceAvailable": true,
    "inPromo": false,
    "gtin": [
      "08720600614163",
      "08720600614156"
    ],
    "topCategoryName": "Conserven",
    "topCategoryId": "188",
    "businessDomain": "RETAIL_BE",
    "IsPrivateLabel": false,
    "IsBiffe": false,
    "WeightconversionFactor": "0",
    "IsWeightArticle": false,
    "nutriscoreLabel": "A",
    "IsBio": false,
    "CountryOfOrigin": "NEDERLAND",
    "IsExclusivelySoldInLuxembourg": false,
    "OrderUnit": "P",
    "ShortName": "HAK APPELMOES 0% 350G",
    "IsNew": false,
    "EcoscoreLabel": "B",
    "RecentQuanityOfStockUnits": "12,1",
    "LongName": "HAK appelmoes 0% suiker bok 350g",
    "AlcoholVolume": "0",
    "FicCode": "E",
    "EcoscoreValue": "76"
  },
  {
    "productId": "574083",
    "technicalArticleNumber": "4220973",
    "commercialArticleNumber": "17647",
    "name": "gegrilde paprika's z.rood",
    "description": "*Gegrilde paprika",
    "brand": "BONI",
    "seoBrand": "Boni Selection",
    "thumbNail": "https://static.colruytgroup.com/images/200x200/std.lang.all/96/24/asset-2139624.jpg",
    "fullImage": "https://static.colruytgroup.com/images/500x500/std.lang.all/96/24/asset-2139624.jpg",
    "squareImage": "https://static.colruytgroup.com/images/500x500sq/std.lang.all/96/24/asset-2139624.jpg",
    "content": "270g",
    "walkRouteSequenceNumber": 4590,
    "price": {
      "basicPrice": 1.99,
      "recommendedQuantity": "1.0",
      "measurementUnitPrice": 7.38,
      "measurementUnit": "K",
      "isRedPrice": false,
      "pricePerUOM": 7.38,
      "activationDate": "06-03-2024",
      "isPromoActive": "N",
      "priceChangeCode": "L"
    },
    "isAvailable": true,
    "isPriceAvailable": true,
    "inPromo": false,
    "gtin": [
      "05400141354263",
      "15400141354260"
    ],
    "topCategoryName": "Chips/Borrelhapjes",
    "topCategoryId": "306",
    "businessDomain": "RETAIL_BE",
    "IsPrivateLabel": true,
    "IsBiffe": false,
    "WeightconversionFactor": "0",
    "IsWeightArticle": false,
    "nutriscoreLabel": "B",
    "IsBio": false,
    "CountryOfOrigin": "ITALIË",
    "IsExclusivelySoldInLuxembourg": false,
    "OrderUnit": "P",
    "ShortName": "BONI GEGRILDE PAPRIK270",
    "IsNew": false,
    "EcoscoreLabel": "A",
    "RecentQuanityOfStockUnits": "1",
    "LongName": "BONI gegrilde paprika's z.rood 270g",
    "FicCode": "I",
    "EcoscoreValue": "90"
  },
  {
    "productId": "97290",
    "technicalArticleNumber": "2811500",
    "commercialArticleNumber": "46103",
    "name": "rode kidneybonen blik",
    "description": "*Rode kidneybonen",
    "brand": "BONDUELLE",
    "seoBrand": "Bonduelle",
    "thumbNail": "https://static.colruytgroup.com/images/200x200/std.lang.all/85/78/asset-2338578.jpg",
    "fullImage": "https://static.colruytgroup.com/images/500x500/std.lang.all/85/78/asset-2338578.jpg",
    "squareImage": "https://static.colruytgroup.com/images/500x500sq/std.lang.all/85/78/asset-2338578.jpg",
    "content": "160g",
    "walkRouteSequenceNumber": 16503,
    "price": {
      "basicPrice": 0.745,
      "recommendedQuantity": "4.0",
      "measurementUnitPrice": 5.96,
      "measurementUnit": "K",
      "isRedPrice": false,
      "pricePerUOM": 5.96,
      "activationDate": "21-03-2024",
      "recordSource": "Folder",
      "isPromoActive": "N",
      "priceChangeCode": "L"
    },
    "isAvailable": true,
    "isPriceAvailable": true,
    "inPromo": true,
    "promotion": [
      {
        "techPromoId": "100868COLR",
        "promotionId": "100868",
        "promotionType": "3",
        "isPersonalized": "N",
        "publicationStartDate": "13-03-2024",
        "publicationEndDate": "26-03-2024"
      }
    ],
    "gtin": [
      "03083681022384",
      "03083681022391",
      "03083681012590",
      "03083681012583"
    ],
    "topCategoryName": "Conserven",
    "topCategoryId": "188",
    "businessDomain": "RETAIL_BE",
    "IsPrivateLabel": false,
    "IsBiffe": false,
    "WeightconversionFactor": "0",
    "IsWeightArticle": false,
    "nutriscoreLabel": "A",
    "IsBio": false,
    "CountryOfOrigin": "FRANKRIJK",
    "IsExclusivelySoldInLuxembourg": false,
    "OrderUnit": "P",
    "ShortName": "BOND.RODE BONEN 160G",
    "IsNew": false,
    "EcoscoreLabel": "A",
    "RecentQuanityOfStockUnits": "4,1",
    "LongName": "BONDUELLE rode kidneybonen blik 160g",
    "AlcoholVolume": "0",
    "FicCode": "E",
    "EcoscoreValue": "89"
  },
  {
    "productId": "805296",
    "technicalArticleNumber": "4623088",
    "commercialArticleNumber": "2369",
    "name": "witte bonen blik",
    "brand": "BONDUELLE",
    "seoBrand": "Bonduelle",
    "thumbNail": "https://static.colruytgroup.com/images/200x200/std.lang.all/02/10/asset-3180210.jpg",
    "fullImage": "https://static.colruytgroup.com/images/500x500/std.lang.all/02/10/asset-3180210.jpg",
    "squareImage": "https://static.colruytgroup.com/images/500x500sq/std.lang.all/02/10/asset-3180210.jpg",
    "content": "160g",
    "walkRouteSequenceNumber": 16471,
    "price": {
      "basicPrice": 1.49,
      "recommendedQuantity": "1.0",
      "measurementUnitPrice": 11.47,
      "measurementUnit": "K",
      "isRedPrice": false,
      "pricePerUOM": 11.47,
      "activationDate": "19-03-2024",
      "recordSource": "Offline",
      "isPromoActive": "N",
      "priceChangeCode": "E"
    },
    "isAvailable": true,
    "isPriceAvailable": true,
    "inPromo": false,
    "gtin": [
      "03083681023268",
      "03083681026894"
    ],
    "topCategoryName": "Conserven",
    "topCategoryId": "188",
    "businessDomain": "RETAIL_BE",
    "IsPrivateLabel": false,
    "IsBiffe": false,
    "WeightconversionFactor": "0",
    "IsWeightArticle": false,
    "nutriscoreLabel": "A",
    "IsBio": false,
    "CountryOfOrigin": "EUROPA",
    "IsExclusivelySoldInLuxembourg": false,
    "OrderUnit": "P",
    "ShortName": "BOND WITTE BONEN 160G",
    "InSeason": true,
    "IsNew": false,
    "EcoscoreLabel": "B",
    "RecentQuanityOfStockUnits": "1,12",
    "LongName": "BONDUELLE witte bonen blik 160g",
    "StartSeasonDate": "20/03/2023",
    "FicCode": "E",
    "EcoscoreValue": "76"
  },
  {
    "productId": "130827",
    "technicalArticleNumber": "3221125",
    "commercialArticleNumber": "35239",
    "name": "pikante tapenade",
    "description": "*Tapenade op basis\nvan groene olijven,\nzongedroogde tomaten\npaprika en rode\npepers",
    "brand": "BONI",
    "seoBrand": "Boni Selection",
    "thumbNail": "https://static.colruytgroup.com/images/200x200/std.lang.all/07/41/asset-2930741.jpg",
    "fullImage": "https://static.colruytgroup.com/images/500x500/std.lang.all/07/41/asset-2930741.jpg",
    "squareImage": "https://static.colruytgroup.com/images/500x500sq/std.lang.all/07/41/asset-2930741.jpg",
    "content": "150g",
    "walkRouteSequenceNumber": 6779,
    "price": {
      "basicPrice": 2.79,
      "recommendedQuantity": "1.0",
      "quantityPrice": 2.57,
      "quantityPriceQuantity": "3.0",
      "measurementUnitPrice": 18.6,
      "measurementUnitQuantityPrice": 17.14,
      "measurementUnit": "K",
      "isRedPrice": false,
      "pricePerUOM": 18.6,
      "activationDate": "22-11-2022",
      "isPromoActive": "N",
      "priceChangeCode": "E",
      "quantityPricePerUOM": 17.14,
      "quantityActivationDate": "22-11-2022",
      "quantityPriceChangeCode": "L"
    },
    "isAvailable": true,
    "isPriceAvailable": true,
    "inPromo": false,
    "gtin": [
      "15400141420903",
      "15400141357599",
      "05400141357592",
      "05400141216967",
      "05400141205398",
      "15400141751366",
      "15400141444350",
      "05400141751369",
      "05400141444353"
    ],
    "topCategoryName": "Chips/Borrelhapjes",
    "topCategoryId": "306",
    "businessDomain": "RETAIL_BE",
    "IsPrivateLabel": true,
    "IsBiffe": false,
    "WeightconversionFactor": "0",
    "IsWeightArticle": false,
    "nutriscoreLabel": "C",
    "IsBio": false,
    "CountryOfOrigin": "BELGIË",
    "IsExclusivelySoldInLuxembourg": false,
    "OrderUnit": "P",
    "ShortName": "BONI PIKANTE TAP 150GR",
    "IsNew": false,
    "EcoscoreLabel": "B",
    "RecentQuanityOfStockUnits": "1",
    "LongName": "BONI pikante tapenade 150g",
    "AlcoholVolume": "0",
    "FicCode": "I",
    "EcoscoreValue": "66"
  },
  {
    "productId": "325687",
    "technicalArticleNumber": "3676362",
    "commercialArticleNumber": "9252",
    "name": "olijven Nocellara Italiaans",
    "brand": "BONI",
    "seoBrand": "Boni Selection",
    "thumbNail": "https://static.colruytgroup.com/images/200x200/std.lang.all/58/33/asset-1745833.jpg",
    "fullImage": "https://static.colruytgroup.com/images/500x500/std.lang.all/58/33/asset-1745833.jpg",
    "squareImage": "https://static.colruytgroup.com/images/500x500sq/std.lang.all/58/33/asset-1745833.jpg",
    "content": "150g",
    "walkRouteSequenceNumber": 7690,
    "price": {
      "basicPrice": 1.79,
      "recommendedQuantity": "1.0",
      "measurementUnitPrice": 11.94,
      "measurementUnit": "K",
      "isRedPrice": false,
      "pricePerUOM": 11.94,
      "activationDate": "12-01-2024",
      "recordSource": "Offline",
      "isPromoActive": "N",
      "priceChangeCode": "H"
    },
    "isAvailable": true,
    "isPriceAvailable": true,
    "inPromo": false,
    "gtin": [
      "15400141155935",
      "05400141155938",
      "15400141387213",
      "05400141387216",
      "05400141981711",
      "15400141981718"
    ],
    "topCategoryName": "Chips/Borrelhapjes",
    "topCategoryId": "306",
    "businessDomain": "RETAIL_BE",
    "IsPrivateLabel": true,
    "IsBiffe": false,
    "WeightconversionFactor": "0",
    "IsWeightArticle": false,
    "nutriscoreLabel": "D",
    "IsBio": false,
    "CountryOfOrigin": "FRANKRIJK",
    "IsExclusivelySoldInLuxembourg": false,
    "OrderUnit": "P",
    "ShortName": "BS IT.NOCE.OLI.NAT.150G",
    "IsNew": false,
    "EcoscoreLabel": "B",
    "RecentQuanityOfStockUnits": "1,9",
    "LongName": "BONI olijven Nocellara Italiaans 150g",
    "AlcoholVolume": "0",
    "FicCode": "I",
    "EcoscoreValue": "79"
  },
  {
    "productId": "18664",
    "technicalArticleNumber": "1770236",
    "commercialArticleNumber": "9511",
    "name": "tonijn in eigen nat",
    "description": "*Tonijn in eigen nat",
    "brand": "SAUPIQUET",
    "seoBrand": "Saupiquet",
    "thumbNail": "https://static.colruytgroup.com/images/200x200/std.lang.all/53/73/asset-1385373.jpg",
    "fullImage": "https://static.colruytgroup.com/images/500x500/std.lang.all/53/73/asset-1385373.jpg",
    "squareImage": "https://static.colruytgroup.com/images/500x500sq/std.lang.all/53/73/asset-1385373.jpg",
    "content": "400g",
    "walkRouteSequenceNumber": 16720,
    "price": {
      "basicPrice": 6.09,
      "recommendedQuantity": "1.0",
      "measurementUnitPrice": 21.75,
      "measurementUnit": "K",
      "isRedPrice": false,
      "pricePerUOM": 21.75,
      "activationDate": "13-03-2024",
      "isPromoActive": "Y",
      "priceChangeCode": "E"
    },
    "isAvailable": true,
    "isPriceAvailable": true,
    "inPromo": true,
    "promotion": [
      {
        "techPromoId": "100876COLR",
        "promotionId": "100876",
        "promotionType": "3",
        "isPersonalized": "N",
        "publicationStartDate": "13-03-2024",
        "publicationEndDate": "26-03-2024"
      }
    ],
    "gtin": [
      "03165950114010",
      "15415087009921",
      "05415087009924",
      "03165950130058",
      "05415087016083",
      "15415087016080"
    ],
    "topCategoryName": "Conserven",
    "topCategoryId": "188",
    "businessDomain": "RETAIL_BE",
    "IsPrivateLabel": false,
    "IsBiffe": false,
    "WeightconversionFactor": "0",
    "IsWeightArticle": false,
    "nutriscoreLabel": "A",
    "IsBio": false,
    "CountryOfOrigin": "IVOORKUST",
    "IsExclusivelySoldInLuxembourg": false,
    "OrderUnit": "P",
    "ShortName": "SAUP TONIJN NATUUR 400G",
    "IsNew": false,
    "EcoscoreLabel": "D",
    "RecentQuanityOfStockUnits": "1,2,2,12",
    "LongName": "SAUPIQUET tonijn in eigen nat 400g",
    "AlcoholVolume": "0",
    "FicCode": "E",
    "EcoscoreValue": "21"
  },
  {
    "productId": "42074",
    "technicalArticleNumber": "2495569",
    "commercialArticleNumber": "39383",
    "name": "gr.macédoine blik",
    "description": "*Groentemengeling",
    "brand": "BONDUELLE",
    "seoBrand": "Bonduelle",
    "thumbNail": "https://static.colruytgroup.com/images/200x200/std.lang.all/86/27/asset-2338627.jpg",
    "fullImage": "https://static.colruytgroup.com/images/500x500/std.lang.all/86/27/asset-2338627.jpg",
    "squareImage": "https://static.colruytgroup.com/images/500x500sq/std.lang.all/86/27/asset-2338627.jpg",
    "content": "200g",
    "walkRouteSequenceNumber": 16440,
    "price": {
      "basicPrice": 1.49,
      "recommendedQuantity": "4.0",
      "measurementUnitPrice": 11.47,
      "measurementUnit": "K",
      "isRedPrice": false,
      "pricePerUOM": 11.47,
      "activationDate": "27-02-2024",
      "recordSource": "Offline",
      "isPromoActive": "N",
      "priceChangeCode": "L"
    },
    "isAvailable": true,
    "isPriceAvailable": true,
    "inPromo": false,
    "gtin": [
      "03083680600910",
      "03083681011319",
      "03083681011302"
    ],
    "topCategoryName": "Conserven",
    "topCategoryId": "188",
    "businessDomain": "RETAIL_BE",
    "IsPrivateLabel": false,
    "IsBiffe": false,
    "WeightconversionFactor": "0",
    "IsWeightArticle": false,
    "nutriscoreLabel": "A",
    "IsBio": false,
    "CountryOfOrigin": "FRANKRIJK",
    "IsExclusivelySoldInLuxembourg": false,
    "OrderUnit": "P",
    "ShortName": "BOND.GROENTENMACED.200G",
    "IsNew": false,
    "EcoscoreLabel": "B",
    "RecentQuanityOfStockUnits": "4,1",
    "LongName": "BONDUELLE gr.macédoine blik 200g",
    "AlcoholVolume": "0",
    "FicCode": "E",
    "EcoscoreValue": "79"
  },
  {
    "productId": "494761",
    "technicalArticleNumber": "4088120",
    "commercialArticleNumber": "7955",
    "name": "makreel olijfolie",
    "brand": "IMPERIAL",
    "seoBrand": "Imperial",
    "thumbNail": "https://static.colruytgroup.com/images/200x200/std.lang.all/58/42/asset-1865842.jpg",
    "fullImage": "https://static.colruytgroup.com/images/500x500/std.lang.all/58/42/asset-1865842.jpg",
    "squareImage": "https://static.colruytgroup.com/images/500x500sq/std.lang.all/58/42/asset-1865842.jpg",
    "content": "125g",
    "walkRouteSequenceNumber": 16645,
    "price": {
      "basicPrice": 2.79,
      "recommendedQuantity": "1.0",
      "measurementUnitPrice": 22.32,
      "measurementUnit": "K",
      "isRedPrice": false,
      "pricePerUOM": 22.32,
      "activationDate": "12-03-2024",
      "recordSource": "Offline",
      "isPromoActive": "N",
      "priceChangeCode": "H"
    },
    "isAvailable": true,
    "isPriceAvailable": true,
    "inPromo": false,
    "gtin": [
      "05410363000343",
      "15410363000340"
    ],
    "topCategoryName": "Conserven",
    "topCategoryId": "188",
    "businessDomain": "RETAIL_BE",
    "IsPrivateLabel": false,
    "IsBiffe": false,
    "WeightconversionFactor": "0",
    "IsWeightArticle": false,
    "nutriscoreLabel": "A",
    "IsBio": false,
    "CountryOfOrigin": "MAROKKO",
    "IsExclusivelySoldInLuxembourg": false,
    "OrderUnit": "P",
    "ShortName": "IMPE MAKREEL OL.OL.125G",
    "IsNew": false,
    "EcoscoreLabel": "E",
    "RecentQuanityOfStockUnits": "1,12",
    "LongName": "IMPERIAL makreel olijfolie 125g",
    "FicCode": "E",
    "EcoscoreValue": "14"
  },
  {
    "productId": "50090",
    "technicalArticleNumber": "2470061",
    "commercialArticleNumber": "38349",
    "name": "Cassoulet blik",
    "description": "*Bonen, varkens- en\nrundsvlees in\ntomatensaus\n*Aantal porties: 3\n*Pan, microgolfoven",
    "brand": "WILLIAM SAURIN",
    "seoBrand": "William Saurin",
    "thumbNail": "https://static.colruytgroup.com/images/200x200/nl_be/57/62/asset-3195762.jpg",
    "fullImage": "https://static.colruytgroup.com/images/500x500/nl_be/57/62/asset-3195762.jpg",
    "squareImage": "https://static.colruytgroup.com/images/500x500sq/nl_be/57/62/asset-3195762.jpg",
    "content": "840g",
    "walkRouteSequenceNumber": 16864,
    "price": {
      "basicPrice": 5.99,
      "recommendedQuantity": "2.0",
      "measurementUnitPrice": 7.14,
      "measurementUnit": "K",
      "isRedPrice": false,
      "pricePerUOM": 7.14,
      "activationDate": "17-02-2024",
      "recordSource": "Offline",
      "isPromoActive": "N",
      "priceChangeCode": "E"
    },
    "isAvailable": true,
    "isPriceAvailable": true,
    "inPromo": false,
    "gtin": [
      "05400141655971",
      "03049580541210",
      "03049580111000"
    ],
    "topCategoryName": "Conserven",
    "topCategoryId": "188",
    "businessDomain": "RETAIL_BE",
    "IsPrivateLabel": false,
    "IsBiffe": false,
    "WeightconversionFactor": "0",
    "IsWeightArticle": false,
    "nutriscoreLabel": "A",
    "IsBio": false,
    "CountryOfOrigin": "FRANKRIJK",
    "IsExclusivelySoldInLuxembourg": false,
    "OrderUnit": "P",
    "ShortName": "WS CASSOULET 840GR",
    "IsNew": false,
    "EcoscoreLabel": "C",
    "RecentQuanityOfStockUnits": "2,1",
    "LongName": "WILLIAM SAURIN Cassoulet blik 840g",
    "AlcoholVolume": "0",
    "FicCode": "E",
    "EcoscoreValue": "42"
  },
  {
    "productId": "59025",
    "technicalArticleNumber": "2332348",
    "commercialArticleNumber": "18829",
    "name": "compote abrikoos-appel bok",
    "description": "*Compote op basis\nvan appelen en\nabrikozen",
    "brand": "MATERNE",
    "seoBrand": "Materne",
    "thumbNail": "https://static.colruytgroup.com/images/200x200/nl_be/33/43/asset-3423343.jpg",
    "fullImage": "https://static.colruytgroup.com/images/500x500/nl_be/33/43/asset-3423343.jpg",
    "squareImage": "https://static.colruytgroup.com/images/500x500sq/nl_be/33/43/asset-3423343.jpg",
    "content": "375g",
    "walkRouteSequenceNumber": 16513,
    "price": {
      "basicPrice": 3.45,
      "recommendedQuantity": "1.0",
      "measurementUnitPrice": 9.2,
      "measurementUnit": "K",
      "isRedPrice": false,
      "pricePerUOM": 9.2,
      "activationDate": "22-03-2024",
      "recordSource": "Offline",
      "isPromoActive": "N",
      "priceChangeCode": "L"
    },
    "isAvailable": true,
    "isPriceAvailable": true,
    "inPromo": false,
    "gtin": [
      "05410046804022",
      "05410046020293"
    ],
    "topCategoryName": "Conserven",
    "topCategoryId": "188",
    "businessDomain": "RETAIL_BE",
    "IsPrivateLabel": false,
    "IsBiffe": false,
    "WeightconversionFactor": "0",
    "IsWeightArticle": false,
    "nutriscoreLabel": "C",
    "IsBio": false,
    "CountryOfOrigin": "BELGIË",
    "IsExclusivelySoldInLuxembourg": false,
    "OrderUnit": "P",
    "ShortName": "MATERN.COMP APP-ABR375G",
    "IsNew": false,
    "RecentQuanityOfStockUnits": "1",
    "LongName": "MATERNE compote abrikoos-appel bok 375g",
    "AlcoholVolume": "0",
    "FicCode": "E"
  },
  {
    "productId": "59025",
    "technicalArticleNumber": "2332348",
    "commercialArticleNumber": "18829",
    "name": "compote abrikoos-appel bok",
    "description": "*Compote op basis\nvan appelen en\nabrikozen",
    "brand": "MATERNE",
    "seoBrand": "Materne",
    "thumbNail": "https://static.colruytgroup.com/images/200x200/nl_be/33/43/asset-3423343.jpg",
    "fullImage": "https://static.colruytgroup.com/images/500x500/nl_be/33/43/asset-3423343.jpg",
    "squareImage": "https://static.colruytgroup.com/images/500x500sq/nl_be/33/43/asset-3423343.jpg",
    "content": "375g",
    "walkRouteSequenceNumber": 16513,
    "price": {
      "basicPrice": 3.45,
      "recommendedQuantity": "1.0",
      "measurementUnitPrice": 9.2,
      "measurementUnit": "K",
      "isRedPrice": false,
      "pricePerUOM": 9.2,
      "activationDate": "22-03-2024",
      "recordSource": "Offline",
      "isPromoActive": "N",
      "priceChangeCode": "L"
    },
    "isAvailable": true,
    "isPriceAvailable": true,
    "inPromo": false,
    "gtin": [
      "05410046804022",
      "05410046020293"
    ],
    "topCategoryName": "Conserven",
    "topCategoryId": "188",
    "businessDomain": "RETAIL_BE",
    "IsPrivateLabel": false,
    "IsBiffe": false,
    "WeightconversionFactor": "0",
    "IsWeightArticle": false,
    "nutriscoreLabel": "C",
    "IsBio": false,
    "CountryOfOrigin": "BELGIË",
    "IsExclusivelySoldInLuxembourg": false,
    "OrderUnit": "P",
    "ShortName": "MATERN.COMP APP-ABR375G",
    "IsNew": false,
    "RecentQuanityOfStockUnits": "1",
    "LongName": "MATERNE compote abrikoos-appel bok 375g",
    "AlcoholVolume": "0",
    "FicCode": "E"
  },
  {
    "productId": "40024",
    "technicalArticleNumber": "2480571",
    "commercialArticleNumber": "38970",
    "name": "Soup Idee groenten vermi.",
    "description": "*Droge soep\n*Makkelijk bereiden\n*Instant gerecht\n*Snelle maaltijd\n*Warm gerecht",
    "brand": "KNORR",
    "seoBrand": "Knorr",
    "thumbNail": "https://static.colruytgroup.com/images/200x200/std.lang.all/97/47/asset-3139747.jpg",
    "fullImage": "https://static.colruytgroup.com/images/500x500/std.lang.all/97/47/asset-3139747.jpg",
    "squareImage": "https://static.colruytgroup.com/images/500x500sq/std.lang.all/97/47/asset-3139747.jpg",
    "content": "33g",
    "walkRouteSequenceNumber": 16845,
    "price": {
      "basicPrice": 1.35,
      "recommendedQuantity": "4.0",
      "measurementUnitPrice": 40.91,
      "measurementUnit": "K",
      "isRedPrice": false,
      "pricePerUOM": 40.91,
      "activationDate": "14-03-2024",
      "recordSource": "Folder",
      "isPromoActive": "N",
      "priceChangeCode": "H"
    },
    "isAvailable": true,
    "isPriceAvailable": true,
    "inPromo": true,
    "promotion": [
      {
        "techPromoId": "100943COLR",
        "promotionId": "100943",
        "promotionType": "3",
        "isPersonalized": "N",
        "publicationStartDate": "13-03-2024",
        "publicationEndDate": "26-03-2024"
      }
    ],
    "gtin": [
      "08711200325269",
      "08718114844237",
      "05400141001273"
    ],
    "topCategoryName": "Kruidenierswaren/Droge voeding",
    "topCategoryId": "233",
    "businessDomain": "RETAIL_BE",
    "IsPrivateLabel": false,
    "IsBiffe": false,
    "WeightconversionFactor": "0",
    "IsWeightArticle": false,
    "nutriscoreLabel": "C",
    "IsBio": false,
    "CountryOfOrigin": "FRANKRIJK",
    "IsExclusivelySoldInLuxembourg": false,
    "OrderUnit": "P",
    "ShortName": "KN ID GROENT-JARD 33GR",
    "IsNew": false,
    "EcoscoreLabel": "B",
    "RecentQuanityOfStockUnits": "4,1",
    "LongName": "KNORR Soup Idee groenten vermi. 33g",
    "AlcoholVolume": "0",
    "FicCode": "E",
    "EcoscoreValue": "76"
  },
  {
    "productId": "18694",
    "technicalArticleNumber": "1717183",
    "commercialArticleNumber": "12158",
    "name": "soep tomaten suprême stukjes",
    "description": "*Soep in blik\n*Snelle maaltijd\n*Snelle maaltijd\n*Groentensoep\n*Warm gerecht",
    "brand": "KNORR",
    "seoBrand": "Knorr",
    "thumbNail": "https://static.colruytgroup.com/images/200x200/nl_be/53/45/asset-2795345.jpg",
    "fullImage": "https://static.colruytgroup.com/images/500x500/nl_be/53/45/asset-2795345.jpg",
    "squareImage": "https://static.colruytgroup.com/images/500x500sq/nl_be/53/45/asset-2795345.jpg",
    "content": "515ml",
    "walkRouteSequenceNumber": 16893,
    "price": {
      "basicPrice": 2.59,
      "recommendedQuantity": "3.0",
      "measurementUnitPrice": 5.03,
      "measurementUnit": "L",
      "isRedPrice": false,
      "pricePerUOM": 5.03,
      "activationDate": "20-03-2024",
      "recordSource": "Offline",
      "isPromoActive": "N",
      "priceChangeCode": "H"
    },
    "isAvailable": true,
    "isPriceAvailable": true,
    "inPromo": false,
    "gtin": [
      "05400141122589",
      "08722700700401",
      "08722700083436"
    ],
    "topCategoryName": "Kruidenierswaren/Droge voeding",
    "topCategoryId": "233",
    "businessDomain": "RETAIL_BE",
    "IsPrivateLabel": false,
    "IsBiffe": false,
    "WeightconversionFactor": "0",
    "IsWeightArticle": false,
    "nutriscoreLabel": "C",
    "IsBio": false,
    "CountryOfOrigin": "NEDERLAND",
    "IsExclusivelySoldInLuxembourg": false,
    "OrderUnit": "P",
    "ShortName": "KNORR TOM SUPREME515ML",
    "IsNew": false,
    "EcoscoreLabel": "B",
    "RecentQuanityOfStockUnits": "1,12",
    "LongName": "KNORR soep tomaten suprême stukjes 515ml",
    "AlcoholVolume": "0",
    "FicCode": "E",
    "EcoscoreValue": "78"
  },
  {
    "productId": "138646",
    "technicalArticleNumber": "3202566",
    "commercialArticleNumber": "34411",
    "name": "zwarte tapenade",
    "description": "*Tapenade op basis\nvan zwarte olijven,\nkappers",
    "brand": "BONI",
    "seoBrand": "Boni Selection",
    "thumbNail": "https://static.colruytgroup.com/images/200x200/std.lang.all/29/21/asset-2762921.jpg",
    "fullImage": "https://static.colruytgroup.com/images/500x500/std.lang.all/29/21/asset-2762921.jpg",
    "squareImage": "https://static.colruytgroup.com/images/500x500sq/std.lang.all/29/21/asset-2762921.jpg",
    "content": "150g",
    "walkRouteSequenceNumber": 6782,
    "price": {
      "basicPrice": 2.69,
      "recommendedQuantity": "1.0",
      "measurementUnitPrice": 17.94,
      "measurementUnit": "K",
      "isRedPrice": false,
      "pricePerUOM": 17.94,
      "activationDate": "07-03-2024",
      "recordSource": "Offline",
      "isPromoActive": "N",
      "priceChangeCode": "H"
    },
    "isAvailable": true,
    "isPriceAvailable": true,
    "inPromo": false,
    "gtin": [
      "05400141165814",
      "05400141205305",
      "05400141406306",
      "05400141916591"
    ],
    "topCategoryName": "Chips/Borrelhapjes",
    "topCategoryId": "306",
    "businessDomain": "RETAIL_BE",
    "IsPrivateLabel": true,
    "IsBiffe": false,
    "WeightconversionFactor": "0",
    "IsWeightArticle": false,
    "nutriscoreLabel": "C",
    "IsBio": false,
    "CountryOfOrigin": "BELGIË",
    "IsExclusivelySoldInLuxembourg": false,
    "OrderUnit": "P",
    "ShortName": "B ZWARTE TAPENADE 150G",
    "IsNew": false,
    "EcoscoreLabel": "C",
    "RecentQuanityOfStockUnits": "1",
    "LongName": "BONI zwarte tapenade 150g",
    "FicCode": "I",
    "EcoscoreValue": "58"
  },
  {
    "productId": "484157",
    "technicalArticleNumber": "4009865",
    "commercialArticleNumber": "4799",
    "name": "guacamole pikant",
    "brand": "WONKY",
    "seoBrand": "Wonky",
    "thumbNail": "https://static.colruytgroup.com/images/200x200/std.lang.all/03/49/asset-2460349.jpg",
    "fullImage": "https://static.colruytgroup.com/images/500x500/std.lang.all/03/49/asset-2460349.jpg",
    "squareImage": "https://static.colruytgroup.com/images/500x500sq/std.lang.all/03/49/asset-2460349.jpg",
    "content": "150g",
    "walkRouteSequenceNumber": 7762,
    "price": {
      "basicPrice": 2.99,
      "recommendedQuantity": "1.0",
      "quantityPrice": 2.75,
      "quantityPriceQuantity": "3.0",
      "measurementUnitPrice": 19.94,
      "measurementUnitQuantityPrice": 18.34,
      "measurementUnit": "K",
      "isRedPrice": false,
      "pricePerUOM": 19.94,
      "activationDate": "14-11-2023",
      "isPromoActive": "N",
      "priceChangeCode": "E",
      "quantityPricePerUOM": 18.34,
      "quantityActivationDate": "14-11-2023",
      "quantityPriceChangeCode": "E"
    },
    "isAvailable": true,
    "isPriceAvailable": true,
    "inPromo": false,
    "gtin": [
      "05425001800063",
      "05425001800070"
    ],
    "topCategoryName": "Chips/Borrelhapjes",
    "topCategoryId": "306",
    "businessDomain": "RETAIL_BE",
    "IsPrivateLabel": false,
    "IsBiffe": false,
    "WeightconversionFactor": "0",
    "IsWeightArticle": false,
    "nutriscoreLabel": "A",
    "IsBio": false,
    "CountryOfOrigin": "BELGIË",
    "IsExclusivelySoldInLuxembourg": false,
    "OrderUnit": "P",
    "ShortName": "WONK GUACAMOLE PIK.150G",
    "IsNew": false,
    "EcoscoreLabel": "B",
    "RecentQuanityOfStockUnits": "1",
    "LongName": "WONKY guacamole pikant 150g",
    "FicCode": "E",
    "EcoscoreValue": "65"
  },
  {
    "productId": "50749",
    "technicalArticleNumber": "2400631",
    "commercialArticleNumber": "36654",
    "name": "soep pompoen suprême",
    "description": "*Pompoenroomsoep",
    "brand": "ROYCO CRUNCHY",
    "seoBrand": "Royco Crunchy",
    "thumbNail": "https://static.colruytgroup.com/images/200x200/std.lang.all/36/84/asset-3353684.jpg",
    "fullImage": "https://static.colruytgroup.com/images/500x500/std.lang.all/36/84/asset-3353684.jpg",
    "squareImage": "https://static.colruytgroup.com/images/500x500sq/std.lang.all/36/84/asset-3353684.jpg",
    "content": "20st",
    "walkRouteSequenceNumber": 16915,
    "price": {
      "basicPrice": 9.99,
      "recommendedQuantity": "1.0",
      "measurementUnitPrice": 22.2,
      "measurementUnit": "K",
      "isRedPrice": false,
      "pricePerUOM": 22.2,
      "activationDate": "20-03-2024",
      "recordSource": "Offline",
      "isPromoActive": "N",
      "priceChangeCode": "L"
    },
    "isAvailable": true,
    "isPriceAvailable": true,
    "inPromo": false,
    "gtin": [
      "05414972100289",
      "05414972700281"
    ],
    "topCategoryName": "Kruidenierswaren/Droge voeding",
    "topCategoryId": "233",
    "businessDomain": "RETAIL_BE",
    "IsPrivateLabel": false,
    "IsBiffe": false,
    "WeightconversionFactor": "0",
    "IsWeightArticle": false,
    "nutriscoreLabel": "C",
    "IsBio": false,
    "CountryOfOrigin": "NEDERLAND",
    "IsExclusivelySoldInLuxembourg": false,
    "OrderUnit": "P",
    "ShortName": "RMS CRUN.POM.SUP 20 Z",
    "IsNew": false,
    "EcoscoreLabel": "B",
    "RecentQuanityOfStockUnits": "1,8",
    "LongName": "ROYCO CRUNCHY soep pompoen suprême 20st",
    "AlcoholVolume": "0",
    "FicCode": "E",
    "EcoscoreValue": "75"
  },
  {
    "productId": "656",
    "technicalArticleNumber": "9067",
    "commercialArticleNumber": "9067",
    "name": "Spaghetteria carbonara",
    "description": "*Heerlijke maaltijd\n*Snel gerecht\n*Klaar voor gebruik\n*Carbonarasmaak\n*Warm gerecht",
    "brand": "KNORR",
    "seoBrand": "Knorr",
    "thumbNail": "https://static.colruytgroup.com/images/200x200/std.lang.all/53/54/asset-2795354.jpg",
    "fullImage": "https://static.colruytgroup.com/images/500x500/std.lang.all/53/54/asset-2795354.jpg",
    "squareImage": "https://static.colruytgroup.com/images/500x500sq/std.lang.all/53/54/asset-2795354.jpg",
    "content": "154g",
    "walkRouteSequenceNumber": 16797,
    "price": {
      "basicPrice": 1.99,
      "recommendedQuantity": "3.0",
      "measurementUnitPrice": 12.93,
      "measurementUnit": "K",
      "isRedPrice": false,
      "pricePerUOM": 12.93,
      "activationDate": "22-03-2024",
      "recordSource": "Folder",
      "isPromoActive": "Y",
      "priceChangeCode": "L"
    },
    "isAvailable": true,
    "isPriceAvailable": true,
    "inPromo": true,
    "promotion": [
      {
        "techPromoId": "100944COLR",
        "promotionId": "100944",
        "promotionType": "4",
        "isPersonalized": "N",
        "publicationStartDate": "13-03-2024",
        "publicationEndDate": "26-03-2024"
      }
    ],
    "gtin": [
      "08720182422040",
      "08720182422033",
      "05411100147604",
      "05411100206202",
      "05411100209623",
      "85400141660247",
      "25400141721496"
    ],
    "topCategoryName": "Conserven",
    "topCategoryId": "188",
    "businessDomain": "RETAIL_BE",
    "IsPrivateLabel": false,
    "IsBiffe": false,
    "WeightconversionFactor": "0",
    "IsWeightArticle": false,
    "nutriscoreLabel": "E",
    "IsBio": false,
    "CountryOfOrigin": "DUITSLAND",
    "IsExclusivelySoldInLuxembourg": false,
    "OrderUnit": "P",
    "ShortName": "KNORR SPAGHETT.CARBONA",
    "IsNew": false,
    "EcoscoreLabel": "C",
    "RecentQuanityOfStockUnits": "3,1,12,2",
    "LongName": "KNORR Spaghetteria carbonara 154g",
    "AlcoholVolume": "0",
    "FicCode": "E",
    "EcoscoreValue": "50"
  },
  {
    "productId": "455875",
    "technicalArticleNumber": "4028724",
    "commercialArticleNumber": "5467",
    "name": "fruitcocktail op lichte siroop",
    "brand": "BONI",
    "seoBrand": "Boni Selection",
    "thumbNail": "https://static.colruytgroup.com/images/200x200/std.lang.all/17/36/asset-3401736.jpg",
    "fullImage": "https://static.colruytgroup.com/images/500x500/std.lang.all/17/36/asset-3401736.jpg",
    "squareImage": "https://static.colruytgroup.com/images/500x500sq/std.lang.all/17/36/asset-3401736.jpg",
    "content": "200g",
    "walkRouteSequenceNumber": 16574,
    "price": {
      "basicPrice": 0.92,
      "recommendedQuantity": "3.0",
      "measurementUnitPrice": 8,
      "measurementUnit": "K",
      "isRedPrice": false,
      "pricePerUOM": 8,
      "activationDate": "19-12-2023",
      "isPromoActive": "N",
      "priceChangeCode": "H"
    },
    "isAvailable": true,
    "isPriceAvailable": true,
    "inPromo": false,
    "gtin": [
      "05400141570366",
      "15400141570363",
      "05400141208238",
      "05400141242799",
      "15400141208235",
      "25400141570360"
    ],
    "topCategoryName": "Conserven",
    "topCategoryId": "188",
    "businessDomain": "RETAIL_BE",
    "IsPrivateLabel": true,
    "IsBiffe": false,
    "WeightconversionFactor": "0",
    "IsWeightArticle": false,
    "nutriscoreLabel": "B",
    "IsBio": false,
    "CountryOfOrigin": "CHINA (VOLKSREBUPLIEK)",
    "IsExclusivelySoldInLuxembourg": false,
    "OrderUnit": "P",
    "ShortName": "BONI FRUITCOCK.SIR.200G",
    "InSeason": true,
    "IsNew": false,
    "EcoscoreLabel": "A",
    "RecentQuanityOfStockUnits": "6,1,6,1",
    "LongName": "BONI fruitcocktail op lichte siroop 200g",
    "StartSeasonDate": "14/09/2022",
    "FicCode": "I",
    "EcoscoreValue": "82"
  },
  {
    "productId": "64483",
    "technicalArticleNumber": "2770810",
    "commercialArticleNumber": "43304",
    "name": "tomaat-pasta-kippenballetjes",
    "description": "*Tomatensoep met\nkippenballetjes",
    "brand": "LIEBIG",
    "seoBrand": "Liebig",
    "thumbNail": "https://static.colruytgroup.com/images/200x200/nl_be/99/30/asset-1549930.jpg",
    "fullImage": "https://static.colruytgroup.com/images/500x500/nl_be/99/30/asset-1549930.jpg",
    "squareImage": "https://static.colruytgroup.com/images/500x500sq/nl_be/99/30/asset-1549930.jpg",
    "content": "1L",
    "walkRouteSequenceNumber": 16882,
    "price": {
      "basicPrice": 4.89,
      "recommendedQuantity": "1.0",
      "measurementUnitPrice": 4.89,
      "measurementUnit": "L",
      "isRedPrice": false,
      "pricePerUOM": 4.89,
      "activationDate": "22-03-2024",
      "recordSource": "Offline",
      "isPromoActive": "N",
      "priceChangeCode": "H"
    },
    "isAvailable": true,
    "isPriceAvailable": true,
    "inPromo": false,
    "gtin": [
      "05414972104348",
      "05414972705903"
    ],
    "topCategoryName": "Kruidenierswaren/Droge voeding",
    "topCategoryId": "233",
    "businessDomain": "RETAIL_BE",
    "IsPrivateLabel": false,
    "IsBiffe": false,
    "WeightconversionFactor": "0",
    "IsWeightArticle": false,
    "nutriscoreLabel": "B",
    "IsBio": false,
    "CountryOfOrigin": "FRANKRIJK",
    "IsExclusivelySoldInLuxembourg": false,
    "OrderUnit": "P",
    "ShortName": "LIEB TOM-PASTA-KIP.1L",
    "IsNew": false,
    "EcoscoreLabel": "D",
    "RecentQuanityOfStockUnits": "1,8",
    "LongName": "LIEBIG tomaat-pasta-kippenballetjes 1L",
    "AlcoholVolume": "0",
    "FicCode": "E",
    "EcoscoreValue": "32"
  },
  {
    "productId": "673154",
    "technicalArticleNumber": "4387521",
    "commercialArticleNumber": "4134",
    "name": "edamame bonen",
    "brand": "BONI",
    "seoBrand": "Boni Selection",
    "thumbNail": "https://static.colruytgroup.com/images/200x200/std.lang.all/47/79/asset-2684779.jpg",
    "fullImage": "https://static.colruytgroup.com/images/500x500/std.lang.all/47/79/asset-2684779.jpg",
    "squareImage": "https://static.colruytgroup.com/images/500x500sq/std.lang.all/47/79/asset-2684779.jpg",
    "content": "200g",
    "walkRouteSequenceNumber": 16483,
    "price": {
      "basicPrice": 1.59,
      "recommendedQuantity": "1.0",
      "measurementUnitPrice": 12.72,
      "measurementUnit": "K",
      "isRedPrice": false,
      "pricePerUOM": 12.72,
      "activationDate": "14-02-2024",
      "isPromoActive": "N",
      "priceChangeCode": "H"
    },
    "isAvailable": true,
    "isPriceAvailable": true,
    "inPromo": false,
    "gtin": [
      "15400141557234",
      "05400141557237"
    ],
    "topCategoryName": "Conserven",
    "topCategoryId": "188",
    "businessDomain": "RETAIL_BE",
    "IsPrivateLabel": true,
    "IsBiffe": false,
    "WeightconversionFactor": "0",
    "IsWeightArticle": false,
    "nutriscoreLabel": "A",
    "IsBio": false,
    "CountryOfOrigin": "NEDERLAND",
    "IsExclusivelySoldInLuxembourg": false,
    "OrderUnit": "P",
    "ShortName": "BONI ED.BONE200/125",
    "IsNew": false,
    "EcoscoreLabel": "A",
    "RecentQuanityOfStockUnits": "12,1",
    "LongName": "BONI edamame bonen 200g",
    "FicCode": "I",
    "EcoscoreValue": "94"
  },
  {
    "productId": "97669",
    "technicalArticleNumber": "2897901",
    "commercialArticleNumber": "35077",
    "name": "wilde roze zalm blik MSC",
    "description": "*Wilde roze zalm\n*met label MSC",
    "brand": "EVERYDAY",
    "seoBrand": "Everyday",
    "thumbNail": "https://static.colruytgroup.com/images/200x200/std.lang.all/71/94/asset-2667194.jpg",
    "fullImage": "https://static.colruytgroup.com/images/500x500/std.lang.all/71/94/asset-2667194.jpg",
    "squareImage": "https://static.colruytgroup.com/images/500x500sq/std.lang.all/71/94/asset-2667194.jpg",
    "content": "200g",
    "walkRouteSequenceNumber": 17609,
    "price": {
      "basicPrice": 1.4,
      "recommendedQuantity": "3.0",
      "measurementUnitPrice": 9.04,
      "measurementUnit": "K",
      "isRedPrice": false,
      "pricePerUOM": 9.04,
      "activationDate": "22-03-2024",
      "recordSource": "Folder",
      "isPromoActive": "N",
      "priceChangeCode": "L"
    },
    "isAvailable": true,
    "isPriceAvailable": true,
    "inPromo": false,
    "gtin": [
      "25400141239885",
      "05400141564235",
      "15400141601562",
      "25400141601569",
      "25400141194238",
      "15400141239888",
      "15400141194231",
      "15400141003182",
      "05400141239881",
      "05400141194234",
      "05400141046038",
      "15400141718635",
      "05400141718638",
      "05400141510782",
      "15400141510789"
    ],
    "topCategoryName": "Conserven",
    "topCategoryId": "188",
    "businessDomain": "RETAIL_BE",
    "IsPrivateLabel": true,
    "IsBiffe": false,
    "WeightconversionFactor": "0",
    "IsWeightArticle": false,
    "IsBio": false,
    "CountryOfOrigin": "CHINA (VOLKSREBUPLIEK)",
    "IsExclusivelySoldInLuxembourg": false,
    "OrderUnit": "P",
    "ShortName": "EVERYDAY ROZE ZALM 200G",
    "InSeason": true,
    "IsNew": false,
    "RecentQuanityOfStockUnits": "1,1,48",
    "LongName": "EVERYDAY wilde roze zalm blik MSC 200g",
    "AlcoholVolume": "0",
    "StartSeasonDate": "08/10/2018",
    "FicCode": "I"
  },
  {
    "productId": "34752",
    "technicalArticleNumber": "1824845",
    "commercialArticleNumber": "12846",
    "name": "passata Rustica basilicum bok",
    "description": "*Traditionele\nItaliaanse gezeefde\ntomaten en basilicum",
    "brand": "CIRIO",
    "seoBrand": "Cirio",
    "thumbNail": "https://static.colruytgroup.com/images/200x200/std.lang.all/97/40/asset-1659740.jpg",
    "fullImage": "https://static.colruytgroup.com/images/500x500/std.lang.all/97/40/asset-1659740.jpg",
    "squareImage": "https://static.colruytgroup.com/images/500x500sq/std.lang.all/97/40/asset-1659740.jpg",
    "content": "680g",
    "walkRouteSequenceNumber": 8407,
    "price": {
      "basicPrice": 4.15,
      "recommendedQuantity": "1.0",
      "measurementUnitPrice": 6.11,
      "measurementUnit": "K",
      "isRedPrice": false,
      "pricePerUOM": 6.11,
      "activationDate": "12-03-2024",
      "recordSource": "Offline",
      "isPromoActive": "N",
      "priceChangeCode": "H"
    },
    "isAvailable": true,
    "isPriceAvailable": true,
    "inPromo": false,
    "gtin": [
      "08000320992414",
      "08000320992421"
    ],
    "topCategoryName": "Conserven",
    "topCategoryId": "188",
    "businessDomain": "RETAIL_BE",
    "IsPrivateLabel": false,
    "IsBiffe": false,
    "WeightconversionFactor": "0",
    "IsWeightArticle": false,
    "nutriscoreLabel": "A",
    "IsBio": false,
    "CountryOfOrigin": "ITALIË",
    "IsExclusivelySoldInLuxembourg": false,
    "OrderUnit": "P",
    "ShortName": "CIRIO RUSTICA BASIL680G",
    "IsNew": false,
    "RecentQuanityOfStockUnits": "1,12",
    "LongName": "CIRIO passata Rustica basilicum bok 680g",
    "AlcoholVolume": "0",
    "FicCode": "E"
  },
  {
    "productId": "665",
    "technicalArticleNumber": "10040",
    "commercialArticleNumber": "10040",
    "name": "perzik schijf siroop blik",
    "description": "*Perzikschijven op\nsiroop",
    "brand": "DEL MONTE",
    "seoBrand": "Del Monte",
    "thumbNail": "https://static.colruytgroup.com/images/200x200/std.lang.all/95/34/asset-2409534.jpg",
    "fullImage": "https://static.colruytgroup.com/images/500x500/std.lang.all/95/34/asset-2409534.jpg",
    "squareImage": "https://static.colruytgroup.com/images/500x500sq/std.lang.all/95/34/asset-2409534.jpg",
    "content": "227g",
    "walkRouteSequenceNumber": 16690,
    "price": {
      "basicPrice": 1.58,
      "recommendedQuantity": "3.0",
      "measurementUnitPrice": 11.29,
      "measurementUnit": "K",
      "isRedPrice": false,
      "pricePerUOM": 11.29,
      "activationDate": "19-03-2024",
      "recordSource": "Offline",
      "isPromoActive": "N",
      "priceChangeCode": "H"
    },
    "isAvailable": true,
    "isPriceAvailable": true,
    "inPromo": false,
    "gtin": [
      "00000024100403",
      "00000025100402",
      "00024000011149",
      "00024000110170",
      "00024000110187",
      "05400141210408"
    ],
    "topCategoryName": "Conserven",
    "topCategoryId": "188",
    "businessDomain": "RETAIL_BE",
    "IsPrivateLabel": false,
    "IsBiffe": false,
    "WeightconversionFactor": "0",
    "IsWeightArticle": false,
    "nutriscoreLabel": "A",
    "IsBio": false,
    "CountryOfOrigin": "GRIEKENLAND",
    "IsExclusivelySoldInLuxembourg": false,
    "OrderUnit": "P",
    "ShortName": "DELM PERZIKSCH SIR 227R",
    "InSeason": true,
    "IsNew": false,
    "EcoscoreLabel": "A",
    "RecentQuanityOfStockUnits": "6,1",
    "LongName": "DEL MONTE perzik schijf siroop blik 227g",
    "AlcoholVolume": "0",
    "StartSeasonDate": "13/12/2010",
    "FicCode": "E",
    "EcoscoreValue": "94"
  },
  {
    "productId": "745253",
    "technicalArticleNumber": "4512947",
    "commercialArticleNumber": "6537",
    "name": "lookteentjes basilicum",
    "description": "*Knoflookteentjes\nmet basilicum",
    "brand": "BONI",
    "seoBrand": "Boni Selection",
    "thumbNail": "https://static.colruytgroup.com/images/200x200/std.lang.all/16/21/asset-2741621.jpg",
    "fullImage": "https://static.colruytgroup.com/images/500x500/std.lang.all/16/21/asset-2741621.jpg",
    "squareImage": "https://static.colruytgroup.com/images/500x500sq/std.lang.all/16/21/asset-2741621.jpg",
    "content": "150g",
    "walkRouteSequenceNumber": 7677,
    "price": {
      "basicPrice": 3.49,
      "recommendedQuantity": "1.0",
      "measurementUnitPrice": 23.27,
      "measurementUnit": "K",
      "isRedPrice": false,
      "pricePerUOM": 23.27,
      "activationDate": "26-01-2024",
      "recordSource": "Offline",
      "isPromoActive": "N",
      "priceChangeCode": "L"
    },
    "isAvailable": true,
    "isPriceAvailable": true,
    "inPromo": false,
    "gtin": [
      "05400141886276",
      "05400141460261"
    ],
    "topCategoryName": "Chips/Borrelhapjes",
    "topCategoryId": "306",
    "businessDomain": "RETAIL_BE",
    "IsPrivateLabel": true,
    "IsBiffe": false,
    "WeightconversionFactor": "0",
    "IsWeightArticle": false,
    "nutriscoreLabel": "D",
    "IsBio": false,
    "CountryOfOrigin": "CHINA (VOLKSREBUPLIEK)",
    "IsExclusivelySoldInLuxembourg": false,
    "OrderUnit": "P",
    "ShortName": "BONI LOOKT. BASIL 150G",
    "IsNew": false,
    "RecentQuanityOfStockUnits": "1",
    "LongName": "BONI lookteentjes basilicum 150g",
    "FicCode": "I"
  },
  {
    "productId": "132114",
    "technicalArticleNumber": "3171600",
    "commercialArticleNumber": "37169",
    "name": "tomaten suprême brik",
    "description": "*Tomatensuprême",
    "brand": "LIEBIG",
    "seoBrand": "Liebig",
    "thumbNail": "https://static.colruytgroup.com/images/200x200/nl_be/35/82/asset-3353582.jpg",
    "fullImage": "https://static.colruytgroup.com/images/500x500/nl_be/35/82/asset-3353582.jpg",
    "squareImage": "https://static.colruytgroup.com/images/500x500sq/nl_be/35/82/asset-3353582.jpg",
    "content": "1L",
    "walkRouteSequenceNumber": 16884,
    "price": {
      "basicPrice": 5.29,
      "recommendedQuantity": "1.0",
      "measurementUnitPrice": 5.29,
      "measurementUnit": "L",
      "isRedPrice": false,
      "pricePerUOM": 5.29,
      "activationDate": "14-03-2024",
      "recordSource": "Offline",
      "isPromoActive": "N",
      "priceChangeCode": "E"
    },
    "isAvailable": true,
    "isPriceAvailable": true,
    "inPromo": false,
    "gtin": [
      "05414972110172",
      "05414972710174"
    ],
    "topCategoryName": "Kruidenierswaren/Droge voeding",
    "topCategoryId": "233",
    "businessDomain": "RETAIL_BE",
    "IsPrivateLabel": false,
    "IsBiffe": false,
    "WeightconversionFactor": "0",
    "IsWeightArticle": false,
    "nutriscoreLabel": "B",
    "IsBio": false,
    "CountryOfOrigin": "FRANKRIJK",
    "IsExclusivelySoldInLuxembourg": false,
    "OrderUnit": "P",
    "ShortName": "LIEB TOMATEN SUPREME 1L",
    "IsNew": false,
    "EcoscoreLabel": "B",
    "RecentQuanityOfStockUnits": "1,8",
    "LongName": "LIEBIG tomaten suprême brik 1L",
    "AlcoholVolume": "0",
    "FicCode": "E",
    "EcoscoreValue": "78"
  },
  {
    "productId": "869449",
    "technicalArticleNumber": "4722783",
    "commercialArticleNumber": "18324",
    "name": "kit macaroni Formaggio3p",
    "brand": "MIRACOLI",
    "seoBrand": "Miracoli",
    "thumbNail": "https://static.colruytgroup.com/images/200x200/std.lang.all/61/00/asset-3216100.jpg",
    "fullImage": "https://static.colruytgroup.com/images/500x500/std.lang.all/61/00/asset-3216100.jpg",
    "squareImage": "https://static.colruytgroup.com/images/500x500sq/std.lang.all/61/00/asset-3216100.jpg",
    "content": "291,4g",
    "walkRouteSequenceNumber": 16801,
    "price": {
      "basicPrice": 4.65,
      "recommendedQuantity": "2.0",
      "measurementUnitPrice": 15.98,
      "measurementUnit": "K",
      "isRedPrice": false,
      "pricePerUOM": 15.98,
      "activationDate": "20-03-2024",
      "recordSource": "Offline",
      "isPromoActive": "N",
      "priceChangeCode": "H"
    },
    "isAvailable": true,
    "isPriceAvailable": true,
    "inPromo": false,
    "gtin": [
      "04002359018619",
      "45400141712641",
      "04002359018718"
    ],
    "topCategoryName": "Conserven",
    "topCategoryId": "188",
    "businessDomain": "RETAIL_BE",
    "IsPrivateLabel": false,
    "IsBiffe": false,
    "WeightconversionFactor": "0",
    "IsWeightArticle": false,
    "IsBio": false,
    "CountryOfOrigin": "ITALIË",
    "IsExclusivelySoldInLuxembourg": false,
    "OrderUnit": "P",
    "ShortName": "MIRA KIT MACAR.FORM.3P",
    "IsNew": false,
    "RecentQuanityOfStockUnits": "1,2",
    "LongName": "MIRACOLI kit macaroni Formaggio3p 291,4g",
    "FicCode": "E"
  },
  {
    "productId": "576311",
    "technicalArticleNumber": "4224940",
    "commercialArticleNumber": "18220",
    "name": "chili con carne",
    "brand": "BONI",
    "seoBrand": "Boni Selection",
    "thumbNail": "https://static.colruytgroup.com/images/200x200/std.lang.all/48/81/asset-2134881.jpg",
    "fullImage": "https://static.colruytgroup.com/images/500x500/std.lang.all/48/81/asset-2134881.jpg",
    "squareImage": "https://static.colruytgroup.com/images/500x500sq/std.lang.all/48/81/asset-2134881.jpg",
    "content": "425g",
    "walkRouteSequenceNumber": 16812,
    "price": {
      "basicPrice": 2.32,
      "recommendedQuantity": "1.0",
      "quantityPrice": 1.76,
      "quantityPriceQuantity": "2.0",
      "measurementUnitPrice": 5.46,
      "measurementUnitQuantityPrice": 4.15,
      "measurementUnit": "K",
      "isRedPrice": false,
      "pricePerUOM": 5.46,
      "activationDate": "20-03-2024",
      "recordSource": "Offline",
      "isPromoActive": "N",
      "priceChangeCode": "E",
      "quantityPricePerUOM": 4.15,
      "quantityActivationDate": "20-03-2024",
      "quantityPriceChangeCode": "E"
    },
    "isAvailable": true,
    "isPriceAvailable": true,
    "inPromo": false,
    "gtin": [
      "05400141355451",
      "15400141355458"
    ],
    "topCategoryName": "Conserven",
    "topCategoryId": "188",
    "businessDomain": "RETAIL_BE",
    "IsPrivateLabel": true,
    "IsBiffe": false,
    "WeightconversionFactor": "0",
    "IsWeightArticle": false,
    "nutriscoreLabel": "B",
    "IsBio": false,
    "CountryOfOrigin": "BELGIË",
    "IsExclusivelySoldInLuxembourg": false,
    "OrderUnit": "P",
    "ShortName": "BONI CHILI CON CARNE425",
    "IsNew": false,
    "EcoscoreLabel": "E",
    "RecentQuanityOfStockUnits": "12,1",
    "LongName": "BONI chili con carne 425g",
    "FicCode": "I",
    "EcoscoreValue": "0"
  },
  {
    "productId": "689",
    "technicalArticleNumber": "12603",
    "commercialArticleNumber": "12603",
    "name": "soep kip",
    "description": "*Klassieke\nkippensoep",
    "brand": "ROYCO",
    "seoBrand": "Royco",
    "thumbNail": "https://static.colruytgroup.com/images/200x200/std.lang.all/38/55/asset-593855.jpg",
    "fullImage": "https://static.colruytgroup.com/images/500x500/std.lang.all/38/55/asset-593855.jpg",
    "squareImage": "https://static.colruytgroup.com/images/500x500sq/std.lang.all/38/55/asset-593855.jpg",
    "content": "25st",
    "walkRouteSequenceNumber": 16916,
    "price": {
      "basicPrice": 13.79,
      "recommendedQuantity": "1.0",
      "measurementUnitPrice": 47.07,
      "measurementUnit": "K",
      "isRedPrice": false,
      "pricePerUOM": 47.07,
      "activationDate": "24-02-2024",
      "isPromoActive": "N",
      "priceChangeCode": "H"
    },
    "isAvailable": true,
    "isPriceAvailable": true,
    "inPromo": false,
    "gtin": [
      "05410056186514",
      "05410056786516",
      "05414972723976"
    ],
    "topCategoryName": "Kruidenierswaren/Droge voeding",
    "topCategoryId": "233",
    "businessDomain": "RETAIL_BE",
    "IsPrivateLabel": false,
    "IsBiffe": false,
    "WeightconversionFactor": "0",
    "IsWeightArticle": false,
    "nutriscoreLabel": "C",
    "IsBio": false,
    "CountryOfOrigin": "NEDERLAND",
    "IsExclusivelySoldInLuxembourg": false,
    "OrderUnit": "P",
    "ShortName": "RMS CLASSIC KIP 25Z",
    "IsNew": false,
    "EcoscoreLabel": "B",
    "RecentQuanityOfStockUnits": "1,8",
    "LongName": "ROYCO soep kip 25st",
    "AlcoholVolume": "0",
    "FicCode": "E",
    "EcoscoreValue": "79"
  },
  {
    "productId": "110232",
    "technicalArticleNumber": "3087918",
    "commercialArticleNumber": "39473",
    "name": "mango schijf siroop blik",
    "description": "*Schijfjes mango op\nsiroop",
    "brand": "BONI",
    "seoBrand": "Boni Selection",
    "thumbNail": "https://static.colruytgroup.com/images/200x200/std.lang.all/47/75/asset-2084775.jpg",
    "fullImage": "https://static.colruytgroup.com/images/500x500/std.lang.all/47/75/asset-2084775.jpg",
    "squareImage": "https://static.colruytgroup.com/images/500x500sq/std.lang.all/47/75/asset-2084775.jpg",
    "content": "425g",
    "walkRouteSequenceNumber": 16672,
    "price": {
      "basicPrice": 1.65,
      "recommendedQuantity": "1.0",
      "measurementUnitPrice": 6.6,
      "measurementUnit": "K",
      "isRedPrice": false,
      "pricePerUOM": 6.6,
      "activationDate": "30-12-2023",
      "isPromoActive": "N",
      "priceChangeCode": "H"
    },
    "isAvailable": true,
    "isPriceAvailable": true,
    "inPromo": false,
    "gtin": [
      "15400141057574",
      "05400141057577",
      "05400141075373",
      "05400141167474",
      "05400141273090",
      "15400141273097",
      "25400141273094",
      "05400141405309",
      "05400141427271"
    ],
    "topCategoryName": "Conserven",
    "topCategoryId": "188",
    "businessDomain": "RETAIL_BE",
    "IsPrivateLabel": true,
    "IsBiffe": false,
    "WeightconversionFactor": "0",
    "IsWeightArticle": false,
    "nutriscoreLabel": "B",
    "IsBio": false,
    "CountryOfOrigin": "COLOMBIA",
    "IsExclusivelySoldInLuxembourg": false,
    "OrderUnit": "P",
    "ShortName": "BONI MANGO SIROOP 425G",
    "IsNew": false,
    "EcoscoreLabel": "A",
    "RecentQuanityOfStockUnits": "1,3,12",
    "LongName": "BONI mango schijf siroop blik 425g",
    "AlcoholVolume": "0",
    "FicCode": "I",
    "EcoscoreValue": "81"
  },
  {
    "productId": "725",
    "technicalArticleNumber": "11027",
    "commercialArticleNumber": "11027",
    "name": "Erwten & Wortelen Bokaal",
    "description": "*Doperwten en jonge\nworteltjes",
    "brand": "BONDUELLE",
    "seoBrand": "Bonduelle",
    "thumbNail": "https://static.colruytgroup.com/images/200x200/std.lang.all/86/20/asset-2338620.jpg",
    "fullImage": "https://static.colruytgroup.com/images/500x500/std.lang.all/86/20/asset-2338620.jpg",
    "squareImage": "https://static.colruytgroup.com/images/500x500sq/std.lang.all/86/20/asset-2338620.jpg",
    "content": "330g",
    "walkRouteSequenceNumber": 16395,
    "price": {
      "basicPrice": 1.59,
      "recommendedQuantity": "3.0",
      "measurementUnitPrice": 6.63,
      "measurementUnit": "K",
      "isRedPrice": false,
      "pricePerUOM": 6.63,
      "activationDate": "03-01-2024",
      "isPromoActive": "N",
      "priceChangeCode": "H"
    },
    "isAvailable": true,
    "isPriceAvailable": true,
    "inPromo": false,
    "gtin": [
      "03083680613385",
      "03083680615891",
      "03083680623681"
    ],
    "topCategoryName": "Conserven",
    "topCategoryId": "188",
    "businessDomain": "RETAIL_BE",
    "IsPrivateLabel": false,
    "IsBiffe": false,
    "WeightconversionFactor": "0",
    "IsWeightArticle": false,
    "nutriscoreLabel": "A",
    "IsBio": false,
    "CountryOfOrigin": "BELGIË",
    "IsExclusivelySoldInLuxembourg": false,
    "OrderUnit": "P",
    "ShortName": "BOND ERW/WORT BOK 330G",
    "IsNew": false,
    "EcoscoreLabel": "A",
    "RecentQuanityOfStockUnits": "3,1",
    "LongName": "BONDUELLE Erwten & Wortelen Bokaal 330g",
    "AlcoholVolume": "0",
    "FicCode": "E",
    "EcoscoreValue": "93"
  },
  {
    "productId": "594669",
    "technicalArticleNumber": "4255485",
    "commercialArticleNumber": "21922",
    "name": "makreelfil.ui tomaten",
    "brand": "FEUILLE D'OR",
    "seoBrand": "Feuille d'Or",
    "thumbNail": "https://static.colruytgroup.com/images/200x200/std.lang.all/08/11/asset-2140811.jpg",
    "fullImage": "https://static.colruytgroup.com/images/500x500/std.lang.all/08/11/asset-2140811.jpg",
    "squareImage": "https://static.colruytgroup.com/images/500x500sq/std.lang.all/08/11/asset-2140811.jpg",
    "content": "125g",
    "walkRouteSequenceNumber": 16651,
    "price": {
      "basicPrice": 3.08,
      "recommendedQuantity": "3.0",
      "measurementUnitPrice": 24.64,
      "measurementUnit": "K",
      "isRedPrice": false,
      "pricePerUOM": 24.64,
      "activationDate": "19-03-2024",
      "recordSource": "Offline",
      "isPromoActive": "N",
      "priceChangeCode": "H"
    },
    "isAvailable": true,
    "isPriceAvailable": true,
    "inPromo": false,
    "gtin": [
      "05412374001241",
      "05412374001210",
      "05412374001234"
    ],
    "topCategoryName": "Conserven",
    "topCategoryId": "188",
    "businessDomain": "RETAIL_BE",
    "IsPrivateLabel": false,
    "IsBiffe": false,
    "WeightconversionFactor": "0",
    "IsWeightArticle": false,
    "nutriscoreLabel": "C",
    "IsBio": false,
    "CountryOfOrigin": "POLEN",
    "IsExclusivelySoldInLuxembourg": false,
    "OrderUnit": "P",
    "ShortName": "FEUI MAKR.AJUIN TOM125",
    "IsNew": false,
    "EcoscoreLabel": "D",
    "RecentQuanityOfStockUnits": "1,3",
    "LongName": "FEUILLE D'OR makreelfil.ui tomaten 125g",
    "AlcoholVolume": "0",
    "FicCode": "E",
    "EcoscoreValue": "33"
  },
  {
    "productId": "15817",
    "technicalArticleNumber": "1639582",
    "commercialArticleNumber": "31604",
    "name": "olijven groen&zwart paprika",
    "description": "*Mix groen en zwart\n*Ontpit\n*Griekenland",
    "brand": "BONI",
    "seoBrand": "Boni Selection",
    "thumbNail": "https://static.colruytgroup.com/images/200x200/std.lang.all/16/13/asset-2741613.jpg",
    "fullImage": "https://static.colruytgroup.com/images/500x500/std.lang.all/16/13/asset-2741613.jpg",
    "squareImage": "https://static.colruytgroup.com/images/500x500sq/std.lang.all/16/13/asset-2741613.jpg",
    "content": "150g",
    "walkRouteSequenceNumber": 7678,
    "price": {
      "basicPrice": 2.89,
      "recommendedQuantity": "1.0",
      "measurementUnitPrice": 19.27,
      "measurementUnit": "K",
      "isRedPrice": false,
      "pricePerUOM": 19.27,
      "activationDate": "14-11-2023",
      "recordSource": "Offline",
      "isPromoActive": "N",
      "priceChangeCode": "E"
    },
    "isAvailable": true,
    "isPriceAvailable": true,
    "inPromo": false,
    "gtin": [
      "05400141886221",
      "05400141088113",
      "15400141088110",
      "05400141406290",
      "05400141085716",
      "15400141987390",
      "05400141697995",
      "05400141488074"
    ],
    "topCategoryName": "Chips/Borrelhapjes",
    "topCategoryId": "306",
    "businessDomain": "RETAIL_BE",
    "IsPrivateLabel": true,
    "IsBiffe": false,
    "WeightconversionFactor": "0",
    "IsWeightArticle": false,
    "nutriscoreLabel": "C",
    "IsBio": false,
    "CountryOfOrigin": "GRIEKENLAND",
    "IsExclusivelySoldInLuxembourg": false,
    "OrderUnit": "P",
    "ShortName": "BONI GR.ZW.OLI.PAP.150G",
    "IsNew": false,
    "EcoscoreLabel": "A",
    "RecentQuanityOfStockUnits": "1",
    "LongName": "BONI olijven groen&zwart paprika 150g",
    "AlcoholVolume": "0",
    "FicCode": "I",
    "EcoscoreValue": "96"
  },
  {
    "productId": "750",
    "technicalArticleNumber": "11635",
    "commercialArticleNumber": "11635",
    "name": "Parijse minichampign.heel blik",
    "description": "*Hele Parijse\nminichampignons",
    "brand": "BONI",
    "seoBrand": "Boni Selection",
    "thumbNail": "https://static.colruytgroup.com/images/200x200/std.lang.all/73/21/asset-2227321.jpg",
    "fullImage": "https://static.colruytgroup.com/images/500x500/std.lang.all/73/21/asset-2227321.jpg",
    "squareImage": "https://static.colruytgroup.com/images/500x500sq/std.lang.all/73/21/asset-2227321.jpg",
    "content": "390g",
    "walkRouteSequenceNumber": 16348,
    "price": {
      "basicPrice": 1.95,
      "recommendedQuantity": "1.0",
      "measurementUnitPrice": 8.48,
      "measurementUnit": "K",
      "isRedPrice": false,
      "pricePerUOM": 8.48,
      "activationDate": "17-11-2023",
      "recordSource": "Offline",
      "isPromoActive": "N",
      "priceChangeCode": "E"
    },
    "isAvailable": true,
    "isPriceAvailable": true,
    "inPromo": false,
    "gtin": [
      "05400141277937",
      "05400141364620",
      "15400141216230",
      "05400141168044",
      "05400141216233",
      "15400141277934",
      "15400141364627",
      "25400141277931",
      "25400141364624",
      "05400141478983",
      "15400141478980",
      "25400141478987"
    ],
    "topCategoryName": "Conserven",
    "topCategoryId": "188",
    "businessDomain": "RETAIL_BE",
    "IsPrivateLabel": true,
    "IsBiffe": false,
    "WeightconversionFactor": "0",
    "IsWeightArticle": false,
    "nutriscoreLabel": "A",
    "IsBio": false,
    "CountryOfOrigin": "SPANJE",
    "IsExclusivelySoldInLuxembourg": false,
    "OrderUnit": "P",
    "ShortName": "BONI CHAMP MINI 390GR",
    "IsNew": false,
    "RecentQuanityOfStockUnits": "4,1,12",
    "LongName": "BONI Parijse minichampign.heel blik 390g",
    "AlcoholVolume": "0",
    "FicCode": "I"
  },
  {
    "productId": "90658",
    "technicalArticleNumber": "2889064",
    "commercialArticleNumber": "34445",
    "name": "crispy maïs blik",
    "description": "*Knapperige\nmaïskorrels",
    "brand": "BONDUELLE",
    "seoBrand": "Bonduelle",
    "thumbNail": "https://static.colruytgroup.com/images/200x200/std.lang.all/79/00/asset-2337900.jpg",
    "fullImage": "https://static.colruytgroup.com/images/500x500/std.lang.all/79/00/asset-2337900.jpg",
    "squareImage": "https://static.colruytgroup.com/images/500x500sq/std.lang.all/79/00/asset-2337900.jpg",
    "content": "300g",
    "walkRouteSequenceNumber": 4587,
    "price": {
      "basicPrice": 0.845,
      "recommendedQuantity": "4.0",
      "measurementUnitPrice": 2.97,
      "measurementUnit": "K",
      "isRedPrice": false,
      "pricePerUOM": 2.97,
      "activationDate": "21-03-2024",
      "recordSource": "Folder",
      "isPromoActive": "N",
      "priceChangeCode": "L"
    },
    "isAvailable": true,
    "isPriceAvailable": true,
    "inPromo": false,
    "gtin": [
      "03083681025835",
      "03083681025484",
      "03083681025811",
      "03083681025828"
    ],
    "topCategoryName": "Conserven",
    "topCategoryId": "188",
    "businessDomain": "RETAIL_BE",
    "IsPrivateLabel": false,
    "IsBiffe": false,
    "WeightconversionFactor": "0",
    "IsWeightArticle": false,
    "nutriscoreLabel": "A",
    "IsBio": false,
    "CountryOfOrigin": "FRANKRIJK",
    "IsExclusivelySoldInLuxembourg": false,
    "OrderUnit": "P",
    "ShortName": "BOND CRISPY MAIS 300G",
    "InSeason": true,
    "IsNew": false,
    "EcoscoreLabel": "A",
    "RecentQuanityOfStockUnits": "1,4",
    "LongName": "BONDUELLE crispy maïs blik 300g",
    "AlcoholVolume": "0",
    "StartSeasonDate": "20/03/2023",
    "FicCode": "E",
    "EcoscoreValue": "90"
  },
  {
    "productId": "85551",
    "technicalArticleNumber": "2984138",
    "commercialArticleNumber": "36021",
    "name": "doperwtjes blik",
    "brand": "BONDUELLE",
    "seoBrand": "Bonduelle",
    "thumbNail": "https://static.colruytgroup.com/images/200x200/std.lang.all/85/69/asset-3228569.jpg",
    "fullImage": "https://static.colruytgroup.com/images/500x500/std.lang.all/85/69/asset-3228569.jpg",
    "squareImage": "https://static.colruytgroup.com/images/500x500sq/std.lang.all/85/69/asset-3228569.jpg",
    "content": "320g",
    "walkRouteSequenceNumber": 16370,
    "price": {
      "basicPrice": 1.49,
      "recommendedQuantity": "4.0",
      "measurementUnitPrice": 5.33,
      "measurementUnit": "K",
      "isRedPrice": false,
      "pricePerUOM": 5.33,
      "activationDate": "21-03-2024",
      "recordSource": "Offline",
      "isPromoActive": "N",
      "priceChangeCode": "H"
    },
    "isAvailable": true,
    "isPriceAvailable": true,
    "inPromo": false,
    "gtin": [
      "03083681028461",
      "03083681029253",
      "03083681029260"
    ],
    "topCategoryName": "Conserven",
    "topCategoryId": "188",
    "businessDomain": "RETAIL_BE",
    "IsPrivateLabel": false,
    "IsBiffe": false,
    "WeightconversionFactor": "0",
    "IsWeightArticle": false,
    "nutriscoreLabel": "A",
    "IsBio": false,
    "CountryOfOrigin": "EUROPA",
    "IsExclusivelySoldInLuxembourg": false,
    "OrderUnit": "P",
    "ShortName": "BOND DOPERWTJES 320G",
    "IsNew": false,
    "EcoscoreLabel": "A",
    "RecentQuanityOfStockUnits": "1,4",
    "LongName": "BONDUELLE doperwtjes blik 320g",
    "AlcoholVolume": "0",
    "FicCode": "E",
    "EcoscoreValue": "94"
  },
  {
    "productId": "183769",
    "technicalArticleNumber": "3435713",
    "commercialArticleNumber": "50113",
    "name": "appelkappertjes azijn",
    "description": "*Appelkappertjes op\nazijn",
    "brand": "BONI",
    "seoBrand": "Boni Selection",
    "thumbNail": "https://static.colruytgroup.com/images/200x200/std.lang.all/60/48/asset-2986048.jpg",
    "fullImage": "https://static.colruytgroup.com/images/500x500/std.lang.all/60/48/asset-2986048.jpg",
    "squareImage": "https://static.colruytgroup.com/images/500x500sq/std.lang.all/60/48/asset-2986048.jpg",
    "content": "340g",
    "walkRouteSequenceNumber": 16381,
    "price": {
      "basicPrice": 1.4,
      "recommendedQuantity": "1.0",
      "measurementUnitPrice": 7.78,
      "measurementUnit": "K",
      "isRedPrice": false,
      "pricePerUOM": 7.78,
      "activationDate": "16-03-2024",
      "recordSource": "Offline",
      "isPromoActive": "N",
      "priceChangeCode": "H"
    },
    "isAvailable": true,
    "isPriceAvailable": true,
    "inPromo": false,
    "gtin": [
      "05400141664867",
      "15400141664864",
      "05400141057591",
      "05400141355734",
      "05400141392197",
      "15400141057598",
      "15400141392194"
    ],
    "topCategoryName": "Chips/Borrelhapjes",
    "topCategoryId": "306",
    "businessDomain": "RETAIL_BE",
    "IsPrivateLabel": true,
    "IsBiffe": false,
    "WeightconversionFactor": "0",
    "IsWeightArticle": false,
    "nutriscoreLabel": "C",
    "IsBio": false,
    "CountryOfOrigin": "SPANJE",
    "IsExclusivelySoldInLuxembourg": false,
    "OrderUnit": "P",
    "ShortName": "BONI AP.KAP.AZ.340G",
    "InSeason": true,
    "IsNew": false,
    "RecentQuanityOfStockUnits": "1,1",
    "LongName": "BONI appelkappertjes azijn 340g",
    "AlcoholVolume": "0",
    "StartSeasonDate": "15/03/2017",
    "FicCode": "I"
  },
  {
    "productId": "439341",
    "technicalArticleNumber": "3988540",
    "commercialArticleNumber": "4094",
    "name": "zilverzalm MSC",
    "description": "*MSC certificatie",
    "brand": "BONI",
    "seoBrand": "Boni Selection",
    "thumbNail": "https://static.colruytgroup.com/images/200x200/std.lang.all/80/65/asset-3418065.jpg",
    "fullImage": "https://static.colruytgroup.com/images/500x500/std.lang.all/80/65/asset-3418065.jpg",
    "squareImage": "https://static.colruytgroup.com/images/500x500sq/std.lang.all/80/65/asset-3418065.jpg",
    "content": "213g",
    "walkRouteSequenceNumber": 17610,
    "price": {
      "basicPrice": 3.49,
      "recommendedQuantity": "1.0",
      "measurementUnitPrice": 16.39,
      "measurementUnit": "K",
      "isRedPrice": false,
      "pricePerUOM": 16.39,
      "activationDate": "30-12-2023",
      "isPromoActive": "N",
      "priceChangeCode": "H"
    },
    "isAvailable": true,
    "isPriceAvailable": true,
    "inPromo": false,
    "gtin": [
      "15400141131878",
      "05400141281552",
      "05400141530933",
      "05400141131871",
      "15400141530930",
      "15400141281559"
    ],
    "topCategoryName": "Conserven",
    "topCategoryId": "188",
    "businessDomain": "RETAIL_BE",
    "IsPrivateLabel": true,
    "IsBiffe": false,
    "WeightconversionFactor": "0",
    "IsWeightArticle": false,
    "nutriscoreLabel": "A",
    "IsBio": false,
    "CountryOfOrigin": "VERENIGDE STATEN VAN AMERIKA",
    "IsExclusivelySoldInLuxembourg": false,
    "OrderUnit": "P",
    "ShortName": "BONI ZILVERZALM MSC 213",
    "IsNew": false,
    "EcoscoreLabel": "D",
    "RecentQuanityOfStockUnits": "1",
    "LongName": "BONI zilverzalm MSC 213g",
    "FicCode": "I",
    "EcoscoreValue": "34"
  },
  {
    "productId": "11742",
    "technicalArticleNumber": "1358365",
    "commercialArticleNumber": "28924",
    "name": "olijven gr&zw paprika look",
    "description": "* Mix groen en zwart\n* Ontpit\n* Griekenland\n* Met paprika, look en kruiden gevuld",
    "brand": "BONI",
    "seoBrand": "Boni Selection",
    "thumbNail": "https://static.colruytgroup.com/images/200x200/std.lang.all/16/05/asset-2741605.jpg",
    "fullImage": "https://static.colruytgroup.com/images/500x500/std.lang.all/16/05/asset-2741605.jpg",
    "squareImage": "https://static.colruytgroup.com/images/500x500sq/std.lang.all/16/05/asset-2741605.jpg",
    "content": "1,25kg",
    "walkRouteSequenceNumber": 7695,
    "price": {
      "basicPrice": 10.95,
      "recommendedQuantity": "1.0",
      "quantityPrice": 10.51,
      "quantityPriceQuantity": "3.0",
      "measurementUnitPrice": 8.76,
      "measurementUnitQuantityPrice": 8.41,
      "measurementUnit": "K",
      "isRedPrice": false,
      "pricePerUOM": 8.76,
      "activationDate": "17-11-2023",
      "isPromoActive": "N",
      "priceChangeCode": "E",
      "quantityPricePerUOM": 8.41,
      "quantityActivationDate": "17-11-2023",
      "quantityPriceChangeCode": "E"
    },
    "isAvailable": true,
    "isPriceAvailable": true,
    "inPromo": false,
    "gtin": [
      "05400141406542",
      "05400141088137",
      "05400141886252",
      "05400141090673",
      "05400141705942",
      "15400141987406"
    ],
    "topCategoryName": "Chips/Borrelhapjes",
    "topCategoryId": "306",
    "businessDomain": "RETAIL_BE",
    "IsPrivateLabel": true,
    "IsBiffe": false,
    "WeightconversionFactor": "0",
    "IsWeightArticle": false,
    "nutriscoreLabel": "D",
    "IsBio": false,
    "CountryOfOrigin": "BELGIË",
    "IsExclusivelySoldInLuxembourg": false,
    "OrderUnit": "P",
    "ShortName": "HC BONI OL.G&Z PAP1.25K",
    "InSeason": true,
    "IsNew": false,
    "EcoscoreLabel": "A",
    "RecentQuanityOfStockUnits": "1,1",
    "LongName": "BONI olijven gr&zw paprika look 1,25kg",
    "StartSeasonDate": "14/03/2005",
    "FicCode": "I",
    "EcoscoreValue": "96"
  },
  {
    "productId": "515",
    "technicalArticleNumber": "9215",
    "commercialArticleNumber": "9215",
    "name": "gegarn.zuurkool blik",
    "description": "*Zuurkool met spek\nen gerookte worst\n*Aantal porties: 1\n*Opwarmen in een\nkookpot",
    "brand": "WILLIAM SAURIN",
    "seoBrand": "William Saurin",
    "thumbNail": "https://static.colruytgroup.com/images/200x200/nl_be/57/56/asset-3195756.jpg",
    "fullImage": "https://static.colruytgroup.com/images/500x500/nl_be/57/56/asset-3195756.jpg",
    "squareImage": "https://static.colruytgroup.com/images/500x500sq/nl_be/57/56/asset-3195756.jpg",
    "content": "400g",
    "walkRouteSequenceNumber": 16834,
    "price": {
      "basicPrice": 3.99,
      "recommendedQuantity": "2.0",
      "measurementUnitPrice": 9.98,
      "measurementUnit": "K",
      "isRedPrice": false,
      "pricePerUOM": 9.98,
      "activationDate": "01-03-2024",
      "recordSource": "Offline",
      "isPromoActive": "N",
      "priceChangeCode": "H"
    },
    "isAvailable": true,
    "isPriceAvailable": true,
    "inPromo": false,
    "gtin": [
      "00000025092158",
      "03049580116005",
      "03049580549605",
      "05400141092165",
      "15410318760619"
    ],
    "topCategoryName": "Conserven",
    "topCategoryId": "188",
    "businessDomain": "RETAIL_BE",
    "IsPrivateLabel": false,
    "IsBiffe": false,
    "WeightconversionFactor": "0",
    "IsWeightArticle": false,
    "nutriscoreLabel": "B",
    "IsBio": false,
    "CountryOfOrigin": "FRANKRIJK",
    "IsExclusivelySoldInLuxembourg": false,
    "OrderUnit": "P",
    "ShortName": "WS GEGARN.ZUURKOOL400GR",
    "IsNew": false,
    "EcoscoreLabel": "C",
    "RecentQuanityOfStockUnits": "1,2",
    "LongName": "WILLIAM SAURIN gegarn.zuurkool blik 400g",
    "AlcoholVolume": "0",
    "FicCode": "E",
    "EcoscoreValue": "54"
  },
  {
    "productId": "601086",
    "technicalArticleNumber": "4267188",
    "commercialArticleNumber": "20490",
    "name": "Maïs Bio Blik",
    "brand": "BONDUELLE",
    "seoBrand": "Bonduelle",
    "thumbNail": "https://static.colruytgroup.com/images/200x200/std.lang.all/78/56/asset-2337856.jpg",
    "fullImage": "https://static.colruytgroup.com/images/500x500/std.lang.all/78/56/asset-2337856.jpg",
    "squareImage": "https://static.colruytgroup.com/images/500x500sq/std.lang.all/78/56/asset-2337856.jpg",
    "content": "300g",
    "walkRouteSequenceNumber": 16432,
    "price": {
      "basicPrice": 2.49,
      "recommendedQuantity": "1.0",
      "measurementUnitPrice": 8.3,
      "measurementUnit": "K",
      "isRedPrice": false,
      "pricePerUOM": 8.3,
      "activationDate": "02-02-2024",
      "recordSource": "Offline",
      "isPromoActive": "N",
      "priceChangeCode": "E"
    },
    "isAvailable": true,
    "isPriceAvailable": true,
    "inPromo": false,
    "gtin": [
      "03083681002409",
      "03083681002393"
    ],
    "topCategoryName": "Conserven",
    "topCategoryId": "188",
    "businessDomain": "RETAIL_BE",
    "IsPrivateLabel": false,
    "IsBiffe": false,
    "WeightconversionFactor": "0",
    "IsWeightArticle": false,
    "nutriscoreLabel": "A",
    "IsBio": true,
    "CountryOfOrigin": "EUROPA",
    "IsExclusivelySoldInLuxembourg": false,
    "OrderUnit": "P",
    "ShortName": "BOND MAIS BIO BLIK 300G",
    "IsNew": false,
    "EcoscoreLabel": "A",
    "RecentQuanityOfStockUnits": "1",
    "LongName": "BONDUELLE Maïs Bio Blik 300g",
    "FicCode": "E",
    "EcoscoreValue": "100"
  },
  {
    "productId": "190021",
    "technicalArticleNumber": "3460531",
    "commercialArticleNumber": "50314",
    "name": "soep tomaat groente ball.",
    "description": "*Tomaten-groentesoep\nmet balletjes",
    "brand": "BONI",
    "seoBrand": "Boni Selection",
    "thumbNail": "https://static.colruytgroup.com/images/200x200/std.lang.all/60/94/asset-2076094.jpg",
    "fullImage": "https://static.colruytgroup.com/images/500x500/std.lang.all/60/94/asset-2076094.jpg",
    "squareImage": "https://static.colruytgroup.com/images/500x500sq/std.lang.all/60/94/asset-2076094.jpg",
    "content": "460ml",
    "walkRouteSequenceNumber": 16890,
    "price": {
      "basicPrice": 1.69,
      "recommendedQuantity": "1.0",
      "measurementUnitPrice": 3.68,
      "measurementUnit": "L",
      "isRedPrice": false,
      "pricePerUOM": 3.68,
      "activationDate": "27-02-2024",
      "recordSource": "Offline",
      "isPromoActive": "N",
      "priceChangeCode": "E"
    },
    "isAvailable": true,
    "isPriceAvailable": true,
    "inPromo": false,
    "gtin": [
      "05400141236613",
      "05400141127539",
      "15400141283638",
      "05400141283631",
      "05400141740646",
      "15400141740643"
    ],
    "topCategoryName": "Kruidenierswaren/Droge voeding",
    "topCategoryId": "233",
    "businessDomain": "RETAIL_BE",
    "IsPrivateLabel": true,
    "IsBiffe": false,
    "WeightconversionFactor": "0",
    "IsWeightArticle": false,
    "nutriscoreLabel": "C",
    "IsBio": false,
    "CountryOfOrigin": "BELGIË",
    "IsExclusivelySoldInLuxembourg": false,
    "OrderUnit": "P",
    "ShortName": "BONI TOM.GR.BAL.460ML",
    "InSeason": true,
    "IsNew": false,
    "EcoscoreLabel": "C",
    "RecentQuanityOfStockUnits": "1,3",
    "LongName": "BONI soep tomaat groente ball. 460ml",
    "AlcoholVolume": "0",
    "StartSeasonDate": "24/07/2023",
    "FicCode": "I",
    "EcoscoreValue": "59"
  },
  {
    "productId": "564212",
    "technicalArticleNumber": "4204605",
    "commercialArticleNumber": "15882",
    "name": "tomatenpulp met knoflook",
    "brand": "MUTTI",
    "seoBrand": "Mutti",
    "thumbNail": "https://static.colruytgroup.com/images/200x200/nl_be/51/37/asset-1975137.jpg",
    "fullImage": "https://static.colruytgroup.com/images/500x500/nl_be/51/37/asset-1975137.jpg",
    "squareImage": "https://static.colruytgroup.com/images/500x500sq/nl_be/51/37/asset-1975137.jpg",
    "content": "400g",
    "walkRouteSequenceNumber": 8445,
    "price": {
      "basicPrice": 1.49,
      "recommendedQuantity": "2.0",
      "measurementUnitPrice": 3.73,
      "measurementUnit": "K",
      "isRedPrice": false,
      "pricePerUOM": 3.73,
      "activationDate": "23-03-2024",
      "recordSource": "Folder",
      "isPromoActive": "Y",
      "priceChangeCode": "E"
    },
    "isAvailable": true,
    "isPriceAvailable": true,
    "inPromo": true,
    "promotion": [
      {
        "techPromoId": "100989COLR",
        "promotionId": "100989",
        "promotionType": "3",
        "isPersonalized": "N",
        "publicationStartDate": "13-03-2024",
        "publicationEndDate": "26-03-2024"
      }
    ],
    "gtin": [
      "08005110170461",
      "08005110170485",
      "08005110170478"
    ],
    "topCategoryName": "Conserven",
    "topCategoryId": "188",
    "businessDomain": "RETAIL_BE",
    "IsPrivateLabel": false,
    "IsBiffe": false,
    "WeightconversionFactor": "0",
    "IsWeightArticle": false,
    "nutriscoreLabel": "A",
    "IsBio": false,
    "CountryOfOrigin": "ITALIË",
    "IsExclusivelySoldInLuxembourg": false,
    "OrderUnit": "P",
    "ShortName": "MUTT TOM.PULP KNOFL.400",
    "IsNew": false,
    "EcoscoreLabel": "A",
    "RecentQuanityOfStockUnits": "1,2,12",
    "LongName": "MUTTI tomatenpulp met knoflook 400g",
    "FicCode": "E",
    "EcoscoreValue": "100"
  },
  {
    "productId": "94930",
    "technicalArticleNumber": "2849697",
    "commercialArticleNumber": "34161",
    "name": "appelmoes stuk bok",
    "description": "*Appelmoes met\nstukjes appel",
    "brand": "HAK",
    "seoBrand": "Hak",
    "thumbNail": "https://static.colruytgroup.com/images/200x200/std.lang.all/01/60/asset-2900160.jpg",
    "fullImage": "https://static.colruytgroup.com/images/500x500/std.lang.all/01/60/asset-2900160.jpg",
    "squareImage": "https://static.colruytgroup.com/images/500x500sq/std.lang.all/01/60/asset-2900160.jpg",
    "content": "350g",
    "walkRouteSequenceNumber": 16608,
    "price": {
      "basicPrice": 0.976,
      "recommendedQuantity": "1.0",
      "measurementUnitPrice": 2.79,
      "measurementUnit": "K",
      "isRedPrice": false,
      "pricePerUOM": 2.79,
      "activationDate": "23-03-2024",
      "recordSource": "Folder",
      "isPromoActive": "N",
      "priceChangeCode": "E"
    },
    "isAvailable": true,
    "isPriceAvailable": true,
    "inPromo": false,
    "gtin": [
      "05400141033250",
      "08720600605628",
      "08720600605611"
    ],
    "topCategoryName": "Conserven",
    "topCategoryId": "188",
    "businessDomain": "RETAIL_BE",
    "IsPrivateLabel": false,
    "IsBiffe": false,
    "WeightconversionFactor": "0",
    "IsWeightArticle": false,
    "nutriscoreLabel": "A",
    "IsBio": false,
    "CountryOfOrigin": "NEDERLAND",
    "IsExclusivelySoldInLuxembourg": false,
    "OrderUnit": "P",
    "ShortName": "HAK APPELMOES STUK 350G",
    "IsNew": false,
    "EcoscoreLabel": "B",
    "RecentQuanityOfStockUnits": "1,12",
    "LongName": "HAK appelmoes stuk bok 350g",
    "AlcoholVolume": "0",
    "FicCode": "E",
    "EcoscoreValue": "76"
  },
  {
    "productId": "806",
    "technicalArticleNumber": "13489",
    "commercialArticleNumber": "13489",
    "name": "rode uien",
    "description": "Rode uien op azijn.",
    "brand": "BONI",
    "seoBrand": "Boni Selection",
    "thumbNail": "https://static.colruytgroup.com/images/200x200/std.lang.all/78/36/asset-727836.jpg",
    "fullImage": "https://static.colruytgroup.com/images/500x500/std.lang.all/78/36/asset-727836.jpg",
    "squareImage": "https://static.colruytgroup.com/images/500x500sq/std.lang.all/78/36/asset-727836.jpg",
    "content": "660g",
    "walkRouteSequenceNumber": 16382,
    "price": {
      "basicPrice": 3.69,
      "recommendedQuantity": "1.0",
      "measurementUnitPrice": 9.23,
      "measurementUnit": "K",
      "isRedPrice": false,
      "pricePerUOM": 9.23,
      "activationDate": "07-02-2024",
      "recordSource": "Offline",
      "isPromoActive": "N",
      "priceChangeCode": "L"
    },
    "isAvailable": true,
    "isPriceAvailable": true,
    "inPromo": false,
    "gtin": [
      "05400141302226",
      "05400141857719",
      "15400141857716",
      "15400141960676",
      "05400141098860"
    ],
    "topCategoryName": "Kruidenierswaren/Droge voeding",
    "topCategoryId": "233",
    "businessDomain": "RETAIL_BE",
    "IsPrivateLabel": true,
    "IsBiffe": false,
    "WeightconversionFactor": "0",
    "IsWeightArticle": false,
    "nutriscoreLabel": "C",
    "IsBio": false,
    "CountryOfOrigin": "BELGIË",
    "IsExclusivelySoldInLuxembourg": false,
    "OrderUnit": "P",
    "ShortName": "BONI RODE UIEN AMB660G",
    "IsNew": false,
    "EcoscoreLabel": "A",
    "RecentQuanityOfStockUnits": "1",
    "LongName": "BONI rode uien 660g",
    "AlcoholVolume": "0",
    "FicCode": "I",
    "EcoscoreValue": "91"
  },
  {
    "productId": "534330",
    "technicalArticleNumber": "4128912",
    "commercialArticleNumber": "9422",
    "name": "Auberginecrème",
    "brand": "BONI",
    "seoBrand": "Boni Selection",
    "thumbNail": "https://static.colruytgroup.com/images/200x200/std.lang.all/85/20/asset-2508520.jpg",
    "fullImage": "https://static.colruytgroup.com/images/500x500/std.lang.all/85/20/asset-2508520.jpg",
    "squareImage": "https://static.colruytgroup.com/images/500x500sq/std.lang.all/85/20/asset-2508520.jpg",
    "content": "150g",
    "walkRouteSequenceNumber": 7766,
    "price": {
      "basicPrice": 2.29,
      "recommendedQuantity": "1.0",
      "quantityPrice": 2.11,
      "quantityPriceQuantity": "3.0",
      "measurementUnitPrice": 15.27,
      "measurementUnitQuantityPrice": 14.07,
      "measurementUnit": "K",
      "isRedPrice": false,
      "pricePerUOM": 15.27,
      "activationDate": "18-10-2023",
      "isPromoActive": "N",
      "priceChangeCode": "E",
      "quantityPricePerUOM": 14.07,
      "quantityActivationDate": "18-10-2023",
      "quantityPriceChangeCode": "E"
    },
    "isAvailable": true,
    "isPriceAvailable": true,
    "inPromo": false,
    "gtin": [
      "15400141301745",
      "05400141301748",
      "05400141438598"
    ],
    "topCategoryName": "Chips/Borrelhapjes",
    "topCategoryId": "306",
    "businessDomain": "RETAIL_BE",
    "IsPrivateLabel": true,
    "IsBiffe": false,
    "WeightconversionFactor": "0",
    "IsWeightArticle": false,
    "nutriscoreLabel": "C",
    "IsBio": false,
    "CountryOfOrigin": "BELGIË",
    "IsExclusivelySoldInLuxembourg": false,
    "OrderUnit": "P",
    "ShortName": "BONI CREME AUBERGI.150G",
    "InSeason": true,
    "IsNew": false,
    "EcoscoreLabel": "B",
    "RecentQuanityOfStockUnits": "1",
    "LongName": "BONI Auberginecrème 150g",
    "StartSeasonDate": "31/01/2022",
    "FicCode": "I",
    "EcoscoreValue": "79"
  },
  {
    "productId": "873039",
    "technicalArticleNumber": "4727513",
    "commercialArticleNumber": "24281",
    "name": "guacamole",
    "brand": "BONI",
    "seoBrand": "Boni Selection",
    "thumbNail": "https://static.colruytgroup.com/images/200x200/std.lang.all/89/13/asset-3228913.jpg",
    "fullImage": "https://static.colruytgroup.com/images/500x500/std.lang.all/89/13/asset-3228913.jpg",
    "squareImage": "https://static.colruytgroup.com/images/500x500sq/std.lang.all/89/13/asset-3228913.jpg",
    "content": "450g",
    "walkRouteSequenceNumber": 7657,
    "price": {
      "basicPrice": 5.49,
      "recommendedQuantity": "1.0",
      "quantityPrice": 5.27,
      "quantityPriceQuantity": "3.0",
      "measurementUnitPrice": 12.2,
      "measurementUnitQuantityPrice": 11.72,
      "measurementUnit": "K",
      "isRedPrice": false,
      "pricePerUOM": 12.2,
      "activationDate": "23-05-2023",
      "isPromoActive": "N",
      "priceChangeCode": "E",
      "quantityPricePerUOM": 11.72,
      "quantityActivationDate": "23-05-2023",
      "quantityPriceChangeCode": "E"
    },
    "isAvailable": true,
    "isPriceAvailable": true,
    "inPromo": false,
    "gtin": [
      "05400141712681",
      "15400141712688"
    ],
    "topCategoryName": "Chips/Borrelhapjes",
    "topCategoryId": "306",
    "businessDomain": "RETAIL_BE",
    "IsPrivateLabel": true,
    "IsBiffe": false,
    "WeightconversionFactor": "0",
    "IsWeightArticle": false,
    "nutriscoreLabel": "C",
    "IsBio": false,
    "CountryOfOrigin": "MEXICO",
    "IsExclusivelySoldInLuxembourg": false,
    "OrderUnit": "P",
    "ShortName": "BONI GUACAMOLE 450G",
    "IsNew": false,
    "EcoscoreLabel": "C",
    "RecentQuanityOfStockUnits": "1",
    "LongName": "BONI guacamole 450g",
    "FicCode": "I",
    "EcoscoreValue": "53"
  },
  {
    "productId": "709265",
    "technicalArticleNumber": "4448921",
    "commercialArticleNumber": "26344",
    "name": "Tarama",
    "description": "*Dip op basis\nvan viseitjes",
    "brand": "BONI",
    "seoBrand": "Boni Selection",
    "thumbNail": "https://static.colruytgroup.com/images/200x200/std.lang.all/03/47/asset-3340347.jpg",
    "fullImage": "https://static.colruytgroup.com/images/500x500/std.lang.all/03/47/asset-3340347.jpg",
    "squareImage": "https://static.colruytgroup.com/images/500x500sq/std.lang.all/03/47/asset-3340347.jpg",
    "content": "175g",
    "walkRouteSequenceNumber": 6715,
    "price": {
      "basicPrice": 1.99,
      "recommendedQuantity": "1.0",
      "measurementUnitPrice": 11.38,
      "measurementUnit": "K",
      "isRedPrice": false,
      "pricePerUOM": 11.38,
      "activationDate": "07-03-2024",
      "recordSource": "Offline",
      "isPromoActive": "N",
      "priceChangeCode": "E"
    },
    "isAvailable": true,
    "isPriceAvailable": true,
    "inPromo": false,
    "gtin": [
      "05400141461343",
      "15400141461340"
    ],
    "topCategoryName": "Chips/Borrelhapjes",
    "topCategoryId": "306",
    "businessDomain": "RETAIL_BE",
    "IsPrivateLabel": true,
    "IsBiffe": false,
    "WeightconversionFactor": "0",
    "IsWeightArticle": false,
    "nutriscoreLabel": "D",
    "IsBio": false,
    "CountryOfOrigin": "BELGIË",
    "IsExclusivelySoldInLuxembourg": false,
    "OrderUnit": "P",
    "ShortName": "BONI TARAMA 175G",
    "IsNew": false,
    "EcoscoreLabel": "B",
    "RecentQuanityOfStockUnits": "1",
    "LongName": "BONI Tarama 175g",
    "FicCode": "I",
    "EcoscoreValue": "67"
  },
  {
    "productId": "534952",
    "technicalArticleNumber": "4128897",
    "commercialArticleNumber": "9416",
    "name": "HUMMUS PESTO",
    "brand": "BONI",
    "seoBrand": "Boni Selection",
    "thumbNail": "https://static.colruytgroup.com/images/200x200/std.lang.all/85/17/asset-2508517.jpg",
    "fullImage": "https://static.colruytgroup.com/images/500x500/std.lang.all/85/17/asset-2508517.jpg",
    "squareImage": "https://static.colruytgroup.com/images/500x500sq/std.lang.all/85/17/asset-2508517.jpg",
    "content": "150g",
    "walkRouteSequenceNumber": 6783,
    "price": {
      "basicPrice": 2.56,
      "recommendedQuantity": "1.0",
      "quantityPrice": 2.36,
      "quantityPriceQuantity": "3.0",
      "measurementUnitPrice": 17.07,
      "measurementUnitQuantityPrice": 15.74,
      "measurementUnit": "K",
      "isRedPrice": false,
      "pricePerUOM": 17.07,
      "activationDate": "03-01-2024",
      "recordSource": "Offline",
      "isPromoActive": "N",
      "priceChangeCode": "E",
      "quantityPricePerUOM": 15.74,
      "quantityActivationDate": "03-01-2024",
      "quantityPriceChangeCode": "E"
    },
    "isAvailable": true,
    "isPriceAvailable": true,
    "inPromo": false,
    "gtin": [
      "05400141438536",
      "15400141301707",
      "05400141301700"
    ],
    "topCategoryName": "Chips/Borrelhapjes",
    "topCategoryId": "306",
    "businessDomain": "RETAIL_BE",
    "IsPrivateLabel": true,
    "IsBiffe": false,
    "WeightconversionFactor": "0",
    "IsWeightArticle": false,
    "nutriscoreLabel": "C",
    "IsBio": false,
    "CountryOfOrigin": "BELGIË",
    "IsExclusivelySoldInLuxembourg": false,
    "OrderUnit": "P",
    "ShortName": "BONI HUMMUS PESTO 150G",
    "IsNew": false,
    "EcoscoreLabel": "A",
    "RecentQuanityOfStockUnits": "1",
    "LongName": "BONI HUMMUS PESTO 150g",
    "FicCode": "I",
    "EcoscoreValue": "83"
  },
  {
    "productId": "822",
    "technicalArticleNumber": "12876",
    "commercialArticleNumber": "12876",
    "name": "tomaten pulp stukjes sap",
    "description": "*Tomatenstukjes in\ntomatensap\n*Altijd met factuur",
    "brand": "ECONOM",
    "seoBrand": "Econom",
    "thumbNail": "https://static.colruytgroup.com/images/200x200/std.lang.all/17/26/asset-761726.jpg",
    "fullImage": "https://static.colruytgroup.com/images/500x500/std.lang.all/17/26/asset-761726.jpg",
    "squareImage": "https://static.colruytgroup.com/images/500x500sq/std.lang.all/17/26/asset-761726.jpg",
    "content": "2,5kg",
    "walkRouteSequenceNumber": 8444,
    "price": {
      "basicPrice": 3.89,
      "recommendedQuantity": "1.0",
      "measurementUnitPrice": 1.56,
      "measurementUnit": "K",
      "isRedPrice": false,
      "pricePerUOM": 1.56,
      "activationDate": "11-01-2024",
      "isPromoActive": "N",
      "priceChangeCode": "L"
    },
    "isAvailable": true,
    "isPriceAvailable": true,
    "inPromo": false,
    "gtin": [
      "05400141128765",
      "05400141208740",
      "15400141867753"
    ],
    "topCategoryName": "Conserven",
    "topCategoryId": "188",
    "businessDomain": "RETAIL_BE",
    "IsPrivateLabel": true,
    "IsBiffe": false,
    "WeightconversionFactor": "0",
    "IsWeightArticle": false,
    "nutriscoreLabel": "A",
    "IsBio": false,
    "CountryOfOrigin": "ITALIË",
    "IsExclusivelySoldInLuxembourg": false,
    "OrderUnit": "P",
    "ShortName": "HC ECON TOMATENPULP 2K5",
    "InSeason": true,
    "IsNew": false,
    "EcoscoreLabel": "A",
    "RecentQuanityOfStockUnits": "3,1",
    "LongName": "ECONOM tomaten pulp stukjes sap 2,5kg",
    "AlcoholVolume": "0",
    "StartSeasonDate": "26/07/2023",
    "FicCode": "I",
    "EcoscoreValue": "90"
  },
  {
    "productId": "451898",
    "technicalArticleNumber": "4012085",
    "commercialArticleNumber": "4954",
    "name": "tonijn P&L olijfolie",
    "brand": "RIO MARE",
    "seoBrand": "Rio Mare",
    "thumbNail": "https://static.colruytgroup.com/images/200x200/std.lang.all/56/13/asset-1635613.jpg",
    "fullImage": "https://static.colruytgroup.com/images/500x500/std.lang.all/56/13/asset-1635613.jpg",
    "squareImage": "https://static.colruytgroup.com/images/500x500sq/std.lang.all/56/13/asset-1635613.jpg",
    "content": "4x80g",
    "walkRouteSequenceNumber": 16747,
    "price": {
      "basicPrice": 9.42,
      "recommendedQuantity": "2.0",
      "measurementUnitPrice": 29.44,
      "measurementUnit": "K",
      "isRedPrice": false,
      "pricePerUOM": 29.44,
      "activationDate": "28-02-2024",
      "isPromoActive": "N",
      "priceChangeCode": "H"
    },
    "isAvailable": true,
    "isPriceAvailable": true,
    "inPromo": false,
    "gtin": [
      "08004030101203",
      "08004030101210",
      "08004030101227"
    ],
    "topCategoryName": "Conserven",
    "topCategoryId": "188",
    "businessDomain": "RETAIL_BE",
    "IsPrivateLabel": false,
    "IsBiffe": false,
    "WeightconversionFactor": "0",
    "IsWeightArticle": false,
    "nutriscoreLabel": "D",
    "IsBio": false,
    "CountryOfOrigin": "ITALIË",
    "IsExclusivelySoldInLuxembourg": false,
    "OrderUnit": "P",
    "ShortName": "RM TON.P&L OLIJFOL.4X80",
    "IsNew": false,
    "EcoscoreLabel": "C",
    "RecentQuanityOfStockUnits": "1,6",
    "LongName": "RIO MARE tonijn P&L olijfolie 4x80g",
    "FicCode": "E",
    "EcoscoreValue": "55"
  },
  {
    "productId": "790771",
    "technicalArticleNumber": "4597364",
    "commercialArticleNumber": "1577",
    "name": "ananas stukjes op sap",
    "brand": "DEL MONTE",
    "seoBrand": "Del Monte",
    "thumbNail": "https://static.colruytgroup.com/images/200x200/std.lang.all/68/04/asset-2786804.jpg",
    "fullImage": "https://static.colruytgroup.com/images/500x500/std.lang.all/68/04/asset-2786804.jpg",
    "squareImage": "https://static.colruytgroup.com/images/500x500sq/std.lang.all/68/04/asset-2786804.jpg",
    "content": "435g",
    "walkRouteSequenceNumber": 16523,
    "price": {
      "basicPrice": 2.49,
      "recommendedQuantity": "1.0",
      "measurementUnitPrice": 9.58,
      "measurementUnit": "K",
      "isRedPrice": false,
      "pricePerUOM": 9.58,
      "activationDate": "23-03-2023",
      "recordSource": "Offline",
      "isPromoActive": "N",
      "priceChangeCode": "E"
    },
    "isAvailable": true,
    "isPriceAvailable": true,
    "inPromo": false,
    "gtin": [
      "00024000001973",
      "00024000054481"
    ],
    "topCategoryName": "Conserven",
    "topCategoryId": "188",
    "businessDomain": "RETAIL_BE",
    "IsPrivateLabel": false,
    "IsBiffe": false,
    "WeightconversionFactor": "0",
    "IsWeightArticle": false,
    "nutriscoreLabel": "A",
    "IsBio": false,
    "CountryOfOrigin": "KENIA",
    "IsExclusivelySoldInLuxembourg": false,
    "OrderUnit": "P",
    "ShortName": "DELM ANANAS STUK.SAP435",
    "IsNew": false,
    "EcoscoreLabel": "A",
    "RecentQuanityOfStockUnits": "1",
    "LongName": "DEL MONTE ananas stukjes op sap 435g",
    "FicCode": "E",
    "EcoscoreValue": "85"
  },
  {
    "productId": "149733",
    "technicalArticleNumber": "3344884",
    "commercialArticleNumber": "6573",
    "name": "pompoen brik",
    "description": "* Pompoensoep",
    "brand": "LIEBIG DÉLISOUP",
    "seoBrand": "Liebig Délisoup",
    "thumbNail": "https://static.colruytgroup.com/images/200x200/nl_be/25/88/asset-1582588.jpg",
    "fullImage": "https://static.colruytgroup.com/images/500x500/nl_be/25/88/asset-1582588.jpg",
    "squareImage": "https://static.colruytgroup.com/images/500x500sq/nl_be/25/88/asset-1582588.jpg",
    "content": "1L",
    "walkRouteSequenceNumber": 16885,
    "price": {
      "basicPrice": 4.69,
      "recommendedQuantity": "1.0",
      "measurementUnitPrice": 4.69,
      "measurementUnit": "L",
      "isRedPrice": false,
      "pricePerUOM": 4.69,
      "activationDate": "22-03-2024",
      "recordSource": "Offline",
      "isPromoActive": "N",
      "priceChangeCode": "L"
    },
    "isAvailable": true,
    "isPriceAvailable": true,
    "inPromo": false,
    "gtin": [
      "05414972715513",
      "05414972115511"
    ],
    "topCategoryName": "Kruidenierswaren/Droge voeding",
    "topCategoryId": "233",
    "businessDomain": "RETAIL_BE",
    "IsPrivateLabel": false,
    "IsBiffe": false,
    "WeightconversionFactor": "0",
    "IsWeightArticle": false,
    "nutriscoreLabel": "B",
    "IsBio": false,
    "CountryOfOrigin": "FRANKRIJK",
    "IsExclusivelySoldInLuxembourg": false,
    "OrderUnit": "P",
    "ShortName": "LIEBIG DS POMPOENW.1L",
    "IsNew": false,
    "EcoscoreLabel": "B",
    "RecentQuanityOfStockUnits": "1,8",
    "LongName": "LIEBIG DÉLISOUP pompoen brik 1L",
    "AlcoholVolume": "0",
    "FicCode": "E",
    "EcoscoreValue": "77"
  },
  {
    "productId": "4222",
    "technicalArticleNumber": "1009058",
    "commercialArticleNumber": "12220",
    "name": "lychees lichte siroop",
    "description": "*Gepelde lychees\nop lichte siroop",
    "brand": "BONI",
    "seoBrand": "Boni Selection",
    "thumbNail": "https://static.colruytgroup.com/images/200x200/std.lang.all/79/04/asset-3137904.jpg",
    "fullImage": "https://static.colruytgroup.com/images/500x500/std.lang.all/79/04/asset-3137904.jpg",
    "squareImage": "https://static.colruytgroup.com/images/500x500sq/std.lang.all/79/04/asset-3137904.jpg",
    "content": "567g",
    "walkRouteSequenceNumber": 8584,
    "price": {
      "basicPrice": 2.49,
      "recommendedQuantity": "2.0",
      "quantityPrice": 1.9,
      "quantityPriceQuantity": "4.0",
      "measurementUnitPrice": 9.77,
      "measurementUnitQuantityPrice": 7.46,
      "measurementUnit": "K",
      "isRedPrice": false,
      "pricePerUOM": 9.77,
      "activationDate": "20-03-2024",
      "recordSource": "Offline",
      "isPromoActive": "N",
      "priceChangeCode": "E",
      "quantityPricePerUOM": 7.46,
      "quantityActivationDate": "20-03-2024",
      "quantityPriceChangeCode": "E"
    },
    "isAvailable": true,
    "isPriceAvailable": true,
    "inPromo": false,
    "gtin": [
      "05400141422207",
      "05400141271911",
      "05400141271904",
      "05400141169249",
      "05400141168679",
      "15400141271901",
      "05400141441833",
      "15400141441830",
      "25400141441837",
      "05400141058048"
    ],
    "topCategoryName": "Conserven",
    "topCategoryId": "188",
    "businessDomain": "RETAIL_BE",
    "IsPrivateLabel": true,
    "IsBiffe": false,
    "WeightconversionFactor": "0",
    "IsWeightArticle": false,
    "nutriscoreLabel": "C",
    "IsBio": false,
    "CountryOfOrigin": "BELGIË",
    "IsExclusivelySoldInLuxembourg": false,
    "OrderUnit": "P",
    "ShortName": "BONI LYCHEES 567G",
    "IsNew": false,
    "EcoscoreLabel": "A",
    "RecentQuanityOfStockUnits": "2,2,1,1",
    "LongName": "BONI lychees lichte siroop 567g",
    "AlcoholVolume": "0",
    "FicCode": "I",
    "EcoscoreValue": "84"
  },
  {
    "productId": "49696",
    "technicalArticleNumber": "2480564",
    "commercialArticleNumber": "38962",
    "name": "soep Classics tom.moza. brik",
    "description": "*Tomatensoep\n*Soep in brik\n*Klaar voor gebruik\n*Warm gerecht\n*Makkelijk bereiden",
    "brand": "KNORR",
    "seoBrand": "Knorr",
    "thumbNail": "https://static.colruytgroup.com/images/200x200/nl_be/62/23/asset-2796223.jpg",
    "fullImage": "https://static.colruytgroup.com/images/500x500/nl_be/62/23/asset-2796223.jpg",
    "squareImage": "https://static.colruytgroup.com/images/500x500sq/nl_be/62/23/asset-2796223.jpg",
    "content": "1L",
    "walkRouteSequenceNumber": 16952,
    "price": {
      "basicPrice": 3.89,
      "recommendedQuantity": "2.0",
      "measurementUnitPrice": 3.89,
      "measurementUnit": "L",
      "isRedPrice": false,
      "pricePerUOM": 3.89,
      "activationDate": "19-03-2024",
      "recordSource": "Offline",
      "isPromoActive": "N",
      "priceChangeCode": "H"
    },
    "isAvailable": true,
    "isPriceAvailable": true,
    "inPromo": true,
    "promotion": [
      {
        "techPromoId": "100943COLR",
        "promotionId": "100943",
        "promotionType": "3",
        "isPersonalized": "N",
        "publicationStartDate": "13-03-2024",
        "publicationEndDate": "26-03-2024"
      }
    ],
    "gtin": [
      "05400141001020",
      "08712566699599",
      "08712566208050"
    ],
    "topCategoryName": "Kruidenierswaren/Droge voeding",
    "topCategoryId": "233",
    "businessDomain": "RETAIL_BE",
    "IsPrivateLabel": false,
    "IsBiffe": false,
    "WeightconversionFactor": "0",
    "IsWeightArticle": false,
    "nutriscoreLabel": "C",
    "IsBio": false,
    "CountryOfOrigin": "FRANKRIJK",
    "IsExclusivelySoldInLuxembourg": false,
    "OrderUnit": "P",
    "ShortName": "KNOR KLAS TOM-MOZA 1L.",
    "IsNew": false,
    "EcoscoreLabel": "B",
    "RecentQuanityOfStockUnits": "1,2,8",
    "LongName": "KNORR soep Classics tom.moza. brik 1L",
    "AlcoholVolume": "0",
    "FicCode": "E",
    "EcoscoreValue": "74"
  },
  {
    "productId": "572224",
    "technicalArticleNumber": "4218516",
    "commercialArticleNumber": "17255",
    "name": "Hummus Griekse topping",
    "thumbNail": "https://static.colruytgroup.com/images/200x200/std.lang.all/01/04/asset-2180104.jpg",
    "fullImage": "https://static.colruytgroup.com/images/500x500/std.lang.all/01/04/asset-2180104.jpg",
    "squareImage": "https://static.colruytgroup.com/images/500x500sq/std.lang.all/01/04/asset-2180104.jpg",
    "content": "200g",
    "walkRouteSequenceNumber": 7774,
    "price": {
      "basicPrice": 2.79,
      "recommendedQuantity": "1.0",
      "quantityPrice": 2.57,
      "quantityPriceQuantity": "3.0",
      "measurementUnitPrice": 13.95,
      "measurementUnitQuantityPrice": 12.85,
      "measurementUnit": "K",
      "isRedPrice": false,
      "pricePerUOM": 13.95,
      "activationDate": "07-03-2023",
      "isPromoActive": "N",
      "priceChangeCode": "H",
      "quantityPricePerUOM": 12.85,
      "quantityActivationDate": "07-03-2023",
      "quantityPriceChangeCode": "H"
    },
    "isAvailable": true,
    "isPriceAvailable": true,
    "inPromo": false,
    "gtin": [
      "15425020166574",
      "05425020166577"
    ],
    "topCategoryName": "Chips/Borrelhapjes",
    "topCategoryId": "306",
    "businessDomain": "RETAIL_BE",
    "IsPrivateLabel": false,
    "IsBiffe": false,
    "WeightconversionFactor": "0",
    "IsWeightArticle": false,
    "nutriscoreLabel": "C",
    "IsBio": false,
    "CountryOfOrigin": "BELGIË",
    "IsExclusivelySoldInLuxembourg": false,
    "OrderUnit": "P",
    "ShortName": "HUM.GRIEKSE TOPPING200G",
    "IsNew": false,
    "EcoscoreLabel": "B",
    "RecentQuanityOfStockUnits": "1",
    "LongName": "Hummus Griekse topping 200g",
    "FicCode": "E",
    "EcoscoreValue": "72"
  },
  {
    "productId": "866922",
    "technicalArticleNumber": "4719596",
    "commercialArticleNumber": "10343",
    "name": "Hummus Rode Biet Bio",
    "brand": "BONI BIO",
    "seoBrand": "Boni Selection Bio",
    "thumbNail": "https://static.colruytgroup.com/images/200x200/std.lang.all/21/92/asset-3212192.jpg",
    "fullImage": "https://static.colruytgroup.com/images/500x500/std.lang.all/21/92/asset-3212192.jpg",
    "squareImage": "https://static.colruytgroup.com/images/500x500sq/std.lang.all/21/92/asset-3212192.jpg",
    "content": "200g",
    "walkRouteSequenceNumber": 7660,
    "price": {
      "basicPrice": 2.69,
      "recommendedQuantity": "1.0",
      "quantityPrice": 2.47,
      "quantityPriceQuantity": "3.0",
      "measurementUnitPrice": 13.45,
      "measurementUnitQuantityPrice": 12.35,
      "measurementUnit": "K",
      "isRedPrice": false,
      "pricePerUOM": 13.45,
      "activationDate": "13-12-2023",
      "isPromoActive": "N",
      "priceChangeCode": "E",
      "quantityPricePerUOM": 12.35,
      "quantityActivationDate": "13-12-2023",
      "quantityPriceChangeCode": "E"
    },
    "isAvailable": true,
    "isPriceAvailable": true,
    "inPromo": false,
    "gtin": [
      "05400141502312",
      "15400141502319"
    ],
    "topCategoryName": "Chips/Borrelhapjes",
    "topCategoryId": "306",
    "businessDomain": "RETAIL_BE",
    "IsPrivateLabel": true,
    "IsBiffe": false,
    "WeightconversionFactor": "0",
    "IsWeightArticle": false,
    "nutriscoreLabel": "C",
    "IsBio": true,
    "CountryOfOrigin": "BELGIË",
    "IsExclusivelySoldInLuxembourg": false,
    "OrderUnit": "P",
    "ShortName": "BONI HUM.R.BIET BIO200G",
    "IsNew": false,
    "EcoscoreLabel": "B",
    "RecentQuanityOfStockUnits": "1",
    "LongName": "BONI BIO Hummus Rode Biet Bio 200g",
    "FicCode": "I",
    "EcoscoreValue": "72"
  },
  {
    "productId": "863503",
    "technicalArticleNumber": "4714915",
    "commercialArticleNumber": "31923",
    "name": "mango hummus",
    "brand": "BONI",
    "seoBrand": "Boni Selection",
    "thumbNail": "https://static.colruytgroup.com/images/200x200/std.lang.all/75/85/asset-3207585.jpg",
    "fullImage": "https://static.colruytgroup.com/images/500x500/std.lang.all/75/85/asset-3207585.jpg",
    "squareImage": "https://static.colruytgroup.com/images/500x500sq/std.lang.all/75/85/asset-3207585.jpg",
    "content": "175g",
    "walkRouteSequenceNumber": 7658,
    "price": {
      "basicPrice": 2.5,
      "recommendedQuantity": "1.0",
      "quantityPrice": 2.3,
      "quantityPriceQuantity": "3.0",
      "measurementUnitPrice": 14.29,
      "measurementUnitQuantityPrice": 13.15,
      "measurementUnit": "K",
      "isRedPrice": false,
      "pricePerUOM": 14.29,
      "activationDate": "13-02-2024",
      "isPromoActive": "Y",
      "priceChangeCode": "E",
      "quantityPricePerUOM": 13.15,
      "quantityActivationDate": "13-02-2024",
      "quantityPriceChangeCode": "E"
    },
    "isAvailable": true,
    "isPriceAvailable": true,
    "inPromo": false,
    "gtin": [
      "05400141443691",
      "45400141453322"
    ],
    "topCategoryName": "Chips/Borrelhapjes",
    "topCategoryId": "306",
    "businessDomain": "RETAIL_BE",
    "IsPrivateLabel": true,
    "IsBiffe": false,
    "WeightconversionFactor": "0",
    "IsWeightArticle": false,
    "nutriscoreLabel": "C",
    "IsBio": false,
    "CountryOfOrigin": "BELGIË",
    "IsExclusivelySoldInLuxembourg": false,
    "OrderUnit": "P",
    "ShortName": "BONI MANGO HUMMUS 175G",
    "IsNew": false,
    "EcoscoreLabel": "B",
    "RecentQuanityOfStockUnits": "1",
    "LongName": "BONI mango hummus 175g",
    "FicCode": "I",
    "EcoscoreValue": "72"
  },
  {
    "productId": "709",
    "technicalArticleNumber": "10530",
    "commercialArticleNumber": "10530",
    "name": "hal.peer lichte sir. blik",
    "description": "*Halve peren op\nlichte siroop",
    "brand": "DEL MONTE",
    "seoBrand": "Del Monte",
    "thumbNail": "https://static.colruytgroup.com/images/200x200/std.lang.all/95/37/asset-2409537.jpg",
    "fullImage": "https://static.colruytgroup.com/images/500x500/std.lang.all/95/37/asset-2409537.jpg",
    "squareImage": "https://static.colruytgroup.com/images/500x500sq/std.lang.all/95/37/asset-2409537.jpg",
    "content": "825g",
    "walkRouteSequenceNumber": 16669,
    "price": {
      "basicPrice": 5.99,
      "recommendedQuantity": "3.0",
      "measurementUnitPrice": 13.03,
      "measurementUnit": "K",
      "isRedPrice": false,
      "pricePerUOM": 13.03,
      "activationDate": "09-03-2024",
      "isPromoActive": "N",
      "priceChangeCode": "H"
    },
    "isAvailable": true,
    "isPriceAvailable": true,
    "inPromo": false,
    "gtin": [
      "00024000058885",
      "00000025104301",
      "00024000010227",
      "00024000159438",
      "05400141105308"
    ],
    "topCategoryName": "Conserven",
    "topCategoryId": "188",
    "businessDomain": "RETAIL_BE",
    "IsPrivateLabel": false,
    "IsBiffe": false,
    "WeightconversionFactor": "0",
    "IsWeightArticle": false,
    "nutriscoreLabel": "A",
    "IsBio": false,
    "CountryOfOrigin": "BELGIË",
    "IsExclusivelySoldInLuxembourg": false,
    "OrderUnit": "P",
    "ShortName": "DELM PEREN SIROOP 825G",
    "IsNew": false,
    "EcoscoreLabel": "A",
    "RecentQuanityOfStockUnits": "3,1",
    "LongName": "DEL MONTE hal.peer lichte sir. blik 825g",
    "AlcoholVolume": "0",
    "FicCode": "E",
    "EcoscoreValue": "91"
  },
  {
    "productId": "720",
    "technicalArticleNumber": "11015",
    "commercialArticleNumber": "11015",
    "name": "Doperwten Bokaal",
    "description": "*Doperwten",
    "brand": "BONDUELLE",
    "seoBrand": "Bonduelle",
    "thumbNail": "https://static.colruytgroup.com/images/200x200/std.lang.all/78/97/asset-2337897.jpg",
    "fullImage": "https://static.colruytgroup.com/images/500x500/std.lang.all/78/97/asset-2337897.jpg",
    "squareImage": "https://static.colruytgroup.com/images/500x500sq/std.lang.all/78/97/asset-2337897.jpg",
    "content": "330g",
    "walkRouteSequenceNumber": 16371,
    "price": {
      "basicPrice": 1.49,
      "recommendedQuantity": "3.0",
      "measurementUnitPrice": 6.21,
      "measurementUnit": "K",
      "isRedPrice": false,
      "pricePerUOM": 6.21,
      "activationDate": "20-02-2024",
      "isPromoActive": "N",
      "priceChangeCode": "E"
    },
    "isAvailable": true,
    "isPriceAvailable": true,
    "inPromo": false,
    "gtin": [
      "03083680613613",
      "03083680615747",
      "03083680617321"
    ],
    "topCategoryName": "Conserven",
    "topCategoryId": "188",
    "businessDomain": "RETAIL_BE",
    "IsPrivateLabel": false,
    "IsBiffe": false,
    "WeightconversionFactor": "0",
    "IsWeightArticle": false,
    "IsBio": false,
    "CountryOfOrigin": "BELGIË",
    "IsExclusivelySoldInLuxembourg": false,
    "OrderUnit": "P",
    "ShortName": "BOND ERWTEN GLAS 330G",
    "IsNew": false,
    "RecentQuanityOfStockUnits": "1,3",
    "LongName": "BONDUELLE Doperwten Bokaal 330g",
    "AlcoholVolume": "0",
    "FicCode": "E"
  },
  {
    "productId": "854316",
    "technicalArticleNumber": "4703257",
    "commercialArticleNumber": "31240",
    "name": "pasta kit spaghetti pomodoro",
    "brand": "BONI",
    "seoBrand": "Boni Selection",
    "thumbNail": "https://static.colruytgroup.com/images/200x200/std.lang.all/24/77/asset-3252477.jpg",
    "fullImage": "https://static.colruytgroup.com/images/500x500/std.lang.all/24/77/asset-3252477.jpg",
    "squareImage": "https://static.colruytgroup.com/images/500x500sq/std.lang.all/24/77/asset-3252477.jpg",
    "content": "397g",
    "walkRouteSequenceNumber": 16758,
    "price": {
      "basicPrice": 2.29,
      "recommendedQuantity": "1.0",
      "measurementUnitPrice": 5.77,
      "measurementUnit": "K",
      "isRedPrice": false,
      "pricePerUOM": 5.77,
      "activationDate": "21-11-2023",
      "isPromoActive": "N",
      "priceChangeCode": "H"
    },
    "isAvailable": true,
    "isPriceAvailable": true,
    "inPromo": false,
    "gtin": [
      "15400141704690",
      "05400141704693"
    ],
    "topCategoryName": "Conserven",
    "topCategoryId": "188",
    "businessDomain": "RETAIL_BE",
    "IsPrivateLabel": true,
    "IsBiffe": false,
    "WeightconversionFactor": "0",
    "IsWeightArticle": false,
    "nutriscoreLabel": "B",
    "IsBio": false,
    "CountryOfOrigin": "ITALIË",
    "IsExclusivelySoldInLuxembourg": false,
    "OrderUnit": "P",
    "ShortName": "BONI PASTAKIT POMOD.397",
    "IsNew": false,
    "EcoscoreLabel": "C",
    "RecentQuanityOfStockUnits": "1,20",
    "LongName": "BONI pasta kit spaghetti pomodoro 397g",
    "FicCode": "I",
    "EcoscoreValue": "55"
  },
  {
    "productId": "868275",
    "technicalArticleNumber": "4721265",
    "commercialArticleNumber": "14663",
    "name": "Tomato Frito Creat.ui&sjalot",
    "description": "*Tomatensaus met\ngekarameliseerde uien\n& sjalotten",
    "brand": "HEINZ",
    "seoBrand": "Heinz",
    "thumbNail": "https://static.colruytgroup.com/images/200x200/std.lang.all/81/12/asset-3378112.jpg",
    "fullImage": "https://static.colruytgroup.com/images/500x500/std.lang.all/81/12/asset-3378112.jpg",
    "squareImage": "https://static.colruytgroup.com/images/500x500sq/std.lang.all/81/12/asset-3378112.jpg",
    "content": "495g",
    "walkRouteSequenceNumber": 8460,
    "price": {
      "basicPrice": 3.65,
      "recommendedQuantity": "1.0",
      "measurementUnitPrice": 7.38,
      "measurementUnit": "K",
      "isRedPrice": false,
      "pricePerUOM": 7.38,
      "activationDate": "29-02-2024",
      "recordSource": "Offline",
      "isPromoActive": "N",
      "priceChangeCode": "E"
    },
    "isAvailable": true,
    "isPriceAvailable": true,
    "inPromo": false,
    "gtin": [
      "08410066135424",
      "08410066135417"
    ],
    "topCategoryName": "Conserven",
    "topCategoryId": "188",
    "businessDomain": "RETAIL_BE",
    "IsPrivateLabel": false,
    "IsBiffe": false,
    "WeightconversionFactor": "0",
    "IsWeightArticle": false,
    "nutriscoreLabel": "B",
    "IsBio": false,
    "CountryOfOrigin": "EUROPA",
    "IsExclusivelySoldInLuxembourg": false,
    "OrderUnit": "P",
    "ShortName": "HEIN TOM.FRIT.UI&SJA495",
    "IsNew": false,
    "EcoscoreLabel": "B",
    "RecentQuanityOfStockUnits": "1,6",
    "LongName": "HEINZ Tomato Frito Creat.ui&sjalot 495g",
    "AlcoholVolume": "0",
    "FicCode": "E",
    "EcoscoreValue": "77"
  },
  {
    "productId": "865590",
    "technicalArticleNumber": "4717780",
    "commercialArticleNumber": "3995",
    "name": "Cheritos in pesto",
    "brand": "BONI",
    "seoBrand": "Boni Selection",
    "thumbNail": "https://static.colruytgroup.com/images/200x200/std.lang.all/89/11/asset-3228911.jpg",
    "fullImage": "https://static.colruytgroup.com/images/500x500/std.lang.all/89/11/asset-3228911.jpg",
    "squareImage": "https://static.colruytgroup.com/images/500x500sq/std.lang.all/89/11/asset-3228911.jpg",
    "content": "150g",
    "walkRouteSequenceNumber": 7666,
    "price": {
      "basicPrice": 2.99,
      "recommendedQuantity": "1.0",
      "quantityPrice": 2.75,
      "quantityPriceQuantity": "3.0",
      "measurementUnitPrice": 19.94,
      "measurementUnitQuantityPrice": 18.34,
      "measurementUnit": "K",
      "isRedPrice": false,
      "pricePerUOM": 19.94,
      "activationDate": "27-04-2023",
      "isPromoActive": "N",
      "priceChangeCode": "E",
      "quantityPricePerUOM": 18.34,
      "quantityActivationDate": "27-04-2023",
      "quantityPriceChangeCode": "E"
    },
    "isAvailable": true,
    "isPriceAvailable": true,
    "inPromo": false,
    "gtin": [
      "15400141453321",
      "05400141443684"
    ],
    "topCategoryName": "Chips/Borrelhapjes",
    "topCategoryId": "306",
    "businessDomain": "RETAIL_BE",
    "IsPrivateLabel": true,
    "IsBiffe": false,
    "WeightconversionFactor": "0",
    "IsWeightArticle": false,
    "nutriscoreLabel": "C",
    "IsBio": false,
    "CountryOfOrigin": "BELGIË",
    "IsExclusivelySoldInLuxembourg": false,
    "OrderUnit": "P",
    "ShortName": "BONI CHERITOS PESTO150G",
    "IsNew": false,
    "EcoscoreLabel": "E",
    "RecentQuanityOfStockUnits": "1",
    "LongName": "BONI Cheritos in pesto 150g",
    "FicCode": "I",
    "EcoscoreValue": "0"
  },
  {
    "productId": "14313",
    "technicalArticleNumber": "1608102",
    "commercialArticleNumber": "11530",
    "name": "perzikschijven light blik",
    "description": "*Perzikschijfjes met\nzoetstoffen i.p.v.\nsuiker",
    "brand": "BONI",
    "seoBrand": "Boni Selection",
    "thumbNail": "https://static.colruytgroup.com/images/200x200/std.lang.all/04/40/asset-3140440.jpg",
    "fullImage": "https://static.colruytgroup.com/images/500x500/std.lang.all/04/40/asset-3140440.jpg",
    "squareImage": "https://static.colruytgroup.com/images/500x500sq/std.lang.all/04/40/asset-3140440.jpg",
    "content": "215g",
    "walkRouteSequenceNumber": 16620,
    "price": {
      "basicPrice": 0.99,
      "recommendedQuantity": "3.0",
      "measurementUnitPrice": 7.92,
      "measurementUnit": "K",
      "isRedPrice": false,
      "pricePerUOM": 7.92,
      "activationDate": "19-12-2023",
      "isPromoActive": "N",
      "priceChangeCode": "L"
    },
    "isAvailable": true,
    "isPriceAvailable": true,
    "inPromo": false,
    "gtin": [
      "15400141458340",
      "05400141458343",
      "25400141268588",
      "05400141268584",
      "05400141427226",
      "15400141781806",
      "05400141168723",
      "25400141458347",
      "15400141985365"
    ],
    "topCategoryName": "Conserven",
    "topCategoryId": "188",
    "businessDomain": "RETAIL_BE",
    "IsPrivateLabel": true,
    "IsBiffe": false,
    "WeightconversionFactor": "0",
    "IsWeightArticle": false,
    "nutriscoreLabel": "A",
    "IsBio": false,
    "CountryOfOrigin": "CHINA (VOLKSREBUPLIEK)",
    "IsExclusivelySoldInLuxembourg": false,
    "OrderUnit": "P",
    "ShortName": "BONI PERZIKSCH LI215G",
    "IsNew": false,
    "EcoscoreLabel": "A",
    "RecentQuanityOfStockUnits": "3,1,3",
    "LongName": "BONI perzikschijven light blik 215g",
    "AlcoholVolume": "0",
    "FicCode": "I",
    "EcoscoreValue": "81"
  },
  {
    "productId": "863494",
    "technicalArticleNumber": "4714906",
    "commercialArticleNumber": "31921",
    "name": "Hummus met Muhammara",
    "brand": "BONI",
    "seoBrand": "Boni Selection",
    "thumbNail": "https://static.colruytgroup.com/images/200x200/std.lang.all/24/95/asset-3202495.jpg",
    "fullImage": "https://static.colruytgroup.com/images/500x500/std.lang.all/24/95/asset-3202495.jpg",
    "squareImage": "https://static.colruytgroup.com/images/500x500sq/std.lang.all/24/95/asset-3202495.jpg",
    "content": "175g",
    "walkRouteSequenceNumber": 7769,
    "price": {
      "basicPrice": 2.5,
      "recommendedQuantity": "1.0",
      "quantityPrice": 2.3,
      "quantityPriceQuantity": "3.0",
      "measurementUnitPrice": 14.29,
      "measurementUnitQuantityPrice": 13.15,
      "measurementUnit": "K",
      "isRedPrice": false,
      "pricePerUOM": 14.29,
      "activationDate": "13-03-2024",
      "isPromoActive": "N",
      "priceChangeCode": "E",
      "quantityPricePerUOM": 13.15,
      "quantityActivationDate": "13-03-2024",
      "quantityPriceChangeCode": "E"
    },
    "isAvailable": true,
    "isPriceAvailable": true,
    "inPromo": false,
    "gtin": [
      "05400141443677",
      "25400141453328"
    ],
    "topCategoryName": "Chips/Borrelhapjes",
    "topCategoryId": "306",
    "businessDomain": "RETAIL_BE",
    "IsPrivateLabel": true,
    "IsBiffe": false,
    "WeightconversionFactor": "0",
    "IsWeightArticle": false,
    "nutriscoreLabel": "C",
    "IsBio": false,
    "CountryOfOrigin": "BELGIË",
    "IsExclusivelySoldInLuxembourg": false,
    "OrderUnit": "P",
    "ShortName": "BONI HUMMUS MUHAMM.175G",
    "IsNew": false,
    "EcoscoreLabel": "B",
    "RecentQuanityOfStockUnits": "1,6",
    "LongName": "BONI Hummus met Muhammara 175g",
    "FicCode": "I",
    "EcoscoreValue": "72"
  },
  {
    "productId": "863492",
    "technicalArticleNumber": "4714896",
    "commercialArticleNumber": "31918",
    "name": "Tomaat mozzarella dip",
    "brand": "BONI",
    "seoBrand": "Boni Selection",
    "thumbNail": "https://static.colruytgroup.com/images/200x200/std.lang.all/42/59/asset-3424259.jpg",
    "fullImage": "https://static.colruytgroup.com/images/500x500/std.lang.all/42/59/asset-3424259.jpg",
    "squareImage": "https://static.colruytgroup.com/images/500x500sq/std.lang.all/42/59/asset-3424259.jpg",
    "content": "175g",
    "walkRouteSequenceNumber": 6789,
    "price": {
      "basicPrice": 2.5,
      "recommendedQuantity": "1.0",
      "quantityPrice": 2.4,
      "quantityPriceQuantity": "3.0",
      "measurementUnitPrice": 14.29,
      "measurementUnitQuantityPrice": 13.72,
      "measurementUnit": "K",
      "isRedPrice": false,
      "pricePerUOM": 14.29,
      "activationDate": "24-03-2023",
      "isPromoActive": "N",
      "priceChangeCode": "E",
      "quantityPricePerUOM": 13.72,
      "quantityActivationDate": "24-03-2023",
      "quantityPriceChangeCode": "E"
    },
    "isAvailable": true,
    "isPriceAvailable": true,
    "inPromo": false,
    "gtin": [
      "35400141453325",
      "05400141443660"
    ],
    "topCategoryName": "Chips/Borrelhapjes",
    "topCategoryId": "306",
    "businessDomain": "RETAIL_BE",
    "IsPrivateLabel": true,
    "IsBiffe": false,
    "WeightconversionFactor": "0",
    "IsWeightArticle": false,
    "nutriscoreLabel": "E",
    "IsBio": false,
    "CountryOfOrigin": "BELGIË",
    "IsExclusivelySoldInLuxembourg": false,
    "OrderUnit": "P",
    "ShortName": "BONI TOMA.MOZZ.DIP 175G",
    "IsNew": false,
    "EcoscoreLabel": "C",
    "RecentQuanityOfStockUnits": "1",
    "LongName": "BONI Tomaat mozzarella dip 175g",
    "FicCode": "I",
    "EcoscoreValue": "43"
  },
  {
    "productId": "101838",
    "technicalArticleNumber": "3104153",
    "commercialArticleNumber": "43693",
    "name": "thai brik",
    "description": "*Thaïse soep",
    "brand": "LIEBIG DÉLISOUP",
    "seoBrand": "Liebig Délisoup",
    "thumbNail": "https://static.colruytgroup.com/images/200x200/nl_be/35/81/asset-3353581.jpg",
    "fullImage": "https://static.colruytgroup.com/images/500x500/nl_be/35/81/asset-3353581.jpg",
    "squareImage": "https://static.colruytgroup.com/images/500x500sq/nl_be/35/81/asset-3353581.jpg",
    "content": "1L",
    "walkRouteSequenceNumber": 16932,
    "price": {
      "basicPrice": 5.39,
      "recommendedQuantity": "1.0",
      "measurementUnitPrice": 5.39,
      "measurementUnit": "L",
      "isRedPrice": false,
      "pricePerUOM": 5.39,
      "activationDate": "13-03-2024",
      "recordSource": "Offline",
      "isPromoActive": "N",
      "priceChangeCode": "E"
    },
    "isAvailable": true,
    "isPriceAvailable": true,
    "inPromo": false,
    "gtin": [
      "05414972709512",
      "05414972109510"
    ],
    "topCategoryName": "Kruidenierswaren/Droge voeding",
    "topCategoryId": "233",
    "businessDomain": "RETAIL_BE",
    "IsPrivateLabel": false,
    "IsBiffe": false,
    "WeightconversionFactor": "0",
    "IsWeightArticle": false,
    "nutriscoreLabel": "B",
    "IsBio": false,
    "CountryOfOrigin": "FRANKRIJK",
    "IsExclusivelySoldInLuxembourg": false,
    "OrderUnit": "P",
    "ShortName": "LIEBIG DS THAISE SOEP1L",
    "IsNew": false,
    "EcoscoreLabel": "B",
    "RecentQuanityOfStockUnits": "1",
    "LongName": "LIEBIG DÉLISOUP thai brik 1L",
    "AlcoholVolume": "0",
    "FicCode": "E",
    "EcoscoreValue": "78"
  },
  {
    "productId": "13033",
    "technicalArticleNumber": "1239803",
    "commercialArticleNumber": "11875",
    "name": "witte bonen bokaal",
    "description": "*Biologische witte\nbonen",
    "brand": "BONI BIO",
    "seoBrand": "Boni Selection Bio",
    "thumbNail": "https://static.colruytgroup.com/images/200x200/std.lang.all/59/51/asset-3325951.jpg",
    "fullImage": "https://static.colruytgroup.com/images/500x500/std.lang.all/59/51/asset-3325951.jpg",
    "squareImage": "https://static.colruytgroup.com/images/500x500sq/std.lang.all/59/51/asset-3325951.jpg",
    "content": "340g",
    "walkRouteSequenceNumber": 16473,
    "price": {
      "basicPrice": 1.45,
      "recommendedQuantity": "1.0",
      "measurementUnitPrice": 5.28,
      "measurementUnit": "K",
      "isRedPrice": false,
      "pricePerUOM": 5.28,
      "activationDate": "25-11-2023",
      "isPromoActive": "N",
      "priceChangeCode": "E"
    },
    "isAvailable": true,
    "isPriceAvailable": true,
    "inPromo": false,
    "gtin": [
      "05400141711875",
      "05400141118858",
      "05400141157833",
      "05400141367461"
    ],
    "topCategoryName": "Conserven",
    "topCategoryId": "188",
    "businessDomain": "RETAIL_BE",
    "IsPrivateLabel": true,
    "IsBiffe": false,
    "WeightconversionFactor": "0",
    "IsWeightArticle": false,
    "nutriscoreLabel": "A",
    "IsBio": true,
    "CountryOfOrigin": "BELGIË",
    "IsExclusivelySoldInLuxembourg": false,
    "OrderUnit": "P",
    "ShortName": "UB BS BIO WITTE BON.340",
    "IsNew": false,
    "EcoscoreLabel": "A",
    "RecentQuanityOfStockUnits": "1",
    "LongName": "BONI BIO witte bonen bokaal 340g",
    "AlcoholVolume": "0",
    "FicCode": "I",
    "EcoscoreValue": "100"
  },
  {
    "productId": "869446",
    "technicalArticleNumber": "4722780",
    "commercialArticleNumber": "18203",
    "name": "spaghetti formaggio 3P",
    "brand": "MIRACOLI",
    "seoBrand": "Miracoli",
    "thumbNail": "https://static.colruytgroup.com/images/200x200/std.lang.all/60/99/asset-3216099.jpg",
    "fullImage": "https://static.colruytgroup.com/images/500x500/std.lang.all/60/99/asset-3216099.jpg",
    "squareImage": "https://static.colruytgroup.com/images/500x500sq/std.lang.all/60/99/asset-3216099.jpg",
    "content": "311,4g",
    "walkRouteSequenceNumber": 16796,
    "price": {
      "basicPrice": 3.99,
      "recommendedQuantity": "2.0",
      "measurementUnitPrice": 12.83,
      "measurementUnit": "K",
      "isRedPrice": false,
      "pricePerUOM": 12.83,
      "activationDate": "02-02-2024",
      "recordSource": "Offline",
      "isPromoActive": "N",
      "priceChangeCode": "E"
    },
    "isAvailable": true,
    "isPriceAvailable": true,
    "inPromo": false,
    "gtin": [
      "04002359018602",
      "05400141910858",
      "04002359018701"
    ],
    "topCategoryName": "Conserven",
    "topCategoryId": "188",
    "businessDomain": "RETAIL_BE",
    "IsPrivateLabel": false,
    "IsBiffe": false,
    "WeightconversionFactor": "0",
    "IsWeightArticle": false,
    "IsBio": false,
    "CountryOfOrigin": "ITALIË",
    "IsExclusivelySoldInLuxembourg": false,
    "OrderUnit": "P",
    "ShortName": "MIRA KIT SPAG.FORMAG.3P",
    "IsNew": false,
    "RecentQuanityOfStockUnits": "2,1",
    "LongName": "MIRACOLI spaghetti formaggio 3P 311,4g",
    "FicCode": "E"
  },
  {
    "productId": "49697",
    "technicalArticleNumber": "2480565",
    "commercialArticleNumber": "38965",
    "name": "soep Finesse asperge crème",
    "description": "*Droge soep\n*Gebruiksklaar\n*Makkelijk bereiden\n*Warm gerecht\n*In een zakje",
    "brand": "KNORR",
    "seoBrand": "Knorr",
    "thumbNail": "https://static.colruytgroup.com/images/200x200/std.lang.all/97/45/asset-3139745.jpg",
    "fullImage": "https://static.colruytgroup.com/images/500x500/std.lang.all/97/45/asset-3139745.jpg",
    "squareImage": "https://static.colruytgroup.com/images/500x500sq/std.lang.all/97/45/asset-3139745.jpg",
    "content": "73g",
    "walkRouteSequenceNumber": 16844,
    "price": {
      "basicPrice": 1.35,
      "recommendedQuantity": "4.0",
      "measurementUnitPrice": 18.5,
      "measurementUnit": "K",
      "isRedPrice": false,
      "pricePerUOM": 18.5,
      "activationDate": "13-03-2024",
      "recordSource": "Folder",
      "isPromoActive": "N",
      "priceChangeCode": "H"
    },
    "isAvailable": true,
    "isPriceAvailable": true,
    "inPromo": true,
    "promotion": [
      {
        "techPromoId": "100943COLR",
        "promotionId": "100943",
        "promotionType": "3",
        "isPersonalized": "N",
        "publicationStartDate": "13-03-2024",
        "publicationEndDate": "26-03-2024"
      }
    ],
    "gtin": [
      "05400141001259",
      "08718114855738",
      "08711200325498"
    ],
    "topCategoryName": "Kruidenierswaren/Droge voeding",
    "topCategoryId": "233",
    "businessDomain": "RETAIL_BE",
    "IsPrivateLabel": false,
    "IsBiffe": false,
    "WeightconversionFactor": "0",
    "IsWeightArticle": false,
    "nutriscoreLabel": "C",
    "IsBio": false,
    "CountryOfOrigin": "FRANKRIJK",
    "IsExclusivelySoldInLuxembourg": false,
    "OrderUnit": "P",
    "ShortName": "KN FIN ASPERG CREME 73G",
    "IsNew": false,
    "EcoscoreLabel": "B",
    "RecentQuanityOfStockUnits": "20,1,4",
    "LongName": "KNORR soep Finesse asperge crème 73g",
    "AlcoholVolume": "0",
    "FicCode": "E",
    "EcoscoreValue": "65"
  },
  {
    "productId": "832430",
    "technicalArticleNumber": "4672683",
    "commercialArticleNumber": "30227",
    "name": "rabarbercompote",
    "brand": "MATERNE",
    "seoBrand": "Materne",
    "thumbNail": "https://static.colruytgroup.com/images/200x200/nl_be/33/47/asset-3423347.jpg",
    "fullImage": "https://static.colruytgroup.com/images/500x500/nl_be/33/47/asset-3423347.jpg",
    "squareImage": "https://static.colruytgroup.com/images/500x500sq/nl_be/33/47/asset-3423347.jpg",
    "content": "375g",
    "walkRouteSequenceNumber": 16609,
    "price": {
      "basicPrice": 3.29,
      "recommendedQuantity": "1.0",
      "measurementUnitPrice": 8.78,
      "measurementUnit": "K",
      "isRedPrice": false,
      "pricePerUOM": 8.78,
      "activationDate": "17-02-2024",
      "recordSource": "Offline",
      "isPromoActive": "N",
      "priceChangeCode": "E"
    },
    "isAvailable": true,
    "isPriceAvailable": true,
    "inPromo": false,
    "gtin": [
      "05410046020378",
      "05410046804077"
    ],
    "topCategoryName": "Conserven",
    "topCategoryId": "188",
    "businessDomain": "RETAIL_BE",
    "IsPrivateLabel": false,
    "IsBiffe": false,
    "WeightconversionFactor": "0",
    "IsWeightArticle": false,
    "nutriscoreLabel": "B",
    "IsBio": false,
    "CountryOfOrigin": "BELGIË",
    "IsExclusivelySoldInLuxembourg": false,
    "OrderUnit": "P",
    "ShortName": "MATE RABARBERCOMP.375G",
    "IsNew": false,
    "RecentQuanityOfStockUnits": "1",
    "LongName": "MATERNE rabarbercompote 375g",
    "AlcoholVolume": "0",
    "FicCode": "E"
  },
  {
    "productId": "629912",
    "technicalArticleNumber": "4315206",
    "commercialArticleNumber": "2214",
    "name": "ananas siroop",
    "brand": "DEL MONTE",
    "seoBrand": "Del Monte",
    "thumbNail": "https://static.colruytgroup.com/images/200x200/std.lang.all/94/79/asset-2409479.jpg",
    "fullImage": "https://static.colruytgroup.com/images/500x500/std.lang.all/94/79/asset-2409479.jpg",
    "squareImage": "https://static.colruytgroup.com/images/500x500sq/std.lang.all/94/79/asset-2409479.jpg",
    "content": "570g",
    "walkRouteSequenceNumber": 16562,
    "price": {
      "basicPrice": 2.79,
      "recommendedQuantity": "1.0",
      "measurementUnitPrice": 7.98,
      "measurementUnit": "K",
      "isRedPrice": false,
      "pricePerUOM": 7.98,
      "activationDate": "20-03-2024",
      "recordSource": "Offline",
      "isPromoActive": "N",
      "priceChangeCode": "L"
    },
    "isAvailable": true,
    "isPriceAvailable": true,
    "inPromo": false,
    "gtin": [
      "00024000012313",
      "00024000058908"
    ],
    "topCategoryName": "Conserven",
    "topCategoryId": "188",
    "businessDomain": "RETAIL_BE",
    "IsPrivateLabel": false,
    "IsBiffe": false,
    "WeightconversionFactor": "0",
    "IsWeightArticle": false,
    "nutriscoreLabel": "A",
    "IsBio": false,
    "CountryOfOrigin": "KENIA",
    "IsExclusivelySoldInLuxembourg": false,
    "OrderUnit": "P",
    "ShortName": "DELM ANANAS SIROOP 570G",
    "IsNew": false,
    "EcoscoreLabel": "A",
    "RecentQuanityOfStockUnits": "1",
    "LongName": "DEL MONTE ananas siroop 570g",
    "FicCode": "E",
    "EcoscoreValue": "85"
  },
  {
    "productId": "7128",
    "technicalArticleNumber": "1155645",
    "commercialArticleNumber": "10302",
    "name": "fruitcocktail op sap",
    "description": "*Fruitcocktail op\ndruivensap",
    "brand": "BONI",
    "seoBrand": "Boni Selection",
    "thumbNail": "https://static.colruytgroup.com/images/200x200/std.lang.all/80/30/asset-1408030.jpg",
    "fullImage": "https://static.colruytgroup.com/images/500x500/std.lang.all/80/30/asset-1408030.jpg",
    "squareImage": "https://static.colruytgroup.com/images/500x500sq/std.lang.all/80/30/asset-1408030.jpg",
    "content": "410g",
    "walkRouteSequenceNumber": 16559,
    "price": {
      "basicPrice": 1.29,
      "recommendedQuantity": "1.0",
      "quantityPrice": 1.19,
      "quantityPriceQuantity": "4.0",
      "measurementUnitPrice": 5.16,
      "measurementUnitQuantityPrice": 4.76,
      "measurementUnit": "K",
      "isRedPrice": false,
      "pricePerUOM": 5.16,
      "activationDate": "20-03-2024",
      "recordSource": "Offline",
      "isPromoActive": "N",
      "priceChangeCode": "E",
      "quantityPricePerUOM": 4.76,
      "quantityActivationDate": "20-03-2024",
      "quantityPriceChangeCode": "H"
    },
    "isAvailable": true,
    "isPriceAvailable": true,
    "inPromo": false,
    "gtin": [
      "00000025103021",
      "05400141096545",
      "05400141160512",
      "05400141208214",
      "05400141358711",
      "15400141208211",
      "25400141160516",
      "25400141208218",
      "15400141701101",
      "05400141701104"
    ],
    "topCategoryName": "Conserven",
    "topCategoryId": "188",
    "businessDomain": "RETAIL_BE",
    "IsPrivateLabel": true,
    "IsBiffe": false,
    "WeightconversionFactor": "0",
    "IsWeightArticle": false,
    "nutriscoreLabel": "A",
    "IsBio": false,
    "CountryOfOrigin": "GRIEKENLAND",
    "IsExclusivelySoldInLuxembourg": false,
    "OrderUnit": "P",
    "ShortName": "BONI FRUITCOCKT.SAP410",
    "IsNew": false,
    "EcoscoreLabel": "A",
    "RecentQuanityOfStockUnits": "1,3,12,1",
    "LongName": "BONI fruitcocktail op sap 410g",
    "AlcoholVolume": "0",
    "FicCode": "I",
    "EcoscoreValue": "82"
  },
  {
    "productId": "85539",
    "technicalArticleNumber": "2984071",
    "commercialArticleNumber": "36023",
    "name": "erwtjes & worteltjes blik",
    "brand": "BONDUELLE",
    "seoBrand": "Bonduelle",
    "thumbNail": "https://static.colruytgroup.com/images/200x200/std.lang.all/85/65/asset-3228565.jpg",
    "fullImage": "https://static.colruytgroup.com/images/500x500/std.lang.all/85/65/asset-3228565.jpg",
    "squareImage": "https://static.colruytgroup.com/images/500x500sq/std.lang.all/85/65/asset-3228565.jpg",
    "content": "305g",
    "walkRouteSequenceNumber": 16394,
    "price": {
      "basicPrice": 1.99,
      "recommendedQuantity": "4.0",
      "measurementUnitPrice": 7.51,
      "measurementUnit": "K",
      "isRedPrice": false,
      "pricePerUOM": 7.51,
      "activationDate": "21-03-2024",
      "recordSource": "Offline",
      "isPromoActive": "N",
      "priceChangeCode": "H"
    },
    "isAvailable": true,
    "isPriceAvailable": true,
    "inPromo": false,
    "gtin": [
      "03083681028485",
      "03083681029291",
      "03083681029284"
    ],
    "topCategoryName": "Conserven",
    "topCategoryId": "188",
    "businessDomain": "RETAIL_BE",
    "IsPrivateLabel": false,
    "IsBiffe": false,
    "WeightconversionFactor": "0",
    "IsWeightArticle": false,
    "nutriscoreLabel": "A",
    "IsBio": false,
    "CountryOfOrigin": "EUROPA",
    "IsExclusivelySoldInLuxembourg": false,
    "OrderUnit": "P",
    "ShortName": "BOND ERWT&WORTEL 305G",
    "IsNew": false,
    "EcoscoreLabel": "B",
    "RecentQuanityOfStockUnits": "4,1",
    "LongName": "BONDUELLE erwtjes & worteltjes blik 305g",
    "AlcoholVolume": "0",
    "FicCode": "E",
    "EcoscoreValue": "76"
  },
  {
    "productId": "102105",
    "technicalArticleNumber": "3061216",
    "commercialArticleNumber": "31441",
    "name": "halve peren siroop",
    "description": "*Halve peren op\nlichte siroop",
    "brand": "DEL MONTE",
    "seoBrand": "Del Monte",
    "thumbNail": "https://static.colruytgroup.com/images/200x200/std.lang.all/95/41/asset-2409541.jpg",
    "fullImage": "https://static.colruytgroup.com/images/500x500/std.lang.all/95/41/asset-2409541.jpg",
    "squareImage": "https://static.colruytgroup.com/images/500x500sq/std.lang.all/95/41/asset-2409541.jpg",
    "content": "420g",
    "walkRouteSequenceNumber": 16668,
    "price": {
      "basicPrice": 5.25,
      "recommendedQuantity": "1.0",
      "measurementUnitPrice": 22.83,
      "measurementUnit": "K",
      "isRedPrice": false,
      "pricePerUOM": 22.83,
      "activationDate": "13-03-2024",
      "recordSource": "Offline",
      "isPromoActive": "N",
      "priceChangeCode": "H"
    },
    "isAvailable": true,
    "isPriceAvailable": true,
    "inPromo": false,
    "gtin": [
      "00024000027584",
      "00024000028819"
    ],
    "topCategoryName": "Conserven",
    "topCategoryId": "188",
    "businessDomain": "RETAIL_BE",
    "IsPrivateLabel": false,
    "IsBiffe": false,
    "WeightconversionFactor": "0",
    "IsWeightArticle": false,
    "nutriscoreLabel": "A",
    "IsBio": false,
    "CountryOfOrigin": "ZUID-AFRIKA",
    "IsExclusivelySoldInLuxembourg": false,
    "OrderUnit": "P",
    "ShortName": "DELM PEREN SIROOP 420G",
    "IsNew": false,
    "EcoscoreLabel": "A",
    "RecentQuanityOfStockUnits": "1,12",
    "LongName": "DEL MONTE halve peren siroop 420g",
    "AlcoholVolume": "0",
    "FicCode": "E",
    "EcoscoreValue": "91"
  },
  {
    "productId": "698",
    "technicalArticleNumber": "12623",
    "commercialArticleNumber": "12623",
    "name": "soep st germain",
    "description": "*St. Germainsoep\nmet croutons",
    "brand": "ROYCO CRUNCHY",
    "seoBrand": "Royco Crunchy",
    "thumbNail": "https://static.colruytgroup.com/images/200x200/std.lang.all/36/74/asset-3353674.jpg",
    "fullImage": "https://static.colruytgroup.com/images/500x500/std.lang.all/36/74/asset-3353674.jpg",
    "squareImage": "https://static.colruytgroup.com/images/500x500sq/std.lang.all/36/74/asset-3353674.jpg",
    "content": "20st",
    "walkRouteSequenceNumber": 16913,
    "price": {
      "basicPrice": 13.79,
      "recommendedQuantity": "1.0",
      "measurementUnitPrice": 28.5,
      "measurementUnit": "K",
      "isRedPrice": false,
      "pricePerUOM": 28.5,
      "activationDate": "20-03-2024",
      "isPromoActive": "N",
      "priceChangeCode": "H"
    },
    "isAvailable": true,
    "isPriceAvailable": true,
    "inPromo": false,
    "gtin": [
      "05410056186934",
      "05410056786936",
      "05414972723990"
    ],
    "topCategoryName": "Kruidenierswaren/Droge voeding",
    "topCategoryId": "233",
    "businessDomain": "RETAIL_BE",
    "IsPrivateLabel": false,
    "IsBiffe": false,
    "WeightconversionFactor": "0",
    "IsWeightArticle": false,
    "nutriscoreLabel": "C",
    "IsBio": false,
    "CountryOfOrigin": "NEDERLAND",
    "IsExclusivelySoldInLuxembourg": false,
    "OrderUnit": "P",
    "ShortName": "RMS.CRUNCHY GERMAIN 20Z",
    "IsNew": false,
    "EcoscoreLabel": "D",
    "RecentQuanityOfStockUnits": "1",
    "LongName": "ROYCO CRUNCHY soep st germain 20st",
    "AlcoholVolume": "0",
    "FicCode": "E",
    "EcoscoreValue": "32"
  },
  {
    "productId": "15484",
    "technicalArticleNumber": "1582001",
    "commercialArticleNumber": "11900",
    "name": "asperge punten",
    "description": "*Aspergepunten van\nwitte asperges",
    "brand": "BONI",
    "seoBrand": "Boni Selection",
    "thumbNail": "https://static.colruytgroup.com/images/200x200/std.lang.all/85/66/asset-3328566.jpg",
    "fullImage": "https://static.colruytgroup.com/images/500x500/std.lang.all/85/66/asset-3328566.jpg",
    "squareImage": "https://static.colruytgroup.com/images/500x500sq/std.lang.all/85/66/asset-3328566.jpg",
    "content": "190g",
    "walkRouteSequenceNumber": 16443,
    "price": {
      "basicPrice": 1.99,
      "recommendedQuantity": "2.0",
      "measurementUnitPrice": 18.1,
      "measurementUnit": "K",
      "isRedPrice": false,
      "pricePerUOM": 18.1,
      "activationDate": "11-03-2024",
      "recordSource": "Offline",
      "isPromoActive": "N",
      "priceChangeCode": "H"
    },
    "isAvailable": true,
    "isPriceAvailable": true,
    "inPromo": false,
    "gtin": [
      "05400141004144",
      "05400141377248",
      "15400141835578",
      "05400141383515",
      "05400141172089",
      "05400141219005",
      "05400141277975",
      "15400141277972"
    ],
    "topCategoryName": "Conserven",
    "topCategoryId": "188",
    "businessDomain": "RETAIL_BE",
    "IsPrivateLabel": true,
    "IsBiffe": false,
    "WeightconversionFactor": "0",
    "IsWeightArticle": false,
    "nutriscoreLabel": "A",
    "IsBio": false,
    "CountryOfOrigin": "PERU",
    "IsExclusivelySoldInLuxembourg": false,
    "OrderUnit": "P",
    "ShortName": "BONI ASPERGPUNT180/190G",
    "InSeason": true,
    "IsNew": false,
    "EcoscoreLabel": "B",
    "RecentQuanityOfStockUnits": "1,2",
    "LongName": "BONI asperge punten 190g",
    "AlcoholVolume": "0",
    "StartSeasonDate": "14/08/2015",
    "FicCode": "I",
    "EcoscoreValue": "70"
  },
  {
    "productId": "85547",
    "technicalArticleNumber": "2984122",
    "commercialArticleNumber": "36022",
    "name": "doperwt & wortel blik",
    "brand": "BONDUELLE",
    "seoBrand": "Bonduelle",
    "thumbNail": "https://static.colruytgroup.com/images/200x200/std.lang.all/85/66/asset-3228566.jpg",
    "fullImage": "https://static.colruytgroup.com/images/500x500/std.lang.all/85/66/asset-3228566.jpg",
    "squareImage": "https://static.colruytgroup.com/images/500x500sq/std.lang.all/85/66/asset-3228566.jpg",
    "content": "610g",
    "walkRouteSequenceNumber": 16409,
    "price": {
      "basicPrice": 3.69,
      "recommendedQuantity": "2.0",
      "measurementUnitPrice": 6.97,
      "measurementUnit": "K",
      "isRedPrice": false,
      "pricePerUOM": 6.97,
      "activationDate": "06-12-2023",
      "recordSource": "Offline",
      "isPromoActive": "N",
      "priceChangeCode": "E"
    },
    "isAvailable": true,
    "isPriceAvailable": true,
    "inPromo": false,
    "gtin": [
      "03083681029307",
      "03083681028508",
      "03083681029314"
    ],
    "topCategoryName": "Conserven",
    "topCategoryId": "188",
    "businessDomain": "RETAIL_BE",
    "IsPrivateLabel": false,
    "IsBiffe": false,
    "WeightconversionFactor": "0",
    "IsWeightArticle": false,
    "nutriscoreLabel": "A",
    "IsBio": false,
    "CountryOfOrigin": "EUROPA",
    "IsExclusivelySoldInLuxembourg": false,
    "OrderUnit": "P",
    "ShortName": "BOND ERWT-WORT BLIK610G",
    "IsNew": false,
    "EcoscoreLabel": "A",
    "RecentQuanityOfStockUnits": "1,2",
    "LongName": "BONDUELLE doperwt & wortel blik 610g",
    "AlcoholVolume": "0",
    "FicCode": "E",
    "EcoscoreValue": "93"
  },
  {
    "productId": "708",
    "technicalArticleNumber": "10506",
    "commercialArticleNumber": "10506",
    "name": "halve peren lichte siroop",
    "description": "*Halve peren op\nlichte siroop",
    "brand": "EVERYDAY",
    "seoBrand": "Everyday",
    "thumbNail": "https://static.colruytgroup.com/images/200x200/std.lang.all/38/94/asset-3453894.jpg",
    "fullImage": "https://static.colruytgroup.com/images/500x500/std.lang.all/38/94/asset-3453894.jpg",
    "squareImage": "https://static.colruytgroup.com/images/500x500sq/std.lang.all/38/94/asset-3453894.jpg",
    "content": "820g",
    "walkRouteSequenceNumber": 16671,
    "price": {
      "basicPrice": 1.65,
      "recommendedQuantity": "1.0",
      "measurementUnitPrice": 3.59,
      "measurementUnit": "K",
      "isRedPrice": false,
      "pricePerUOM": 3.59,
      "activationDate": "31-01-2024",
      "recordSource": "Online",
      "isPromoActive": "N",
      "priceChangeCode": "L"
    },
    "isAvailable": true,
    "isPriceAvailable": true,
    "inPromo": false,
    "gtin": [
      "00000025105063",
      "05400141055078",
      "05400141206715",
      "05400141209136",
      "05400141241297",
      "05400141405064",
      "15400141002604",
      "15400141209133",
      "15400141905356",
      "05400141905359"
    ],
    "topCategoryName": "Conserven",
    "topCategoryId": "188",
    "businessDomain": "RETAIL_BE",
    "IsPrivateLabel": true,
    "IsBiffe": false,
    "WeightconversionFactor": "0",
    "IsWeightArticle": false,
    "nutriscoreLabel": "C",
    "IsBio": false,
    "CountryOfOrigin": "CHINA (VOLKSREBUPLIEK)",
    "IsExclusivelySoldInLuxembourg": false,
    "OrderUnit": "P",
    "ShortName": "EVD PEREN SIROOP 820G",
    "IsNew": false,
    "EcoscoreLabel": "A",
    "RecentQuanityOfStockUnits": "12,1,1",
    "LongName": "EVERYDAY halve peren lichte siroop 820g",
    "AlcoholVolume": "0",
    "FicCode": "I",
    "EcoscoreValue": "91"
  },
  {
    "productId": "520",
    "technicalArticleNumber": "9300",
    "commercialArticleNumber": "9300",
    "name": "ravioli zuiver rund blik",
    "description": "*Ravioli van zuiver\nrundsvlees met\nItaliaanse saus\n*Aantal porties: 1\n*Pan, microgolfoven",
    "brand": "ZAPETTI",
    "seoBrand": "Zapetti",
    "thumbNail": "https://static.colruytgroup.com/images/200x200/nl_be/57/59/asset-3195759.jpg",
    "fullImage": "https://static.colruytgroup.com/images/500x500/nl_be/57/59/asset-3195759.jpg",
    "squareImage": "https://static.colruytgroup.com/images/500x500sq/nl_be/57/59/asset-3195759.jpg",
    "content": "400g",
    "walkRouteSequenceNumber": 16765,
    "price": {
      "basicPrice": 4.92,
      "recommendedQuantity": "3.0",
      "measurementUnitPrice": 12.3,
      "measurementUnit": "K",
      "isRedPrice": false,
      "pricePerUOM": 12.3,
      "activationDate": "14-02-2024",
      "isPromoActive": "N",
      "priceChangeCode": "E"
    },
    "isAvailable": true,
    "isPriceAvailable": true,
    "inPromo": false,
    "gtin": [
      "00000024093002",
      "00000025093001",
      "03021690011142",
      "03021699008662",
      "05400141093001"
    ],
    "topCategoryName": "Conserven",
    "topCategoryId": "188",
    "businessDomain": "RETAIL_BE",
    "IsPrivateLabel": false,
    "IsBiffe": false,
    "WeightconversionFactor": "0",
    "IsWeightArticle": false,
    "nutriscoreLabel": "C",
    "IsBio": false,
    "CountryOfOrigin": "FRANKRIJK",
    "IsExclusivelySoldInLuxembourg": false,
    "OrderUnit": "P",
    "ShortName": "ZAP RAVIOLI RUND400G",
    "IsNew": false,
    "EcoscoreLabel": "C",
    "RecentQuanityOfStockUnits": "1,3",
    "LongName": "ZAPETTI ravioli zuiver rund blik 400g",
    "AlcoholVolume": "0",
    "FicCode": "E",
    "EcoscoreValue": "53"
  },
  {
    "productId": "729",
    "technicalArticleNumber": "11283",
    "commercialArticleNumber": "11283",
    "name": "Franse sper.bonen blik",
    "description": "*Zeer fijne\nprinsessenbonen",
    "brand": "BONDUELLE",
    "seoBrand": "Bonduelle",
    "thumbNail": "https://static.colruytgroup.com/images/200x200/std.lang.all/86/21/asset-2338621.jpg",
    "fullImage": "https://static.colruytgroup.com/images/500x500/std.lang.all/86/21/asset-2338621.jpg",
    "squareImage": "https://static.colruytgroup.com/images/500x500sq/std.lang.all/86/21/asset-2338621.jpg",
    "content": "400g",
    "walkRouteSequenceNumber": 16470,
    "price": {
      "basicPrice": 1.59,
      "recommendedQuantity": "4.0",
      "measurementUnitPrice": 7.23,
      "measurementUnit": "K",
      "isRedPrice": false,
      "pricePerUOM": 7.23,
      "activationDate": "06-12-2023",
      "recordSource": "Offline",
      "isPromoActive": "N",
      "priceChangeCode": "E"
    },
    "isAvailable": true,
    "isPriceAvailable": true,
    "inPromo": false,
    "gtin": [
      "03083680534796",
      "03083680615945",
      "03083680624503"
    ],
    "topCategoryName": "Conserven",
    "topCategoryId": "188",
    "businessDomain": "RETAIL_BE",
    "IsPrivateLabel": false,
    "IsBiffe": false,
    "WeightconversionFactor": "0",
    "IsWeightArticle": false,
    "nutriscoreLabel": "A",
    "IsBio": false,
    "CountryOfOrigin": "BELGIË",
    "IsExclusivelySoldInLuxembourg": false,
    "OrderUnit": "P",
    "ShortName": "BOND FRA.SPRZBONEN 400G",
    "InSeason": true,
    "IsNew": false,
    "EcoscoreLabel": "A",
    "RecentQuanityOfStockUnits": "1,4",
    "LongName": "BONDUELLE Franse sper.bonen blik 400g",
    "AlcoholVolume": "0",
    "StartSeasonDate": "14/09/2023",
    "FicCode": "E",
    "EcoscoreValue": "89"
  },
  {
    "productId": "473943",
    "technicalArticleNumber": "4072259",
    "commercialArticleNumber": "7243",
    "name": "gevogelteworsten",
    "brand": "BONI",
    "seoBrand": "Boni Selection",
    "thumbNail": "https://static.colruytgroup.com/images/200x200/std.lang.all/80/80/asset-1988080.jpg",
    "fullImage": "https://static.colruytgroup.com/images/500x500/std.lang.all/80/80/asset-1988080.jpg",
    "squareImage": "https://static.colruytgroup.com/images/500x500sq/std.lang.all/80/80/asset-1988080.jpg",
    "content": "550g",
    "walkRouteSequenceNumber": 16793,
    "price": {
      "basicPrice": 3.09,
      "recommendedQuantity": "1.0",
      "measurementUnitPrice": 10.3,
      "measurementUnit": "K",
      "isRedPrice": false,
      "pricePerUOM": 10.3,
      "activationDate": "21-06-2023",
      "recordSource": "Offline",
      "isPromoActive": "N",
      "priceChangeCode": "E"
    },
    "isAvailable": true,
    "isPriceAvailable": true,
    "inPromo": false,
    "gtin": [
      "05400141273786",
      "15400141273783"
    ],
    "topCategoryName": "Conserven",
    "topCategoryId": "188",
    "businessDomain": "RETAIL_BE",
    "IsPrivateLabel": true,
    "IsBiffe": false,
    "WeightconversionFactor": "0",
    "IsWeightArticle": false,
    "nutriscoreLabel": "D",
    "IsBio": false,
    "CountryOfOrigin": "DUITSLAND",
    "IsExclusivelySoldInLuxembourg": false,
    "OrderUnit": "P",
    "ShortName": "BONI GEVOGELTEWORST550G",
    "IsNew": false,
    "EcoscoreLabel": "E",
    "RecentQuanityOfStockUnits": "1",
    "LongName": "BONI gevogelteworsten 550g",
    "FicCode": "I",
    "EcoscoreValue": "11"
  },
  {
    "productId": "883427",
    "technicalArticleNumber": "4741581",
    "commercialArticleNumber": "27441",
    "name": "Tomatensoep kippenballetjes",
    "brand": "LIEBIG",
    "seoBrand": "Liebig",
    "thumbNail": "https://static.colruytgroup.com/images/200x200/nl_be/55/29/asset-3285529.jpg",
    "fullImage": "https://static.colruytgroup.com/images/500x500/nl_be/55/29/asset-3285529.jpg",
    "squareImage": "https://static.colruytgroup.com/images/500x500sq/nl_be/55/29/asset-3285529.jpg",
    "content": "500ml",
    "walkRouteSequenceNumber": 16947,
    "price": {
      "basicPrice": 2.79,
      "recommendedQuantity": "1.0",
      "measurementUnitPrice": 5.58,
      "measurementUnit": "L",
      "isRedPrice": false,
      "pricePerUOM": 5.58,
      "activationDate": "28-02-2024",
      "recordSource": "Offline",
      "isPromoActive": "N",
      "priceChangeCode": "E"
    },
    "isAvailable": true,
    "isPriceAvailable": true,
    "inPromo": false,
    "gtin": [
      "05414972337654",
      "05414972637655"
    ],
    "topCategoryName": "Kruidenierswaren/Droge voeding",
    "topCategoryId": "233",
    "businessDomain": "RETAIL_BE",
    "IsPrivateLabel": false,
    "IsBiffe": false,
    "WeightconversionFactor": "0",
    "IsWeightArticle": false,
    "nutriscoreLabel": "B",
    "IsBio": false,
    "CountryOfOrigin": "FRANKRIJK",
    "IsExclusivelySoldInLuxembourg": false,
    "OrderUnit": "P",
    "ShortName": "LIEB TOMAATSOEP KIP500",
    "IsNew": false,
    "EcoscoreLabel": "B",
    "RecentQuanityOfStockUnits": "1,12",
    "LongName": "LIEBIG Tomatensoep kippenballetjes 500ml",
    "AlcoholVolume": "0",
    "FicCode": "E",
    "EcoscoreValue": "78"
  },
  {
    "productId": "120019",
    "technicalArticleNumber": "3073024",
    "commercialArticleNumber": "34248",
    "name": "tonijn olijfolie p&l",
    "description": "*Tonijn met\nolijfolie",
    "brand": "IMPERIAL",
    "seoBrand": "Imperial",
    "thumbNail": "https://static.colruytgroup.com/images/200x200/std.lang.all/93/79/asset-1329379.jpg",
    "fullImage": "https://static.colruytgroup.com/images/500x500/std.lang.all/93/79/asset-1329379.jpg",
    "squareImage": "https://static.colruytgroup.com/images/500x500sq/std.lang.all/93/79/asset-1329379.jpg",
    "content": "180g",
    "walkRouteSequenceNumber": 16732,
    "price": {
      "basicPrice": 5.04,
      "recommendedQuantity": "1.0",
      "measurementUnitPrice": 28,
      "measurementUnit": "K",
      "isRedPrice": false,
      "pricePerUOM": 28,
      "activationDate": "05-01-2024",
      "isPromoActive": "N",
      "priceChangeCode": "H"
    },
    "isAvailable": true,
    "isPriceAvailable": true,
    "inPromo": false,
    "gtin": [
      "05410363000794",
      "15410363000791"
    ],
    "topCategoryName": "Conserven",
    "topCategoryId": "188",
    "businessDomain": "RETAIL_BE",
    "IsPrivateLabel": false,
    "IsBiffe": false,
    "WeightconversionFactor": "0",
    "IsWeightArticle": false,
    "nutriscoreLabel": "C",
    "IsBio": false,
    "CountryOfOrigin": "SPANJE",
    "IsExclusivelySoldInLuxembourg": false,
    "OrderUnit": "P",
    "ShortName": "IMP TON.OLIJF POLE 180G",
    "IsNew": false,
    "EcoscoreLabel": "D",
    "RecentQuanityOfStockUnits": "1",
    "LongName": "IMPERIAL tonijn olijfolie p&l 180g",
    "AlcoholVolume": "0",
    "FicCode": "E",
    "EcoscoreValue": "23"
  },
  {
    "productId": "200925",
    "technicalArticleNumber": "3410874",
    "commercialArticleNumber": "50057",
    "name": "wilde roze zalm",
    "description": "*Wilde zalm zonder\nvel, zonder graten",
    "brand": "IMPERIAL",
    "seoBrand": "Imperial",
    "thumbNail": "https://static.colruytgroup.com/images/200x200/std.lang.all/74/23/asset-757423.jpg",
    "fullImage": "https://static.colruytgroup.com/images/500x500/std.lang.all/74/23/asset-757423.jpg",
    "squareImage": "https://static.colruytgroup.com/images/500x500sq/std.lang.all/74/23/asset-757423.jpg",
    "content": "213g",
    "walkRouteSequenceNumber": 17596,
    "price": {
      "basicPrice": 6.82,
      "recommendedQuantity": "1.0",
      "measurementUnitPrice": 32.02,
      "measurementUnit": "K",
      "isRedPrice": false,
      "pricePerUOM": 32.02,
      "activationDate": "13-11-2023",
      "recordSource": "Offline",
      "isPromoActive": "N",
      "priceChangeCode": "E"
    },
    "isAvailable": true,
    "isPriceAvailable": true,
    "inPromo": false,
    "gtin": [
      "15410363010752",
      "05410363010755"
    ],
    "topCategoryName": "Conserven",
    "topCategoryId": "188",
    "businessDomain": "RETAIL_BE",
    "IsPrivateLabel": false,
    "IsBiffe": false,
    "WeightconversionFactor": "0",
    "IsWeightArticle": false,
    "nutriscoreLabel": "A",
    "IsBio": false,
    "CountryOfOrigin": "VERENIGDE STATEN VAN AMERIKA",
    "IsExclusivelySoldInLuxembourg": false,
    "OrderUnit": "P",
    "ShortName": "IMP ROZE ZALM ZVZG 213G",
    "InSeason": true,
    "IsNew": false,
    "EcoscoreLabel": "E",
    "RecentQuanityOfStockUnits": "1,24",
    "LongName": "IMPERIAL wilde roze zalm 213g",
    "AlcoholVolume": "0",
    "StartSeasonDate": "05/06/2019",
    "FicCode": "E",
    "EcoscoreValue": "16"
  },
  {
    "productId": "187953",
    "technicalArticleNumber": "3470575",
    "commercialArticleNumber": "50409",
    "name": "makreelf. tomatensaus",
    "description": "*Gegrilde\nmakreelfilets in\ntomatensaus",
    "brand": "RIO MARE",
    "seoBrand": "Rio Mare",
    "thumbNail": "https://ecgproductmw.colruytgroup.com/ecgproductmw/noPicForArticle_2.jpg",
    "fullImage": "https://ecgproductmw.colruytgroup.com/ecgproductmw/noPicForArticle_5.jpg",
    "squareImage": "https://ecgproductmw.colruytgroup.com/ecgproductmw/noPicForArticle_5.jpg",
    "content": "169g",
    "walkRouteSequenceNumber": 16641,
    "price": {
      "basicPrice": 4.09,
      "recommendedQuantity": "2.0",
      "measurementUnitPrice": 24.21,
      "measurementUnit": "K",
      "isRedPrice": false,
      "pricePerUOM": 24.21,
      "activationDate": "14-03-2024",
      "recordSource": "Offline",
      "isPromoActive": "N",
      "priceChangeCode": "E"
    },
    "isAvailable": true,
    "isPriceAvailable": true,
    "inPromo": false,
    "gtin": [
      "08004030624016",
      "15415087009839",
      "08004030624009",
      "05415087009832"
    ],
    "topCategoryName": "Conserven",
    "topCategoryId": "188",
    "businessDomain": "RETAIL_BE",
    "IsPrivateLabel": false,
    "IsBiffe": false,
    "WeightconversionFactor": "0",
    "IsWeightArticle": false,
    "nutriscoreLabel": "C",
    "IsBio": false,
    "CountryOfOrigin": "BELGIË",
    "IsExclusivelySoldInLuxembourg": false,
    "OrderUnit": "P",
    "ShortName": "RM GEGRIL.MAK.TOM.169G",
    "IsNew": false,
    "EcoscoreLabel": "D",
    "RecentQuanityOfStockUnits": "2,1",
    "LongName": "RIO MARE makreelf. tomatensaus 169g",
    "AlcoholVolume": "0",
    "FicCode": "E",
    "EcoscoreValue": "24"
  },
  {
    "productId": "17449",
    "technicalArticleNumber": "1767972",
    "commercialArticleNumber": "12040",
    "name": "artisjokbodems bok",
    "description": "*Artisjokbodems",
    "brand": "BONI",
    "seoBrand": "Boni Selection",
    "thumbNail": "https://static.colruytgroup.com/images/200x200/std.lang.all/11/02/asset-521102.jpg",
    "fullImage": "https://static.colruytgroup.com/images/500x500/std.lang.all/11/02/asset-521102.jpg",
    "squareImage": "https://static.colruytgroup.com/images/500x500sq/std.lang.all/11/02/asset-521102.jpg",
    "content": "410g",
    "walkRouteSequenceNumber": 16498,
    "price": {
      "basicPrice": 2.49,
      "recommendedQuantity": "1.0",
      "measurementUnitPrice": 11.86,
      "measurementUnit": "K",
      "isRedPrice": false,
      "pricePerUOM": 11.86,
      "activationDate": "21-02-2024",
      "recordSource": "Offline",
      "isPromoActive": "N",
      "priceChangeCode": "L"
    },
    "isAvailable": true,
    "isPriceAvailable": true,
    "inPromo": false,
    "gtin": [
      "05400141720396",
      "15400141720393",
      "15400141908852",
      "05400141278972",
      "15400141278979",
      "05400141091083"
    ],
    "topCategoryName": "Conserven",
    "topCategoryId": "188",
    "businessDomain": "RETAIL_BE",
    "IsPrivateLabel": true,
    "IsBiffe": false,
    "WeightconversionFactor": "0",
    "IsWeightArticle": false,
    "nutriscoreLabel": "A",
    "IsBio": false,
    "CountryOfOrigin": "BELGIË",
    "IsExclusivelySoldInLuxembourg": false,
    "OrderUnit": "P",
    "ShortName": "BONI ARTISJ BO.G400/410",
    "InSeason": true,
    "IsNew": false,
    "EcoscoreLabel": "B",
    "RecentQuanityOfStockUnits": "1,1",
    "LongName": "BONI artisjokbodems bok 410g",
    "AlcoholVolume": "0",
    "StartSeasonDate": "10/08/2017",
    "FicCode": "I",
    "EcoscoreValue": "70"
  },
  {
    "productId": "826202",
    "technicalArticleNumber": "4663333",
    "commercialArticleNumber": "29974",
    "name": "selderharten",
    "brand": "HAK",
    "seoBrand": "Hak",
    "thumbNail": "https://static.colruytgroup.com/images/200x200/std.lang.all/37/98/asset-2903798.jpg",
    "fullImage": "https://static.colruytgroup.com/images/500x500/std.lang.all/37/98/asset-2903798.jpg",
    "squareImage": "https://static.colruytgroup.com/images/500x500sq/std.lang.all/37/98/asset-2903798.jpg",
    "content": "660g",
    "walkRouteSequenceNumber": 4579,
    "price": {
      "basicPrice": 5.05,
      "recommendedQuantity": "1.0",
      "measurementUnitPrice": 12.03,
      "measurementUnit": "K",
      "isRedPrice": false,
      "pricePerUOM": 12.03,
      "activationDate": "13-01-2024",
      "isPromoActive": "N",
      "priceChangeCode": "H"
    },
    "isAvailable": true,
    "isPriceAvailable": true,
    "inPromo": false,
    "gtin": [
      "08720600621826",
      "08720600621819"
    ],
    "topCategoryName": "Conserven",
    "topCategoryId": "188",
    "businessDomain": "RETAIL_BE",
    "IsPrivateLabel": false,
    "IsBiffe": false,
    "WeightconversionFactor": "0",
    "IsWeightArticle": false,
    "nutriscoreLabel": "A",
    "IsBio": false,
    "CountryOfOrigin": "NEDERLAND",
    "IsExclusivelySoldInLuxembourg": false,
    "OrderUnit": "P",
    "ShortName": "HAK SELDERIJHARTEN 660G",
    "IsNew": false,
    "EcoscoreLabel": "B",
    "RecentQuanityOfStockUnits": "1",
    "LongName": "HAK selderharten 660g",
    "FicCode": "E",
    "EcoscoreValue": "78"
  },
  {
    "productId": "436218",
    "technicalArticleNumber": "3989782",
    "commercialArticleNumber": "4150",
    "name": "groene asperges",
    "brand": "BONI",
    "seoBrand": "Boni Selection",
    "thumbNail": "https://static.colruytgroup.com/images/200x200/std.lang.all/62/32/asset-3346232.jpg",
    "fullImage": "https://static.colruytgroup.com/images/500x500/std.lang.all/62/32/asset-3346232.jpg",
    "squareImage": "https://static.colruytgroup.com/images/500x500sq/std.lang.all/62/32/asset-3346232.jpg",
    "content": "330g",
    "walkRouteSequenceNumber": 16441,
    "price": {
      "basicPrice": 2.49,
      "recommendedQuantity": "1.0",
      "measurementUnitPrice": 13.46,
      "measurementUnit": "K",
      "isRedPrice": false,
      "pricePerUOM": 13.46,
      "activationDate": "08-03-2024",
      "recordSource": "Offline",
      "isPromoActive": "N",
      "priceChangeCode": "E"
    },
    "isAvailable": true,
    "isPriceAvailable": true,
    "inPromo": false,
    "gtin": [
      "05400141134865",
      "15400141134862"
    ],
    "topCategoryName": "Conserven",
    "topCategoryId": "188",
    "businessDomain": "RETAIL_BE",
    "IsPrivateLabel": true,
    "IsBiffe": false,
    "WeightconversionFactor": "0",
    "IsWeightArticle": false,
    "nutriscoreLabel": "A",
    "IsBio": false,
    "CountryOfOrigin": "MADAGASKAR",
    "IsExclusivelySoldInLuxembourg": false,
    "OrderUnit": "P",
    "ShortName": "BONI GR.ASPERGES 330G",
    "InSeason": true,
    "IsNew": false,
    "EcoscoreLabel": "B",
    "RecentQuanityOfStockUnits": "1",
    "LongName": "BONI groene asperges 330g",
    "StartSeasonDate": "14/10/2020",
    "FicCode": "I",
    "EcoscoreValue": "70"
  },
  {
    "productId": "493414",
    "technicalArticleNumber": "4044739",
    "commercialArticleNumber": "5574",
    "name": "insalatissime mais e tonno",
    "brand": "RIO MARE",
    "seoBrand": "Rio Mare",
    "thumbNail": "https://static.colruytgroup.com/images/200x200/std.lang.all/13/75/asset-1771375.jpg",
    "fullImage": "https://static.colruytgroup.com/images/500x500/std.lang.all/13/75/asset-1771375.jpg",
    "squareImage": "https://static.colruytgroup.com/images/500x500sq/std.lang.all/13/75/asset-1771375.jpg",
    "content": "160g",
    "walkRouteSequenceNumber": 17598,
    "price": {
      "basicPrice": 2.69,
      "recommendedQuantity": "2.0",
      "measurementUnitPrice": 16.82,
      "measurementUnit": "K",
      "isRedPrice": false,
      "pricePerUOM": 16.82,
      "activationDate": "02-02-2024",
      "recordSource": "Offline",
      "isPromoActive": "N",
      "priceChangeCode": "E"
    },
    "isAvailable": true,
    "isPriceAvailable": true,
    "inPromo": false,
    "gtin": [
      "05415087002000",
      "08004030022010",
      "08004030022034",
      "15410513017624",
      "15415087002007"
    ],
    "topCategoryName": "Conserven",
    "topCategoryId": "188",
    "businessDomain": "RETAIL_BE",
    "IsPrivateLabel": false,
    "IsBiffe": false,
    "WeightconversionFactor": "0",
    "IsWeightArticle": false,
    "nutriscoreLabel": "C",
    "IsBio": false,
    "CountryOfOrigin": "ITALIË",
    "IsExclusivelySoldInLuxembourg": false,
    "OrderUnit": "P",
    "ShortName": "RIO M.INSA.MAIS POLE160",
    "IsNew": false,
    "EcoscoreLabel": "D",
    "RecentQuanityOfStockUnits": "2,1,18",
    "LongName": "RIO MARE insalatissime mais e tonno 160g",
    "FicCode": "E",
    "EcoscoreValue": "31"
  },
  {
    "productId": "2488",
    "technicalArticleNumber": "1100081",
    "commercialArticleNumber": "10651",
    "name": "noordkrieken ontpit siroop bok",
    "description": "*Ontpitte\nnoordkrieken op\nsiroop",
    "brand": "HAK",
    "seoBrand": "Hak",
    "thumbNail": "https://static.colruytgroup.com/images/200x200/std.lang.all/02/23/asset-2900223.jpg",
    "fullImage": "https://static.colruytgroup.com/images/500x500/std.lang.all/02/23/asset-2900223.jpg",
    "squareImage": "https://static.colruytgroup.com/images/500x500sq/std.lang.all/02/23/asset-2900223.jpg",
    "content": "700g",
    "walkRouteSequenceNumber": 16576,
    "price": {
      "basicPrice": 5.99,
      "recommendedQuantity": "1.0",
      "measurementUnitPrice": 17.12,
      "measurementUnit": "K",
      "isRedPrice": false,
      "pricePerUOM": 17.12,
      "activationDate": "15-02-2024",
      "recordSource": "Offline",
      "isPromoActive": "N",
      "priceChangeCode": "E"
    },
    "isAvailable": true,
    "isPriceAvailable": true,
    "inPromo": false,
    "gtin": [
      "00000025106510",
      "05400141206517",
      "05400141906516",
      "08720600014109",
      "08720600016103"
    ],
    "topCategoryName": "Conserven",
    "topCategoryId": "188",
    "businessDomain": "RETAIL_BE",
    "IsPrivateLabel": false,
    "IsBiffe": false,
    "WeightconversionFactor": "0",
    "IsWeightArticle": false,
    "nutriscoreLabel": "C",
    "IsBio": false,
    "CountryOfOrigin": "NEDERLAND",
    "IsExclusivelySoldInLuxembourg": false,
    "OrderUnit": "P",
    "ShortName": "HAK NOORDKRIEK.ONTP.700",
    "IsNew": false,
    "EcoscoreLabel": "B",
    "RecentQuanityOfStockUnits": "1,2",
    "LongName": "HAK noordkrieken ontpit siroop bok 700g",
    "AlcoholVolume": "0",
    "FicCode": "E",
    "EcoscoreValue": "64"
  },
  {
    "productId": "241918",
    "technicalArticleNumber": "3535538",
    "commercialArticleNumber": "50720",
    "name": "makreelfilets in olijfolie",
    "description": "*Makreelfilets in\nolijfolie",
    "brand": "COCAGNE",
    "seoBrand": "Cocagne",
    "thumbNail": "https://static.colruytgroup.com/images/200x200/std.lang.all/63/51/asset-946351.jpg",
    "fullImage": "https://static.colruytgroup.com/images/500x500/std.lang.all/63/51/asset-946351.jpg",
    "squareImage": "https://static.colruytgroup.com/images/500x500sq/std.lang.all/63/51/asset-946351.jpg",
    "content": "125g",
    "walkRouteSequenceNumber": 16646,
    "price": {
      "basicPrice": 4.99,
      "recommendedQuantity": "1.0",
      "measurementUnitPrice": 39.92,
      "measurementUnit": "K",
      "isRedPrice": false,
      "pricePerUOM": 39.92,
      "activationDate": "13-03-2024",
      "recordSource": "Offline",
      "isPromoActive": "N",
      "priceChangeCode": "H"
    },
    "isAvailable": true,
    "isPriceAvailable": true,
    "inPromo": false,
    "gtin": [
      "35601010124036",
      "05601010124035",
      "05601010015043",
      "65601010124037"
    ],
    "topCategoryName": "Conserven",
    "topCategoryId": "188",
    "businessDomain": "RETAIL_BE",
    "IsPrivateLabel": false,
    "IsBiffe": false,
    "WeightconversionFactor": "0",
    "IsWeightArticle": false,
    "nutriscoreLabel": "B",
    "IsBio": false,
    "CountryOfOrigin": "PORTUGAL",
    "IsExclusivelySoldInLuxembourg": false,
    "OrderUnit": "P",
    "ShortName": "COC.MAKREELFIL.OLIJ.125",
    "IsNew": false,
    "EcoscoreLabel": "D",
    "RecentQuanityOfStockUnits": "1",
    "LongName": "COCAGNE makreelfilets in olijfolie 125g",
    "AlcoholVolume": "0",
    "FicCode": "E",
    "EcoscoreValue": "39"
  },
  {
    "productId": "856993",
    "technicalArticleNumber": "4706876",
    "commercialArticleNumber": "31461",
    "name": "exotische fruitsalad",
    "description": "*Fruitmengeling\n*Ananas, kiwi,\nmango, blauwe bes",
    "brand": "BONI",
    "seoBrand": "Boni Selection",
    "thumbNail": "https://static.colruytgroup.com/images/200x200/std.lang.all/41/79/asset-3174179.jpg",
    "fullImage": "https://static.colruytgroup.com/images/500x500/std.lang.all/41/79/asset-3174179.jpg",
    "squareImage": "https://static.colruytgroup.com/images/500x500sq/std.lang.all/41/79/asset-3174179.jpg",
    "content": "160g",
    "walkRouteSequenceNumber": 7450,
    "price": {
      "basicPrice": 2.39,
      "recommendedQuantity": "1.0",
      "measurementUnitPrice": 14.94,
      "measurementUnit": "K",
      "isRedPrice": false,
      "pricePerUOM": 14.94,
      "activationDate": "06-03-2024",
      "isPromoActive": "N",
      "priceChangeCode": "L"
    },
    "isAvailable": true,
    "isPriceAvailable": true,
    "inPromo": false,
    "gtin": [
      "05400141479751"
    ],
    "topCategoryName": "Conserven",
    "topCategoryId": "188",
    "businessDomain": "RETAIL_BE",
    "IsPrivateLabel": true,
    "IsBiffe": false,
    "WeightconversionFactor": "0",
    "IsWeightArticle": false,
    "nutriscoreLabel": "A",
    "IsBio": false,
    "CountryOfOrigin": "BELGIË",
    "IsExclusivelySoldInLuxembourg": false,
    "OrderUnit": "P",
    "ShortName": "BONI EXOT.FRUITSAL.160G",
    "InSeason": true,
    "IsNew": false,
    "RecentQuanityOfStockUnits": "1",
    "LongName": "BONI exotische fruitsalad 160g",
    "AlcoholVolume": "0",
    "StartSeasonDate": "05/09/2023",
    "FicCode": "I"
  },
  {
    "productId": "214884",
    "technicalArticleNumber": "3504973",
    "commercialArticleNumber": "50565",
    "name": "appelmous.zond.t.suik. bok",
    "description": "*Appelmousseline\nzonder suiker",
    "brand": "MATERNE",
    "seoBrand": "Materne",
    "thumbNail": "https://static.colruytgroup.com/images/200x200/nl_be/33/46/asset-3423346.jpg",
    "fullImage": "https://static.colruytgroup.com/images/500x500/nl_be/33/46/asset-3423346.jpg",
    "squareImage": "https://static.colruytgroup.com/images/500x500sq/nl_be/33/46/asset-3423346.jpg",
    "content": "360g",
    "walkRouteSequenceNumber": 16534,
    "price": {
      "basicPrice": 2.54,
      "recommendedQuantity": "1.0",
      "measurementUnitPrice": 7.06,
      "measurementUnit": "K",
      "isRedPrice": false,
      "pricePerUOM": 7.06,
      "activationDate": "17-02-2024",
      "recordSource": "Offline",
      "isPromoActive": "N",
      "priceChangeCode": "E"
    },
    "isAvailable": true,
    "isPriceAvailable": true,
    "inPromo": false,
    "gtin": [
      "05410046017828",
      "05410046017835"
    ],
    "topCategoryName": "Conserven",
    "topCategoryId": "188",
    "businessDomain": "RETAIL_BE",
    "IsPrivateLabel": false,
    "IsBiffe": false,
    "WeightconversionFactor": "0",
    "IsWeightArticle": false,
    "nutriscoreLabel": "A",
    "IsBio": false,
    "CountryOfOrigin": "BELGIË",
    "IsExclusivelySoldInLuxembourg": false,
    "OrderUnit": "P",
    "ShortName": "MAT.APPELM.Z.T.SUIK360G",
    "IsNew": false,
    "RecentQuanityOfStockUnits": "1",
    "LongName": "MATERNE appelmous.zond.t.suik. bok 360g",
    "AlcoholVolume": "0",
    "FicCode": "E"
  },
  {
    "productId": "672",
    "technicalArticleNumber": "10257",
    "commercialArticleNumber": "10257",
    "name": "hal.abrik.lichte sir blik",
    "description": "*Halve abrikozen op\nlichte siroop",
    "brand": "DEL MONTE",
    "seoBrand": "Del Monte",
    "thumbNail": "https://static.colruytgroup.com/images/200x200/std.lang.all/95/35/asset-2409535.jpg",
    "fullImage": "https://static.colruytgroup.com/images/500x500/std.lang.all/95/35/asset-2409535.jpg",
    "squareImage": "https://static.colruytgroup.com/images/500x500sq/std.lang.all/95/35/asset-2409535.jpg",
    "content": "420g",
    "walkRouteSequenceNumber": 16667,
    "price": {
      "basicPrice": 2.49,
      "recommendedQuantity": "3.0",
      "measurementUnitPrice": 10.38,
      "measurementUnit": "K",
      "isRedPrice": false,
      "pricePerUOM": 10.38,
      "activationDate": "02-02-2024",
      "recordSource": "Offline",
      "isPromoActive": "N",
      "priceChangeCode": "E"
    },
    "isAvailable": true,
    "isPriceAvailable": true,
    "inPromo": false,
    "gtin": [
      "00000025102574",
      "00024000024385",
      "00024000028536",
      "05400141202571"
    ],
    "topCategoryName": "Conserven",
    "topCategoryId": "188",
    "businessDomain": "RETAIL_BE",
    "IsPrivateLabel": false,
    "IsBiffe": false,
    "WeightconversionFactor": "0",
    "IsWeightArticle": false,
    "nutriscoreLabel": "A",
    "IsBio": false,
    "CountryOfOrigin": "ZUID-AFRIKA",
    "IsExclusivelySoldInLuxembourg": false,
    "OrderUnit": "P",
    "ShortName": "DELM ABRIKOOS 420 GR",
    "InSeason": true,
    "IsNew": false,
    "EcoscoreLabel": "A",
    "RecentQuanityOfStockUnits": "3,1",
    "LongName": "DEL MONTE hal.abrik.lichte sir blik 420g",
    "AlcoholVolume": "0",
    "StartSeasonDate": "26/02/1996",
    "FicCode": "E",
    "EcoscoreValue": "100"
  },
  {
    "productId": "58256",
    "technicalArticleNumber": "2310779",
    "commercialArticleNumber": "16804",
    "name": "sardienen in eigen nat",
    "description": "*Sardines in eigen\nnat",
    "brand": "COCAGNE",
    "seoBrand": "Cocagne",
    "thumbNail": "https://static.colruytgroup.com/images/200x200/std.lang.all/71/16/asset-857116.jpg",
    "fullImage": "https://static.colruytgroup.com/images/500x500/std.lang.all/71/16/asset-857116.jpg",
    "squareImage": "https://static.colruytgroup.com/images/500x500sq/std.lang.all/71/16/asset-857116.jpg",
    "content": "125g",
    "walkRouteSequenceNumber": 16677,
    "price": {
      "basicPrice": 2.01,
      "recommendedQuantity": "5.0",
      "measurementUnitPrice": 22.34,
      "measurementUnit": "K",
      "isRedPrice": false,
      "pricePerUOM": 22.34,
      "activationDate": "05-03-2024",
      "isPromoActive": "N",
      "priceChangeCode": "L"
    },
    "isAvailable": true,
    "isPriceAvailable": true,
    "inPromo": false,
    "gtin": [
      "15411251104003",
      "05411251104006",
      "05601010114265"
    ],
    "topCategoryName": "Conserven",
    "topCategoryId": "188",
    "businessDomain": "RETAIL_BE",
    "IsPrivateLabel": false,
    "IsBiffe": false,
    "WeightconversionFactor": "0",
    "IsWeightArticle": false,
    "nutriscoreLabel": "A",
    "IsBio": false,
    "CountryOfOrigin": "PORTUGAL",
    "IsExclusivelySoldInLuxembourg": false,
    "OrderUnit": "P",
    "ShortName": "COCAGNE SARDIN NAT 125G",
    "InSeason": true,
    "IsNew": false,
    "EcoscoreLabel": "C",
    "RecentQuanityOfStockUnits": "1,5",
    "LongName": "COCAGNE sardienen in eigen nat 125g",
    "AlcoholVolume": "0",
    "StartSeasonDate": "12/07/2022",
    "FicCode": "E",
    "EcoscoreValue": "41"
  },
  {
    "productId": "623507",
    "technicalArticleNumber": "4304547",
    "commercialArticleNumber": "23713",
    "name": "tonijn natuur",
    "brand": "SAUPIQUET",
    "seoBrand": "Saupiquet",
    "thumbNail": "https://static.colruytgroup.com/images/200x200/std.lang.all/21/40/asset-2372140.jpg",
    "fullImage": "https://static.colruytgroup.com/images/500x500/std.lang.all/21/40/asset-2372140.jpg",
    "squareImage": "https://static.colruytgroup.com/images/500x500sq/std.lang.all/21/40/asset-2372140.jpg",
    "content": "185g",
    "walkRouteSequenceNumber": 16721,
    "price": {
      "basicPrice": 3.85,
      "recommendedQuantity": "2.0",
      "measurementUnitPrice": 29.62,
      "measurementUnit": "K",
      "isRedPrice": false,
      "pricePerUOM": 29.62,
      "activationDate": "16-03-2024",
      "recordSource": "Offline",
      "isPromoActive": "N",
      "priceChangeCode": "E"
    },
    "isAvailable": true,
    "isPriceAvailable": true,
    "inPromo": true,
    "promotion": [
      {
        "techPromoId": "100876COLR",
        "promotionId": "100876",
        "promotionType": "3",
        "isPersonalized": "N",
        "publicationStartDate": "13-03-2024",
        "publicationEndDate": "26-03-2024"
      }
    ],
    "gtin": [
      "05415087016090",
      "15415087016097",
      "05425015991665",
      "15425015991747",
      "03165950130027",
      "03165950113013"
    ],
    "topCategoryName": "Conserven",
    "topCategoryId": "188",
    "businessDomain": "RETAIL_BE",
    "IsPrivateLabel": false,
    "IsBiffe": false,
    "WeightconversionFactor": "0",
    "IsWeightArticle": false,
    "nutriscoreLabel": "A",
    "IsBio": false,
    "CountryOfOrigin": "FRANKRIJK",
    "IsExclusivelySoldInLuxembourg": false,
    "OrderUnit": "P",
    "ShortName": "SAUP TONIJN NATUUR 185G",
    "InSeason": true,
    "IsNew": false,
    "EcoscoreLabel": "D",
    "RecentQuanityOfStockUnits": "2,1,2,16",
    "LongName": "SAUPIQUET tonijn natuur 185g",
    "StartSeasonDate": "25/01/2021",
    "FicCode": "E",
    "EcoscoreValue": "21"
  },
  {
    "productId": "821504",
    "technicalArticleNumber": "4655743",
    "commercialArticleNumber": "29689",
    "name": "doperwtjes extra fijn",
    "brand": "HAK",
    "seoBrand": "Hak",
    "thumbNail": "https://static.colruytgroup.com/images/200x200/std.lang.all/38/34/asset-2903834.jpg",
    "fullImage": "https://static.colruytgroup.com/images/500x500/std.lang.all/38/34/asset-2903834.jpg",
    "squareImage": "https://static.colruytgroup.com/images/500x500sq/std.lang.all/38/34/asset-2903834.jpg",
    "content": "350g",
    "walkRouteSequenceNumber": 16389,
    "price": {
      "basicPrice": 0.99,
      "recommendedQuantity": "1.0",
      "measurementUnitPrice": 4.31,
      "measurementUnit": "K",
      "isRedPrice": false,
      "pricePerUOM": 4.31,
      "activationDate": "23-03-2024",
      "recordSource": "Folder",
      "isPromoActive": "N",
      "priceChangeCode": "E"
    },
    "isAvailable": true,
    "isPriceAvailable": true,
    "inPromo": false,
    "gtin": [
      "08720600056109",
      "15400141677857",
      "08720600055102"
    ],
    "topCategoryName": "Conserven",
    "topCategoryId": "188",
    "businessDomain": "RETAIL_BE",
    "IsPrivateLabel": false,
    "IsBiffe": false,
    "WeightconversionFactor": "0",
    "IsWeightArticle": false,
    "nutriscoreLabel": "A",
    "IsBio": false,
    "CountryOfOrigin": "NEDERLAND",
    "IsExclusivelySoldInLuxembourg": false,
    "OrderUnit": "P",
    "ShortName": "HAK DOPERWTJES EF 350G",
    "IsNew": false,
    "EcoscoreLabel": "B",
    "RecentQuanityOfStockUnits": "1,12",
    "LongName": "HAK doperwtjes extra fijn 350g",
    "AlcoholVolume": "0",
    "FicCode": "E",
    "EcoscoreValue": "77"
  },
  {
    "productId": "690671",
    "technicalArticleNumber": "4417176",
    "commercialArticleNumber": "19789",
    "name": "tonijn MSC olijfolie",
    "description": "*Tonijnmoot in\nolijfolie\n*MSC",
    "brand": "RIO MARE",
    "seoBrand": "Rio Mare",
    "thumbNail": "https://static.colruytgroup.com/images/200x200/std.lang.all/22/41/asset-2372241.jpg",
    "fullImage": "https://static.colruytgroup.com/images/500x500/std.lang.all/22/41/asset-2372241.jpg",
    "squareImage": "https://static.colruytgroup.com/images/500x500sq/std.lang.all/22/41/asset-2372241.jpg",
    "content": "160g",
    "walkRouteSequenceNumber": 16750,
    "price": {
      "basicPrice": 4.49,
      "recommendedQuantity": "1.0",
      "measurementUnitPrice": 28.07,
      "measurementUnit": "K",
      "isRedPrice": false,
      "pricePerUOM": 28.07,
      "activationDate": "22-02-2024",
      "recordSource": "Offline",
      "isPromoActive": "N",
      "priceChangeCode": "H"
    },
    "isAvailable": true,
    "isPriceAvailable": true,
    "inPromo": false,
    "gtin": [
      "08004030125001",
      "05415087013556",
      "15415087013553",
      "08004030125018"
    ],
    "topCategoryName": "Conserven",
    "topCategoryId": "188",
    "businessDomain": "RETAIL_BE",
    "IsPrivateLabel": false,
    "IsBiffe": false,
    "WeightconversionFactor": "0",
    "IsWeightArticle": false,
    "nutriscoreLabel": "D",
    "IsBio": false,
    "CountryOfOrigin": "ITALIË",
    "IsExclusivelySoldInLuxembourg": false,
    "OrderUnit": "P",
    "ShortName": "R MARE TON.OLIJF MSC160",
    "IsNew": false,
    "EcoscoreLabel": "C",
    "RecentQuanityOfStockUnits": "2,1",
    "LongName": "RIO MARE tonijn MSC olijfolie 160g",
    "FicCode": "E",
    "EcoscoreValue": "50"
  },
  {
    "productId": "866274",
    "technicalArticleNumber": "4718725",
    "commercialArticleNumber": "6978",
    "name": "Witte bonen Tmtnsaus Blik",
    "description": "*Witte bonen in\n*tomatensaus",
    "brand": "BONDUELLE",
    "seoBrand": "Bonduelle",
    "thumbNail": "https://static.colruytgroup.com/images/200x200/std.lang.all/86/41/asset-3228641.jpg",
    "fullImage": "https://static.colruytgroup.com/images/500x500/std.lang.all/86/41/asset-3228641.jpg",
    "squareImage": "https://static.colruytgroup.com/images/500x500sq/std.lang.all/86/41/asset-3228641.jpg",
    "content": "200g",
    "walkRouteSequenceNumber": 16472,
    "price": {
      "basicPrice": 1.19,
      "recommendedQuantity": "1.0",
      "measurementUnitPrice": 5.95,
      "measurementUnit": "K",
      "isRedPrice": false,
      "pricePerUOM": 5.95,
      "activationDate": "11-03-2024",
      "recordSource": "Offline",
      "isPromoActive": "N",
      "priceChangeCode": "E"
    },
    "isAvailable": true,
    "isPriceAvailable": true,
    "inPromo": false,
    "gtin": [
      "03083680615433",
      "03083680010726"
    ],
    "topCategoryName": "Conserven",
    "topCategoryId": "188",
    "businessDomain": "RETAIL_BE",
    "IsPrivateLabel": false,
    "IsBiffe": false,
    "WeightconversionFactor": "0",
    "IsWeightArticle": false,
    "nutriscoreLabel": "A",
    "IsBio": false,
    "CountryOfOrigin": "EUROPA",
    "IsExclusivelySoldInLuxembourg": false,
    "OrderUnit": "P",
    "ShortName": "BOND WIT.BON.TOM.200G",
    "IsNew": false,
    "EcoscoreLabel": "B",
    "RecentQuanityOfStockUnits": "1",
    "LongName": "BONDUELLE Witte bonen Tmtnsaus Blik 200g",
    "AlcoholVolume": "0",
    "FicCode": "E",
    "EcoscoreValue": "77"
  },
  {
    "productId": "594648",
    "technicalArticleNumber": "4255464",
    "commercialArticleNumber": "21893",
    "name": "makreelfil.mosterdsaus",
    "brand": "FEUILLE D'OR",
    "seoBrand": "Feuille d'Or",
    "thumbNail": "https://static.colruytgroup.com/images/200x200/std.lang.all/10/07/asset-2141007.jpg",
    "fullImage": "https://static.colruytgroup.com/images/500x500/std.lang.all/10/07/asset-2141007.jpg",
    "squareImage": "https://static.colruytgroup.com/images/500x500sq/std.lang.all/10/07/asset-2141007.jpg",
    "content": "125g",
    "walkRouteSequenceNumber": 16649,
    "price": {
      "basicPrice": 3.09,
      "recommendedQuantity": "3.0",
      "measurementUnitPrice": 24.72,
      "measurementUnit": "K",
      "isRedPrice": false,
      "pricePerUOM": 24.72,
      "activationDate": "19-03-2024",
      "recordSource": "Offline",
      "isPromoActive": "N",
      "priceChangeCode": "H"
    },
    "isAvailable": true,
    "isPriceAvailable": true,
    "inPromo": false,
    "gtin": [
      "05412374001258",
      "05412374001272",
      "05412374001289"
    ],
    "topCategoryName": "Conserven",
    "topCategoryId": "188",
    "businessDomain": "RETAIL_BE",
    "IsPrivateLabel": false,
    "IsBiffe": false,
    "WeightconversionFactor": "0",
    "IsWeightArticle": false,
    "nutriscoreLabel": "B",
    "IsBio": false,
    "CountryOfOrigin": "POLEN",
    "IsExclusivelySoldInLuxembourg": false,
    "OrderUnit": "P",
    "ShortName": "FEUI MAKREEL MOSTERD125",
    "IsNew": false,
    "EcoscoreLabel": "D",
    "RecentQuanityOfStockUnits": "1,3",
    "LongName": "FEUILLE D'OR makreelfil.mosterdsaus 125g",
    "AlcoholVolume": "0",
    "FicCode": "E",
    "EcoscoreValue": "33"
  },
  {
    "productId": "522",
    "technicalArticleNumber": "9304",
    "commercialArticleNumber": "9304",
    "name": "ravioli bolognese blik",
    "description": "*Ravioli met\nbolognesesaus\n*Aantal porties: 1\n*Opwarmen in oven,\npan, microgolfoven",
    "brand": "ZAPETTI",
    "seoBrand": "Zapetti",
    "thumbNail": "https://static.colruytgroup.com/images/200x200/nl_be/57/61/asset-3195761.jpg",
    "fullImage": "https://static.colruytgroup.com/images/500x500/nl_be/57/61/asset-3195761.jpg",
    "squareImage": "https://static.colruytgroup.com/images/500x500sq/nl_be/57/61/asset-3195761.jpg",
    "content": "800g",
    "walkRouteSequenceNumber": 16759,
    "price": {
      "basicPrice": 5.99,
      "recommendedQuantity": "2.0",
      "measurementUnitPrice": 7.49,
      "measurementUnit": "K",
      "isRedPrice": false,
      "pricePerUOM": 7.49,
      "activationDate": "23-02-2024",
      "recordSource": "Offline",
      "isPromoActive": "N",
      "priceChangeCode": "L"
    },
    "isAvailable": true,
    "isPriceAvailable": true,
    "inPromo": false,
    "gtin": [
      "00000025093049",
      "03021690011098",
      "03021690018769",
      "03021699008617",
      "03021699023542"
    ],
    "topCategoryName": "Conserven",
    "topCategoryId": "188",
    "businessDomain": "RETAIL_BE",
    "IsPrivateLabel": false,
    "IsBiffe": false,
    "WeightconversionFactor": "0",
    "IsWeightArticle": false,
    "nutriscoreLabel": "C",
    "IsBio": false,
    "CountryOfOrigin": "FRANKRIJK",
    "IsExclusivelySoldInLuxembourg": false,
    "OrderUnit": "P",
    "ShortName": "ZAPET RAVIOLI BOLOG800G",
    "IsNew": false,
    "EcoscoreLabel": "C",
    "RecentQuanityOfStockUnits": "1,2",
    "LongName": "ZAPETTI ravioli bolognese blik 800g",
    "AlcoholVolume": "0",
    "FicCode": "E",
    "EcoscoreValue": "53"
  },
  {
    "productId": "518",
    "technicalArticleNumber": "9290",
    "commercialArticleNumber": "9290",
    "name": "ravioli zuiver rund blik",
    "description": "*Ravioli van zuiver\nrundsvlees met\nItaliaanse saus\n*Aantal porties: 3\n*Pan, microgolfoven",
    "brand": "ZAPETTI",
    "seoBrand": "Zapetti",
    "thumbNail": "https://static.colruytgroup.com/images/200x200/nl_be/57/57/asset-3195757.jpg",
    "fullImage": "https://static.colruytgroup.com/images/500x500/nl_be/57/57/asset-3195757.jpg",
    "squareImage": "https://static.colruytgroup.com/images/500x500sq/nl_be/57/57/asset-3195757.jpg",
    "content": "1,2kg",
    "walkRouteSequenceNumber": 16763,
    "price": {
      "basicPrice": 7.99,
      "recommendedQuantity": "2.0",
      "measurementUnitPrice": 6.66,
      "measurementUnit": "K",
      "isRedPrice": false,
      "pricePerUOM": 6.66,
      "activationDate": "16-02-2024",
      "isPromoActive": "N",
      "priceChangeCode": "H"
    },
    "isAvailable": true,
    "isPriceAvailable": true,
    "inPromo": false,
    "gtin": [
      "00000025092905",
      "03021690011173",
      "03021699008693",
      "05400141092905"
    ],
    "topCategoryName": "Conserven",
    "topCategoryId": "188",
    "businessDomain": "RETAIL_BE",
    "IsPrivateLabel": false,
    "IsBiffe": false,
    "WeightconversionFactor": "0",
    "IsWeightArticle": false,
    "nutriscoreLabel": "C",
    "IsBio": false,
    "CountryOfOrigin": "FRANKRIJK",
    "IsExclusivelySoldInLuxembourg": false,
    "OrderUnit": "P",
    "ShortName": "ZAP RAVIOLI RUND1200G",
    "IsNew": false,
    "EcoscoreLabel": "C",
    "RecentQuanityOfStockUnits": "2,1",
    "LongName": "ZAPETTI ravioli zuiver rund blik 1,2kg",
    "AlcoholVolume": "0",
    "FicCode": "E",
    "EcoscoreValue": "53"
  },
  {
    "productId": "686674",
    "technicalArticleNumber": "4410172",
    "commercialArticleNumber": "24986",
    "name": "ontpitte groene olijven",
    "brand": "BRINDOLIVE",
    "seoBrand": "Brindolive",
    "thumbNail": "https://static.colruytgroup.com/images/200x200/std.lang.all/31/61/asset-2353161.jpg",
    "fullImage": "https://static.colruytgroup.com/images/500x500/std.lang.all/31/61/asset-2353161.jpg",
    "squareImage": "https://static.colruytgroup.com/images/500x500sq/std.lang.all/31/61/asset-2353161.jpg",
    "content": "940g",
    "walkRouteSequenceNumber": 4595,
    "price": {
      "basicPrice": 3.39,
      "recommendedQuantity": "1.0",
      "measurementUnitPrice": 3.61,
      "measurementUnit": "K",
      "isRedPrice": false,
      "pricePerUOM": 3.61,
      "activationDate": "22-02-2024",
      "isPromoActive": "N",
      "priceChangeCode": "H"
    },
    "isAvailable": true,
    "isPriceAvailable": true,
    "inPromo": false,
    "gtin": [
      "05412535002599",
      "05412535002438"
    ],
    "topCategoryName": "Chips/Borrelhapjes",
    "topCategoryId": "306",
    "businessDomain": "RETAIL_BE",
    "IsPrivateLabel": false,
    "IsBiffe": false,
    "WeightconversionFactor": "0",
    "IsWeightArticle": false,
    "IsBio": false,
    "CountryOfOrigin": "MAROKKO",
    "IsExclusivelySoldInLuxembourg": false,
    "OrderUnit": "P",
    "ShortName": "BRIN ONTP.GR.OLIJVEN940",
    "IsNew": false,
    "RecentQuanityOfStockUnits": "6,1",
    "LongName": "BRINDOLIVE ontpitte groene olijven 940g",
    "FicCode": "E"
  },
  {
    "productId": "697",
    "technicalArticleNumber": "12620",
    "commercialArticleNumber": "12620",
    "name": "Crunchy curry",
    "description": "*Kerriesoep met\ncroutons",
    "brand": "ROYCO",
    "seoBrand": "Royco Crunchy",
    "thumbNail": "https://static.colruytgroup.com/images/200x200/std.lang.all/36/73/asset-3353673.jpg",
    "fullImage": "https://static.colruytgroup.com/images/500x500/std.lang.all/36/73/asset-3353673.jpg",
    "squareImage": "https://static.colruytgroup.com/images/500x500sq/std.lang.all/36/73/asset-3353673.jpg",
    "content": "20st",
    "walkRouteSequenceNumber": 16907,
    "price": {
      "basicPrice": 13.79,
      "recommendedQuantity": "1.0",
      "measurementUnitPrice": 35.18,
      "measurementUnit": "K",
      "isRedPrice": false,
      "pricePerUOM": 35.18,
      "activationDate": "07-02-2024",
      "isPromoActive": "N",
      "priceChangeCode": "H"
    },
    "isAvailable": true,
    "isPriceAvailable": true,
    "inPromo": false,
    "gtin": [
      "05410056186965",
      "05410056786967"
    ],
    "topCategoryName": "Kruidenierswaren/Droge voeding",
    "topCategoryId": "233",
    "businessDomain": "RETAIL_BE",
    "IsPrivateLabel": false,
    "IsBiffe": false,
    "WeightconversionFactor": "0",
    "IsWeightArticle": false,
    "nutriscoreLabel": "C",
    "IsBio": false,
    "CountryOfOrigin": "NEDERLAND",
    "IsExclusivelySoldInLuxembourg": false,
    "OrderUnit": "P",
    "ShortName": "RMS.CRUNCHY CURRY 20Z",
    "IsNew": false,
    "EcoscoreLabel": "B",
    "RecentQuanityOfStockUnits": "1",
    "LongName": "ROYCO Crunchy curry 20st",
    "AlcoholVolume": "0",
    "FicCode": "E",
    "EcoscoreValue": "76"
  },
  {
    "productId": "287915",
    "technicalArticleNumber": "3682763",
    "commercialArticleNumber": "12108",
    "name": "tonijn in olijfolie",
    "brand": "RIO MARE",
    "seoBrand": "Rio Mare",
    "thumbNail": "https://static.colruytgroup.com/images/200x200/std.lang.all/87/29/asset-1228729.jpg",
    "fullImage": "https://static.colruytgroup.com/images/500x500/std.lang.all/87/29/asset-1228729.jpg",
    "squareImage": "https://static.colruytgroup.com/images/500x500sq/std.lang.all/87/29/asset-1228729.jpg",
    "content": "240g",
    "walkRouteSequenceNumber": 16749,
    "price": {
      "basicPrice": 6.75,
      "recommendedQuantity": "2.0",
      "measurementUnitPrice": 28.13,
      "measurementUnit": "K",
      "isRedPrice": false,
      "pricePerUOM": 28.13,
      "activationDate": "08-03-2024",
      "recordSource": "Offline",
      "isPromoActive": "N",
      "priceChangeCode": "H"
    },
    "isAvailable": true,
    "isPriceAvailable": true,
    "inPromo": false,
    "gtin": [
      "08004030140011",
      "05415087009856",
      "15415087009853",
      "00000080040279"
    ],
    "topCategoryName": "Conserven",
    "topCategoryId": "188",
    "businessDomain": "RETAIL_BE",
    "IsPrivateLabel": false,
    "IsBiffe": false,
    "WeightconversionFactor": "0",
    "IsWeightArticle": false,
    "nutriscoreLabel": "D",
    "IsBio": false,
    "CountryOfOrigin": "ITALIË",
    "IsExclusivelySoldInLuxembourg": false,
    "OrderUnit": "P",
    "ShortName": "RIOM TONIJN OLIJFOL240G",
    "IsNew": false,
    "EcoscoreLabel": "D",
    "RecentQuanityOfStockUnits": "1,2",
    "LongName": "RIO MARE tonijn in olijfolie 240g",
    "AlcoholVolume": "0",
    "FicCode": "E",
    "EcoscoreValue": "23"
  },
  {
    "productId": "523243",
    "technicalArticleNumber": "4109095",
    "commercialArticleNumber": "8705",
    "name": "julienne oosterse groenten",
    "brand": "LIEBIG",
    "seoBrand": "Liebig",
    "thumbNail": "https://static.colruytgroup.com/images/200x200/nl_be/35/84/asset-3353584.jpg",
    "fullImage": "https://static.colruytgroup.com/images/500x500/nl_be/35/84/asset-3353584.jpg",
    "squareImage": "https://static.colruytgroup.com/images/500x500sq/nl_be/35/84/asset-3353584.jpg",
    "content": "1L",
    "walkRouteSequenceNumber": 16933,
    "price": {
      "basicPrice": 4.69,
      "recommendedQuantity": "1.0",
      "measurementUnitPrice": 4.69,
      "measurementUnit": "L",
      "isRedPrice": false,
      "pricePerUOM": 4.69,
      "activationDate": "15-03-2024",
      "recordSource": "Offline",
      "isPromoActive": "N",
      "priceChangeCode": "H"
    },
    "isAvailable": true,
    "isPriceAvailable": true,
    "inPromo": false,
    "gtin": [
      "05414972727370",
      "05414972127378"
    ],
    "topCategoryName": "Kruidenierswaren/Droge voeding",
    "topCategoryId": "233",
    "businessDomain": "RETAIL_BE",
    "IsPrivateLabel": false,
    "IsBiffe": false,
    "WeightconversionFactor": "0",
    "IsWeightArticle": false,
    "nutriscoreLabel": "C",
    "IsBio": false,
    "CountryOfOrigin": "FRANKRIJK",
    "IsExclusivelySoldInLuxembourg": false,
    "OrderUnit": "P",
    "ShortName": "LIEB JUL.OOSTERSE GR.1L",
    "IsNew": false,
    "EcoscoreLabel": "B",
    "RecentQuanityOfStockUnits": "1",
    "LongName": "LIEBIG julienne oosterse groenten 1L",
    "FicCode": "E",
    "EcoscoreValue": "78"
  },
  {
    "productId": "708085",
    "technicalArticleNumber": "4447580",
    "commercialArticleNumber": "22309",
    "name": "leverpastei",
    "brand": "BONI",
    "seoBrand": "Boni Selection",
    "thumbNail": "https://static.colruytgroup.com/images/200x200/std.lang.all/69/19/asset-2636919.jpg",
    "fullImage": "https://static.colruytgroup.com/images/500x500/std.lang.all/69/19/asset-2636919.jpg",
    "squareImage": "https://static.colruytgroup.com/images/500x500sq/std.lang.all/69/19/asset-2636919.jpg",
    "content": "3x43g",
    "walkRouteSequenceNumber": 16866,
    "price": {
      "basicPrice": 0.913,
      "recommendedQuantity": "1.0",
      "measurementUnitPrice": 7.08,
      "measurementUnit": "K",
      "isRedPrice": false,
      "pricePerUOM": 7.08,
      "activationDate": "23-03-2024",
      "recordSource": "Offline",
      "isPromoActive": "N",
      "priceChangeCode": "L"
    },
    "isAvailable": true,
    "isPriceAvailable": true,
    "inPromo": false,
    "gtin": [
      "05400141662313",
      "05400141642643"
    ],
    "topCategoryName": "Conserven",
    "topCategoryId": "188",
    "businessDomain": "RETAIL_BE",
    "IsPrivateLabel": true,
    "IsBiffe": false,
    "WeightconversionFactor": "0",
    "IsWeightArticle": false,
    "nutriscoreLabel": "E",
    "IsBio": false,
    "CountryOfOrigin": "BELGIË",
    "IsExclusivelySoldInLuxembourg": false,
    "OrderUnit": "P",
    "ShortName": "BONI LEVERPASTEI 3X43G",
    "IsNew": false,
    "EcoscoreLabel": "C",
    "RecentQuanityOfStockUnits": "1",
    "LongName": "BONI leverpastei 3x43g",
    "FicCode": "I",
    "EcoscoreValue": "44"
  },
  {
    "productId": "691",
    "technicalArticleNumber": "12610",
    "commercialArticleNumber": "12610",
    "name": "soep gevogelte",
    "description": "*Gevogeltesoep met\ncroutons",
    "brand": "ROYCO CRUNCHY",
    "seoBrand": "Royco Crunchy",
    "thumbNail": "https://static.colruytgroup.com/images/200x200/std.lang.all/36/71/asset-3353671.jpg",
    "fullImage": "https://static.colruytgroup.com/images/500x500/std.lang.all/36/71/asset-3353671.jpg",
    "squareImage": "https://static.colruytgroup.com/images/500x500sq/std.lang.all/36/71/asset-3353671.jpg",
    "content": "20st",
    "walkRouteSequenceNumber": 16914,
    "price": {
      "basicPrice": 13.79,
      "recommendedQuantity": "1.0",
      "measurementUnitPrice": 33.64,
      "measurementUnit": "K",
      "isRedPrice": false,
      "pricePerUOM": 33.64,
      "activationDate": "28-02-2024",
      "isPromoActive": "N",
      "priceChangeCode": "H"
    },
    "isAvailable": true,
    "isPriceAvailable": true,
    "inPromo": false,
    "gtin": [
      "05410056187467",
      "05410056787469"
    ],
    "topCategoryName": "Kruidenierswaren/Droge voeding",
    "topCategoryId": "233",
    "businessDomain": "RETAIL_BE",
    "IsPrivateLabel": false,
    "IsBiffe": false,
    "WeightconversionFactor": "0",
    "IsWeightArticle": false,
    "nutriscoreLabel": "C",
    "IsBio": false,
    "CountryOfOrigin": "NEDERLAND",
    "IsExclusivelySoldInLuxembourg": false,
    "OrderUnit": "P",
    "ShortName": "RMS CRUNCHY GEVOGELT20Z",
    "IsNew": false,
    "EcoscoreLabel": "D",
    "RecentQuanityOfStockUnits": "1",
    "LongName": "ROYCO CRUNCHY soep gevogelte 20st",
    "AlcoholVolume": "0",
    "FicCode": "E",
    "EcoscoreValue": "32"
  },
  {
    "productId": "662032",
    "technicalArticleNumber": "4368327",
    "commercialArticleNumber": "24165",
    "name": "sojascheuten",
    "brand": "SO THAI",
    "seoBrand": "So Thai",
    "thumbNail": "https://static.colruytgroup.com/images/200x200/std.lang.all/89/29/asset-2338929.jpg",
    "fullImage": "https://static.colruytgroup.com/images/500x500/std.lang.all/89/29/asset-2338929.jpg",
    "squareImage": "https://static.colruytgroup.com/images/500x500sq/std.lang.all/89/29/asset-2338929.jpg",
    "content": "340g",
    "walkRouteSequenceNumber": 8680,
    "price": {
      "basicPrice": 3.2,
      "recommendedQuantity": "1.0",
      "measurementUnitPrice": 9.42,
      "measurementUnit": "K",
      "isRedPrice": false,
      "pricePerUOM": 9.42,
      "activationDate": "14-02-2024",
      "recordSource": "Offline",
      "isPromoActive": "N",
      "priceChangeCode": "E"
    },
    "isAvailable": true,
    "isPriceAvailable": true,
    "inPromo": false,
    "gtin": [
      "08715017220335",
      "08715017220328"
    ],
    "topCategoryName": "Conserven",
    "topCategoryId": "188",
    "businessDomain": "RETAIL_BE",
    "IsPrivateLabel": false,
    "IsBiffe": false,
    "WeightconversionFactor": "0",
    "IsWeightArticle": false,
    "nutriscoreLabel": "A",
    "IsBio": false,
    "CountryOfOrigin": "NEDERLAND",
    "IsExclusivelySoldInLuxembourg": false,
    "OrderUnit": "P",
    "ShortName": "SOTH SOJASCHEUTEN 340G",
    "IsNew": false,
    "EcoscoreLabel": "B",
    "RecentQuanityOfStockUnits": "1",
    "LongName": "SO THAI sojascheuten 340g",
    "FicCode": "E",
    "EcoscoreValue": "77"
  },
  {
    "productId": "18568",
    "technicalArticleNumber": "1716018",
    "commercialArticleNumber": "10438",
    "name": "mirabellen op siroop bokaal",
    "description": "*Kleine ronde pruim\nop siroop",
    "brand": "BONI",
    "seoBrand": "Boni Selection",
    "thumbNail": "https://static.colruytgroup.com/images/200x200/std.lang.all/24/88/asset-1372488.jpg",
    "fullImage": "https://static.colruytgroup.com/images/500x500/std.lang.all/24/88/asset-1372488.jpg",
    "squareImage": "https://static.colruytgroup.com/images/500x500sq/std.lang.all/24/88/asset-1372488.jpg",
    "content": "560g",
    "walkRouteSequenceNumber": 16693,
    "price": {
      "basicPrice": 1.69,
      "recommendedQuantity": "1.0",
      "quantityPrice": 1.26,
      "quantityPriceQuantity": "4.0",
      "measurementUnitPrice": 5.83,
      "measurementUnitQuantityPrice": 4.35,
      "measurementUnit": "K",
      "isRedPrice": false,
      "pricePerUOM": 5.83,
      "activationDate": "20-03-2024",
      "recordSource": "Offline",
      "isPromoActive": "N",
      "priceChangeCode": "E",
      "quantityPricePerUOM": 4.35,
      "quantityActivationDate": "20-03-2024",
      "quantityPriceChangeCode": "E"
    },
    "isAvailable": true,
    "isPriceAvailable": true,
    "inPromo": false,
    "gtin": [
      "05400141166897",
      "05400141213515",
      "05400141281354",
      "15400141281351"
    ],
    "topCategoryName": "Conserven",
    "topCategoryId": "188",
    "businessDomain": "RETAIL_BE",
    "IsPrivateLabel": true,
    "IsBiffe": false,
    "WeightconversionFactor": "0",
    "IsWeightArticle": false,
    "nutriscoreLabel": "C",
    "IsBio": false,
    "CountryOfOrigin": "NEDERLAND",
    "IsExclusivelySoldInLuxembourg": false,
    "OrderUnit": "P",
    "ShortName": "BONI MIRABELLEN 560G",
    "InSeason": true,
    "IsNew": false,
    "EcoscoreLabel": "C",
    "RecentQuanityOfStockUnits": "1",
    "LongName": "BONI mirabellen op siroop bokaal 560g",
    "AlcoholVolume": "0",
    "StartSeasonDate": "27/08/2008",
    "FicCode": "I",
    "EcoscoreValue": "54"
  },
  {
    "productId": "873527",
    "technicalArticleNumber": "4728419",
    "commercialArticleNumber": "31676",
    "name": "Trio wintergroenten",
    "brand": "BONI",
    "seoBrand": "Boni Selection",
    "thumbNail": "https://static.colruytgroup.com/images/200x200/std.lang.all/91/70/asset-3329170.jpg",
    "fullImage": "https://static.colruytgroup.com/images/500x500/std.lang.all/91/70/asset-3329170.jpg",
    "squareImage": "https://static.colruytgroup.com/images/500x500sq/std.lang.all/91/70/asset-3329170.jpg",
    "content": "180g",
    "walkRouteSequenceNumber": 6775,
    "price": {
      "basicPrice": 2.99,
      "recommendedQuantity": "1.0",
      "quantityPrice": 2.75,
      "quantityPriceQuantity": "3.0",
      "measurementUnitPrice": 16.62,
      "measurementUnitQuantityPrice": 15.28,
      "measurementUnit": "K",
      "isRedPrice": false,
      "pricePerUOM": 16.62,
      "activationDate": "31-01-2024",
      "isPromoActive": "N",
      "priceChangeCode": "E",
      "quantityPricePerUOM": 15.28,
      "quantityActivationDate": "31-01-2024",
      "quantityPriceChangeCode": "E"
    },
    "isAvailable": true,
    "isPriceAvailable": true,
    "inPromo": false,
    "gtin": [
      "05400141911176"
    ],
    "topCategoryName": "Chips/Borrelhapjes",
    "topCategoryId": "306",
    "businessDomain": "RETAIL_BE",
    "IsPrivateLabel": true,
    "IsBiffe": false,
    "WeightconversionFactor": "0",
    "IsWeightArticle": false,
    "nutriscoreLabel": "C",
    "IsBio": false,
    "CountryOfOrigin": "BELGIË",
    "IsExclusivelySoldInLuxembourg": false,
    "OrderUnit": "P",
    "ShortName": "BONI TRIO WINTERGR.180G",
    "IsNew": false,
    "EcoscoreLabel": "B",
    "RecentQuanityOfStockUnits": "1",
    "LongName": "BONI Trio wintergroenten 180g",
    "FicCode": "I",
    "EcoscoreValue": "72"
  },
  {
    "productId": "139734",
    "technicalArticleNumber": "3176861",
    "commercialArticleNumber": "1515",
    "name": "pilchards tomatensaus",
    "description": "*Pilchard met\ntomatensaus",
    "brand": "IMPERIAL",
    "seoBrand": "Imperial",
    "thumbNail": "https://static.colruytgroup.com/images/200x200/std.lang.all/79/10/asset-1127910.jpg",
    "fullImage": "https://static.colruytgroup.com/images/500x500/std.lang.all/79/10/asset-1127910.jpg",
    "squareImage": "https://static.colruytgroup.com/images/500x500sq/std.lang.all/79/10/asset-1127910.jpg",
    "content": "400g",
    "walkRouteSequenceNumber": 16678,
    "price": {
      "basicPrice": 5.47,
      "recommendedQuantity": "1.0",
      "measurementUnitPrice": 13.68,
      "measurementUnit": "K",
      "isRedPrice": false,
      "pricePerUOM": 13.68,
      "activationDate": "29-12-2023",
      "recordSource": "Offline",
      "isPromoActive": "N",
      "priceChangeCode": "H"
    },
    "isAvailable": true,
    "isPriceAvailable": true,
    "inPromo": false,
    "gtin": [
      "15410363000449",
      "05410363000442"
    ],
    "topCategoryName": "Conserven",
    "topCategoryId": "188",
    "businessDomain": "RETAIL_BE",
    "IsPrivateLabel": false,
    "IsBiffe": false,
    "WeightconversionFactor": "0",
    "IsWeightArticle": false,
    "nutriscoreLabel": "D",
    "IsBio": false,
    "CountryOfOrigin": "BELGIË",
    "IsExclusivelySoldInLuxembourg": false,
    "OrderUnit": "P",
    "ShortName": "IMP PILCH.TOM.SAUS 400G",
    "InSeason": true,
    "IsNew": false,
    "EcoscoreLabel": "E",
    "RecentQuanityOfStockUnits": "1",
    "LongName": "IMPERIAL pilchards tomatensaus 400g",
    "AlcoholVolume": "0",
    "StartSeasonDate": "19/08/2022",
    "FicCode": "E",
    "EcoscoreValue": "15"
  },
  {
    "productId": "18534",
    "technicalArticleNumber": "1654434",
    "commercialArticleNumber": "11769",
    "name": "asperges geschild",
    "description": "*Witte geschilde\nasperges",
    "brand": "AARTS",
    "seoBrand": "Aarts",
    "thumbNail": "https://static.colruytgroup.com/images/200x200/std.lang.all/48/27/asset-1164827.jpg",
    "fullImage": "https://static.colruytgroup.com/images/500x500/std.lang.all/48/27/asset-1164827.jpg",
    "squareImage": "https://static.colruytgroup.com/images/500x500sq/std.lang.all/48/27/asset-1164827.jpg",
    "content": "530g",
    "walkRouteSequenceNumber": 16442,
    "price": {
      "basicPrice": 3.93,
      "recommendedQuantity": "1.0",
      "measurementUnitPrice": 12.29,
      "measurementUnit": "K",
      "isRedPrice": false,
      "pricePerUOM": 12.29,
      "activationDate": "20-01-2024",
      "recordSource": "Offline",
      "isPromoActive": "N",
      "priceChangeCode": "L"
    },
    "isAvailable": true,
    "isPriceAvailable": true,
    "inPromo": false,
    "gtin": [
      "08710277113205",
      "08710277113083"
    ],
    "topCategoryName": "Conserven",
    "topCategoryId": "188",
    "businessDomain": "RETAIL_BE",
    "IsPrivateLabel": false,
    "IsBiffe": false,
    "WeightconversionFactor": "0",
    "IsWeightArticle": false,
    "nutriscoreLabel": "A",
    "IsBio": false,
    "CountryOfOrigin": "NEDERLAND",
    "IsExclusivelySoldInLuxembourg": false,
    "OrderUnit": "P",
    "ShortName": "AARTS WIT ASPER.BOK530G",
    "InSeason": true,
    "IsNew": false,
    "EcoscoreLabel": "B",
    "RecentQuanityOfStockUnits": "1,12",
    "LongName": "AARTS asperges geschild 530g",
    "AlcoholVolume": "0",
    "StartSeasonDate": "31/01/2017",
    "FicCode": "E",
    "EcoscoreValue": "77"
  },
  {
    "productId": "285957",
    "technicalArticleNumber": "3677008",
    "commercialArticleNumber": "9258",
    "name": "Franse zwarte olijven Nyons",
    "brand": "BONI",
    "seoBrand": "Boni Selection",
    "thumbNail": "https://static.colruytgroup.com/images/200x200/std.lang.all/99/01/asset-1549901.jpg",
    "fullImage": "https://static.colruytgroup.com/images/500x500/std.lang.all/99/01/asset-1549901.jpg",
    "squareImage": "https://static.colruytgroup.com/images/500x500sq/std.lang.all/99/01/asset-1549901.jpg",
    "content": "150g",
    "walkRouteSequenceNumber": 7691,
    "price": {
      "basicPrice": 3.49,
      "recommendedQuantity": "1.0",
      "quantityPrice": 3.21,
      "quantityPriceQuantity": "3.0",
      "measurementUnitPrice": 23.27,
      "measurementUnitQuantityPrice": 21.4,
      "measurementUnit": "K",
      "isRedPrice": false,
      "pricePerUOM": 23.27,
      "activationDate": "14-12-2023",
      "isPromoActive": "N",
      "priceChangeCode": "E",
      "quantityPricePerUOM": 21.4,
      "quantityActivationDate": "14-12-2023",
      "quantityPriceChangeCode": "E"
    },
    "isAvailable": true,
    "isPriceAvailable": true,
    "inPromo": false,
    "gtin": [
      "15400141155690",
      "05400141155693",
      "05400141387254",
      "15400141387251",
      "05400141981698",
      "15400141981695"
    ],
    "topCategoryName": "Chips/Borrelhapjes",
    "topCategoryId": "306",
    "businessDomain": "RETAIL_BE",
    "IsPrivateLabel": true,
    "IsBiffe": false,
    "WeightconversionFactor": "0",
    "IsWeightArticle": false,
    "nutriscoreLabel": "D",
    "IsBio": false,
    "CountryOfOrigin": "FRANKRIJK",
    "IsExclusivelySoldInLuxembourg": false,
    "OrderUnit": "P",
    "ShortName": "BS FR.ZW.OL.NY.NAT.150G",
    "InSeason": true,
    "IsNew": false,
    "EcoscoreLabel": "B",
    "RecentQuanityOfStockUnits": "1,9",
    "LongName": "BONI Franse zwarte olijven Nyons 150g",
    "AlcoholVolume": "0",
    "StartSeasonDate": "28/10/2020",
    "FicCode": "I",
    "EcoscoreValue": "79"
  },
  {
    "productId": "712476",
    "technicalArticleNumber": "4455005",
    "commercialArticleNumber": "26674",
    "name": "levercrème",
    "description": "*Levercrème",
    "brand": "BONI",
    "seoBrand": "Boni Selection",
    "thumbNail": "https://static.colruytgroup.com/images/200x200/std.lang.all/69/44/asset-2626944.jpg",
    "fullImage": "https://static.colruytgroup.com/images/500x500/std.lang.all/69/44/asset-2626944.jpg",
    "squareImage": "https://static.colruytgroup.com/images/500x500sq/std.lang.all/69/44/asset-2626944.jpg",
    "content": "3x43g",
    "walkRouteSequenceNumber": 16867,
    "price": {
      "basicPrice": 2.76,
      "recommendedQuantity": "1.0",
      "measurementUnitPrice": 21.4,
      "measurementUnit": "K",
      "isRedPrice": false,
      "pricePerUOM": 21.4,
      "activationDate": "19-12-2023",
      "isPromoActive": "N",
      "priceChangeCode": "L"
    },
    "isAvailable": true,
    "isPriceAvailable": true,
    "inPromo": false,
    "gtin": [
      "05400141665604",
      "15400141665601"
    ],
    "topCategoryName": "Conserven",
    "topCategoryId": "188",
    "businessDomain": "RETAIL_BE",
    "IsPrivateLabel": true,
    "IsBiffe": false,
    "WeightconversionFactor": "0",
    "IsWeightArticle": false,
    "nutriscoreLabel": "C",
    "IsBio": false,
    "CountryOfOrigin": "BELGIË",
    "IsExclusivelySoldInLuxembourg": false,
    "OrderUnit": "P",
    "ShortName": "BONI CREME LEVER 3X43G",
    "IsNew": false,
    "EcoscoreLabel": "D",
    "RecentQuanityOfStockUnits": "1",
    "LongName": "BONI levercrème 3x43g",
    "FicCode": "I",
    "EcoscoreValue": "36"
  },
  {
    "productId": "394419",
    "technicalArticleNumber": "3944306",
    "commercialArticleNumber": "1623",
    "name": "pastasnack tomato mozzarella",
    "description": "*Snack\n*Klaar voor gebruik\n*Makkelijk bereiden\n*Instant maaltijd\n*Tomatensmaak",
    "brand": "KNORR",
    "seoBrand": "Knorr",
    "thumbNail": "https://static.colruytgroup.com/images/200x200/std.lang.all/53/61/asset-2795361.jpg",
    "fullImage": "https://static.colruytgroup.com/images/500x500/std.lang.all/53/61/asset-2795361.jpg",
    "squareImage": "https://static.colruytgroup.com/images/500x500sq/std.lang.all/53/61/asset-2795361.jpg",
    "content": "72g",
    "walkRouteSequenceNumber": 17039,
    "price": {
      "basicPrice": 1.25,
      "recommendedQuantity": "1.0",
      "measurementUnitPrice": 17.37,
      "measurementUnit": "K",
      "isRedPrice": false,
      "pricePerUOM": 17.37,
      "activationDate": "19-03-2024",
      "recordSource": "Folder",
      "isPromoActive": "Y",
      "priceChangeCode": "L"
    },
    "isAvailable": true,
    "isPriceAvailable": true,
    "inPromo": true,
    "promotion": [
      {
        "techPromoId": "100944COLR",
        "promotionId": "100944",
        "promotionType": "4",
        "isPersonalized": "N",
        "publicationStartDate": "13-03-2024",
        "publicationEndDate": "26-03-2024"
      }
    ],
    "gtin": [
      "08714100879580",
      "08714100879603"
    ],
    "topCategoryName": "Conserven",
    "topCategoryId": "188",
    "businessDomain": "RETAIL_BE",
    "IsPrivateLabel": false,
    "IsBiffe": false,
    "WeightconversionFactor": "0",
    "IsWeightArticle": false,
    "IsBio": false,
    "CountryOfOrigin": "DUITSLAND",
    "IsExclusivelySoldInLuxembourg": false,
    "OrderUnit": "P",
    "ShortName": "KNOR SNACKPOT TOM/MOZ72",
    "IsNew": false,
    "EcoscoreLabel": "C",
    "RecentQuanityOfStockUnits": "1,8",
    "LongName": "KNORR pastasnack tomato mozzarella 72g",
    "FicCode": "E",
    "EcoscoreValue": "49"
  },
  {
    "productId": "701",
    "technicalArticleNumber": "12650",
    "commercialArticleNumber": "12650",
    "name": "Crunchy tomaat met balletjes",
    "description": "*Tomatensoep\nmet balletjes\nen croutons",
    "brand": "ROYCO",
    "seoBrand": "Royco Crunchy",
    "thumbNail": "https://static.colruytgroup.com/images/200x200/std.lang.all/36/76/asset-3353676.jpg",
    "fullImage": "https://static.colruytgroup.com/images/500x500/std.lang.all/36/76/asset-3353676.jpg",
    "squareImage": "https://static.colruytgroup.com/images/500x500sq/std.lang.all/36/76/asset-3353676.jpg",
    "content": "20st",
    "walkRouteSequenceNumber": 16908,
    "price": {
      "basicPrice": 13.79,
      "recommendedQuantity": "1.0",
      "measurementUnitPrice": 38.31,
      "measurementUnit": "K",
      "isRedPrice": false,
      "pricePerUOM": 38.31,
      "activationDate": "07-02-2024",
      "isPromoActive": "N",
      "priceChangeCode": "H"
    },
    "isAvailable": true,
    "isPriceAvailable": true,
    "inPromo": false,
    "gtin": [
      "05410056189485",
      "05410056789487"
    ],
    "topCategoryName": "Kruidenierswaren/Droge voeding",
    "topCategoryId": "233",
    "businessDomain": "RETAIL_BE",
    "IsPrivateLabel": false,
    "IsBiffe": false,
    "WeightconversionFactor": "0",
    "IsWeightArticle": false,
    "nutriscoreLabel": "C",
    "IsBio": false,
    "CountryOfOrigin": "NEDERLAND",
    "IsExclusivelySoldInLuxembourg": false,
    "OrderUnit": "P",
    "ShortName": "RMS CRUNCHY TOM/BAL 20Z",
    "IsNew": false,
    "EcoscoreLabel": "D",
    "RecentQuanityOfStockUnits": "1,8",
    "LongName": "ROYCO Crunchy tomaat met balletjes 20st",
    "AlcoholVolume": "0",
    "FicCode": "E",
    "EcoscoreValue": "32"
  },
  {
    "productId": "754",
    "technicalArticleNumber": "11735",
    "commercialArticleNumber": "11735",
    "name": "palmharten blik",
    "description": "*Palmharten",
    "brand": "BONI",
    "seoBrand": "Boni Selection",
    "thumbNail": "https://static.colruytgroup.com/images/200x200/std.lang.all/21/23/asset-1042123.jpg",
    "fullImage": "https://static.colruytgroup.com/images/500x500/std.lang.all/21/23/asset-1042123.jpg",
    "squareImage": "https://static.colruytgroup.com/images/500x500sq/std.lang.all/21/23/asset-1042123.jpg",
    "content": "400g",
    "walkRouteSequenceNumber": 16495,
    "price": {
      "basicPrice": 1.85,
      "recommendedQuantity": "3.0",
      "measurementUnitPrice": 8.41,
      "measurementUnit": "K",
      "isRedPrice": false,
      "pricePerUOM": 8.41,
      "activationDate": "01-03-2024",
      "recordSource": "Offline",
      "isPromoActive": "N",
      "priceChangeCode": "L"
    },
    "isAvailable": true,
    "isPriceAvailable": true,
    "inPromo": false,
    "gtin": [
      "00000025117356",
      "05400141171150",
      "05400141173802",
      "05400141217353",
      "05400141277944",
      "05400141353112",
      "05400141353129",
      "15400141277941",
      "15400141834939",
      "25400141277948",
      "00049125100028",
      "05400141894318",
      "15400141894315",
      "25400141894312"
    ],
    "topCategoryName": "Conserven",
    "topCategoryId": "188",
    "businessDomain": "RETAIL_BE",
    "IsPrivateLabel": true,
    "IsBiffe": false,
    "WeightconversionFactor": "0",
    "IsWeightArticle": false,
    "nutriscoreLabel": "A",
    "IsBio": false,
    "CountryOfOrigin": "ECUADOR",
    "IsExclusivelySoldInLuxembourg": false,
    "OrderUnit": "P",
    "ShortName": "BONI PALMHARTEN 400 G",
    "IsNew": false,
    "EcoscoreLabel": "B",
    "RecentQuanityOfStockUnits": "3,1",
    "LongName": "BONI palmharten blik 400g",
    "AlcoholVolume": "0",
    "FicCode": "I",
    "EcoscoreValue": "75"
  },
  {
    "productId": "735059",
    "technicalArticleNumber": "4496000",
    "commercialArticleNumber": "19866",
    "name": "soep kip groente",
    "brand": "BONI",
    "seoBrand": "Boni Selection",
    "thumbNail": "https://static.colruytgroup.com/images/200x200/std.lang.all/16/79/asset-3361679.jpg",
    "fullImage": "https://static.colruytgroup.com/images/500x500/std.lang.all/16/79/asset-3361679.jpg",
    "squareImage": "https://static.colruytgroup.com/images/500x500sq/std.lang.all/16/79/asset-3361679.jpg",
    "content": "515ml",
    "walkRouteSequenceNumber": 16891,
    "price": {
      "basicPrice": 2.69,
      "recommendedQuantity": "1.0",
      "measurementUnitPrice": 5.23,
      "measurementUnit": "L",
      "isRedPrice": false,
      "pricePerUOM": 5.23,
      "activationDate": "21-03-2024",
      "isPromoActive": "N",
      "priceChangeCode": "H"
    },
    "isAvailable": true,
    "isPriceAvailable": true,
    "inPromo": false,
    "gtin": [
      "15400141618577",
      "05400141618570",
      "45400141915875"
    ],
    "topCategoryName": "Kruidenierswaren/Droge voeding",
    "topCategoryId": "233",
    "businessDomain": "RETAIL_BE",
    "IsPrivateLabel": true,
    "IsBiffe": false,
    "WeightconversionFactor": "0",
    "IsWeightArticle": false,
    "nutriscoreLabel": "C",
    "IsBio": false,
    "CountryOfOrigin": "NEDERLAND",
    "IsExclusivelySoldInLuxembourg": false,
    "OrderUnit": "P",
    "ShortName": "BONI KIPPENSOEP 515ML",
    "InSeason": true,
    "IsNew": false,
    "EcoscoreLabel": "A",
    "RecentQuanityOfStockUnits": "3,1",
    "LongName": "BONI soep kip groente 515ml",
    "StartSeasonDate": "20/07/2023",
    "FicCode": "I",
    "EcoscoreValue": "100"
  },
  {
    "productId": "10767",
    "technicalArticleNumber": "1397789",
    "commercialArticleNumber": "9086",
    "name": "tv-worstjes light",
    "description": "*Worst in blik\n*Klaar voor gebruik\n*Snelle snack\n*Perfect als apero\n*Kwaliteitsvlees",
    "brand": "ZWAN",
    "seoBrand": "Zwan",
    "thumbNail": "https://static.colruytgroup.com/images/200x200/std.lang.all/54/21/asset-2795421.jpg",
    "fullImage": "https://static.colruytgroup.com/images/500x500/std.lang.all/54/21/asset-2795421.jpg",
    "squareImage": "https://static.colruytgroup.com/images/500x500sq/std.lang.all/54/21/asset-2795421.jpg",
    "content": "205g",
    "walkRouteSequenceNumber": 4611,
    "price": {
      "basicPrice": 3.3,
      "recommendedQuantity": "4.0",
      "measurementUnitPrice": 27.5,
      "measurementUnit": "K",
      "isRedPrice": false,
      "pricePerUOM": 27.5,
      "activationDate": "14-03-2024",
      "recordSource": "Offline",
      "isPromoActive": "N",
      "priceChangeCode": "E"
    },
    "isAvailable": true,
    "isPriceAvailable": true,
    "inPromo": false,
    "gtin": [
      "05410033201650",
      "05400141090864",
      "08711200342730",
      "15400141251835",
      "08711200342723"
    ],
    "topCategoryName": "Conserven",
    "topCategoryId": "188",
    "businessDomain": "RETAIL_BE",
    "IsPrivateLabel": false,
    "IsBiffe": false,
    "WeightconversionFactor": "0",
    "IsWeightArticle": false,
    "nutriscoreLabel": "D",
    "IsBio": false,
    "CountryOfOrigin": "NEDERLAND",
    "IsExclusivelySoldInLuxembourg": false,
    "OrderUnit": "P",
    "ShortName": "ZWAN TV WORST LIGHT 205",
    "IsNew": false,
    "EcoscoreLabel": "E",
    "RecentQuanityOfStockUnits": "1,4",
    "LongName": "ZWAN tv-worstjes light 205g",
    "AlcoholVolume": "0",
    "FicCode": "E",
    "EcoscoreValue": "2"
  },
  {
    "productId": "568035",
    "technicalArticleNumber": "4211183",
    "commercialArticleNumber": "16260",
    "name": "worst",
    "brand": "BOMA",
    "seoBrand": "Boma",
    "thumbNail": "https://static.colruytgroup.com/images/200x200/std.lang.all/95/55/asset-1959555.jpg",
    "fullImage": "https://static.colruytgroup.com/images/500x500/std.lang.all/95/55/asset-1959555.jpg",
    "squareImage": "https://static.colruytgroup.com/images/500x500sq/std.lang.all/95/55/asset-1959555.jpg",
    "content": "30g",
    "walkRouteSequenceNumber": 4601,
    "price": {
      "basicPrice": 0.99,
      "recommendedQuantity": "1.0",
      "measurementUnitPrice": 33,
      "measurementUnit": "K",
      "isRedPrice": false,
      "pricePerUOM": 33,
      "activationDate": "03-01-2024",
      "isPromoActive": "N",
      "priceChangeCode": "H"
    },
    "isAvailable": true,
    "isPriceAvailable": true,
    "inPromo": false,
    "gtin": [
      "05410611611079",
      "05410611011077"
    ],
    "topCategoryName": "Conserven",
    "topCategoryId": "188",
    "businessDomain": "RETAIL_BE",
    "IsPrivateLabel": false,
    "IsBiffe": false,
    "WeightconversionFactor": "0",
    "IsWeightArticle": false,
    "nutriscoreLabel": "E",
    "IsBio": false,
    "CountryOfOrigin": "BELGIË",
    "IsExclusivelySoldInLuxembourg": false,
    "OrderUnit": "P",
    "ShortName": "BOMA WORST 30G",
    "IsNew": false,
    "EcoscoreLabel": "C",
    "RecentQuanityOfStockUnits": "1,60",
    "LongName": "BOMA worst 30g",
    "FicCode": "E",
    "EcoscoreValue": "41"
  },
  {
    "productId": "768500",
    "technicalArticleNumber": "4554214",
    "commercialArticleNumber": "18309",
    "name": "polpa tomatenpulp",
    "brand": "ELVEA",
    "seoBrand": "Elvea",
    "thumbNail": "https://static.colruytgroup.com/images/200x200/std.lang.all/17/27/asset-2811727.jpg",
    "fullImage": "https://static.colruytgroup.com/images/500x500/std.lang.all/17/27/asset-2811727.jpg",
    "squareImage": "https://static.colruytgroup.com/images/500x500sq/std.lang.all/17/27/asset-2811727.jpg",
    "content": "690g",
    "walkRouteSequenceNumber": 8402,
    "price": {
      "basicPrice": 3.79,
      "recommendedQuantity": "1.0",
      "measurementUnitPrice": 5.5,
      "measurementUnit": "K",
      "isRedPrice": false,
      "pricePerUOM": 5.5,
      "activationDate": "14-03-2024",
      "recordSource": "Offline",
      "isPromoActive": "N",
      "priceChangeCode": "L"
    },
    "isAvailable": true,
    "isPriceAvailable": true,
    "inPromo": false,
    "gtin": [
      "08001240101566",
      "18001240101563"
    ],
    "topCategoryName": "Conserven",
    "topCategoryId": "188",
    "businessDomain": "RETAIL_BE",
    "IsPrivateLabel": false,
    "IsBiffe": false,
    "WeightconversionFactor": "0",
    "IsWeightArticle": false,
    "nutriscoreLabel": "A",
    "IsBio": false,
    "CountryOfOrigin": "ITALIË",
    "IsExclusivelySoldInLuxembourg": false,
    "OrderUnit": "P",
    "ShortName": "ELVE POLPA TOM.PULP690G",
    "IsNew": false,
    "EcoscoreLabel": "B",
    "RecentQuanityOfStockUnits": "1,12",
    "LongName": "ELVEA polpa tomatenpulp 690g",
    "FicCode": "E",
    "EcoscoreValue": "77"
  },
  {
    "productId": "693",
    "technicalArticleNumber": "12613",
    "commercialArticleNumber": "12613",
    "name": "soep asperge",
    "description": "*Aspergesoep met\ncroutons",
    "brand": "ROYCO CRUNCHY",
    "seoBrand": "Royco Crunchy",
    "thumbNail": "https://static.colruytgroup.com/images/200x200/std.lang.all/35/21/asset-3353521.jpg",
    "fullImage": "https://static.colruytgroup.com/images/500x500/std.lang.all/35/21/asset-3353521.jpg",
    "squareImage": "https://static.colruytgroup.com/images/500x500sq/std.lang.all/35/21/asset-3353521.jpg",
    "content": "20st",
    "walkRouteSequenceNumber": 16910,
    "price": {
      "basicPrice": 13.79,
      "recommendedQuantity": "1.0",
      "measurementUnitPrice": 34.48,
      "measurementUnit": "K",
      "isRedPrice": false,
      "pricePerUOM": 34.48,
      "activationDate": "07-02-2024",
      "isPromoActive": "N",
      "priceChangeCode": "H"
    },
    "isAvailable": true,
    "isPriceAvailable": true,
    "inPromo": false,
    "gtin": [
      "05410056187450",
      "05410056787452"
    ],
    "topCategoryName": "Kruidenierswaren/Droge voeding",
    "topCategoryId": "233",
    "businessDomain": "RETAIL_BE",
    "IsPrivateLabel": false,
    "IsBiffe": false,
    "WeightconversionFactor": "0",
    "IsWeightArticle": false,
    "nutriscoreLabel": "C",
    "IsBio": false,
    "CountryOfOrigin": "NEDERLAND",
    "IsExclusivelySoldInLuxembourg": false,
    "OrderUnit": "P",
    "ShortName": "RMS CRUNCHY ASPERGES20Z",
    "IsNew": false,
    "EcoscoreLabel": "B",
    "RecentQuanityOfStockUnits": "1,8",
    "LongName": "ROYCO CRUNCHY soep asperge 20st",
    "AlcoholVolume": "0",
    "FicCode": "E",
    "EcoscoreValue": "65"
  },
  {
    "productId": "629904",
    "technicalArticleNumber": "4315198",
    "commercialArticleNumber": "1612",
    "name": "perzik schijven op sap",
    "brand": "DEL MONTE",
    "seoBrand": "Del Monte",
    "thumbNail": "https://static.colruytgroup.com/images/200x200/std.lang.all/94/78/asset-2409478.jpg",
    "fullImage": "https://static.colruytgroup.com/images/500x500/std.lang.all/94/78/asset-2409478.jpg",
    "squareImage": "https://static.colruytgroup.com/images/500x500sq/std.lang.all/94/78/asset-2409478.jpg",
    "content": "415g",
    "walkRouteSequenceNumber": 16691,
    "price": {
      "basicPrice": 2.34,
      "recommendedQuantity": "3.0",
      "measurementUnitPrice": 9.36,
      "measurementUnit": "K",
      "isRedPrice": false,
      "pricePerUOM": 9.36,
      "activationDate": "09-03-2024",
      "recordSource": "Online",
      "isPromoActive": "N",
      "priceChangeCode": "H"
    },
    "isAvailable": true,
    "isPriceAvailable": true,
    "inPromo": false,
    "gtin": [
      "00024000124764",
      "00024000124955",
      "55400141446291",
      "00024000190592"
    ],
    "topCategoryName": "Conserven",
    "topCategoryId": "188",
    "businessDomain": "RETAIL_BE",
    "IsPrivateLabel": false,
    "IsBiffe": false,
    "WeightconversionFactor": "0",
    "IsWeightArticle": false,
    "nutriscoreLabel": "A",
    "IsBio": false,
    "CountryOfOrigin": "GRIEKENLAND",
    "IsExclusivelySoldInLuxembourg": false,
    "OrderUnit": "P",
    "ShortName": "DELM PERZIK SCHI.SAP415",
    "IsNew": false,
    "EcoscoreLabel": "A",
    "RecentQuanityOfStockUnits": "3,1",
    "LongName": "DEL MONTE perzik schijven op sap 415g",
    "FicCode": "E",
    "EcoscoreValue": "95"
  },
  {
    "productId": "850331",
    "technicalArticleNumber": "4697751",
    "commercialArticleNumber": "30856",
    "name": "croutons Natuur",
    "brand": "CROUSTI SALAD",
    "seoBrand": "Crousti Salad",
    "thumbNail": "https://static.colruytgroup.com/images/200x200/std.lang.all/68/72/asset-3036872.jpg",
    "fullImage": "https://static.colruytgroup.com/images/500x500/std.lang.all/68/72/asset-3036872.jpg",
    "squareImage": "https://static.colruytgroup.com/images/500x500sq/std.lang.all/68/72/asset-3036872.jpg",
    "content": "700g",
    "walkRouteSequenceNumber": 16998,
    "price": {
      "basicPrice": 6.99,
      "recommendedQuantity": "1.0",
      "measurementUnitPrice": 9.99,
      "measurementUnit": "K",
      "isRedPrice": false,
      "pricePerUOM": 9.99,
      "activationDate": "10-01-2023",
      "isPromoActive": "N",
      "priceChangeCode": "E"
    },
    "isAvailable": true,
    "isPriceAvailable": true,
    "inPromo": false,
    "gtin": [
      "05413612210326",
      "05413612140395"
    ],
    "topCategoryName": "Kruidenierswaren/Droge voeding",
    "topCategoryId": "233",
    "businessDomain": "RETAIL_BE",
    "IsPrivateLabel": false,
    "IsBiffe": false,
    "WeightconversionFactor": "0",
    "IsWeightArticle": false,
    "nutriscoreLabel": "D",
    "IsBio": false,
    "CountryOfOrigin": "BELGIË",
    "IsExclusivelySoldInLuxembourg": false,
    "OrderUnit": "P",
    "ShortName": "HC CRSA CROUT.NAT.700G",
    "IsNew": false,
    "EcoscoreLabel": "D",
    "RecentQuanityOfStockUnits": "1",
    "LongName": "CROUSTI SALAD croutons Natuur 700g",
    "FicCode": "E",
    "EcoscoreValue": "38"
  },
  {
    "productId": "694",
    "technicalArticleNumber": "12614",
    "commercialArticleNumber": "12614",
    "name": "soep champignon",
    "description": "*Champignonsoep met\ncroutons",
    "brand": "ROYCO CRUNCHY",
    "seoBrand": "Royco Crunchy",
    "thumbNail": "https://static.colruytgroup.com/images/200x200/std.lang.all/36/72/asset-3353672.jpg",
    "fullImage": "https://static.colruytgroup.com/images/500x500/std.lang.all/36/72/asset-3353672.jpg",
    "squareImage": "https://static.colruytgroup.com/images/500x500sq/std.lang.all/36/72/asset-3353672.jpg",
    "content": "20st",
    "walkRouteSequenceNumber": 16911,
    "price": {
      "basicPrice": 13.79,
      "recommendedQuantity": "1.0",
      "measurementUnitPrice": 36.49,
      "measurementUnit": "K",
      "isRedPrice": false,
      "pricePerUOM": 36.49,
      "activationDate": "07-02-2024",
      "isPromoActive": "N",
      "priceChangeCode": "H"
    },
    "isAvailable": true,
    "isPriceAvailable": true,
    "inPromo": false,
    "gtin": [
      "05410056187443",
      "05410056787445"
    ],
    "topCategoryName": "Kruidenierswaren/Droge voeding",
    "topCategoryId": "233",
    "businessDomain": "RETAIL_BE",
    "IsPrivateLabel": false,
    "IsBiffe": false,
    "WeightconversionFactor": "0",
    "IsWeightArticle": false,
    "nutriscoreLabel": "C",
    "IsBio": false,
    "CountryOfOrigin": "NEDERLAND",
    "IsExclusivelySoldInLuxembourg": false,
    "OrderUnit": "P",
    "ShortName": "RMS CRUNCHY CHAMPIG20Z",
    "IsNew": false,
    "EcoscoreLabel": "D",
    "RecentQuanityOfStockUnits": "1",
    "LongName": "ROYCO CRUNCHY soep champignon 20st",
    "AlcoholVolume": "0",
    "FicCode": "E",
    "EcoscoreValue": "34"
  },
  {
    "productId": "57350",
    "technicalArticleNumber": "2339841",
    "commercialArticleNumber": "18380",
    "name": "wilde tonijn olijfolie",
    "description": "*Tonijn in olijfolie",
    "brand": "IMPERIAL",
    "seoBrand": "Imperial",
    "thumbNail": "https://static.colruytgroup.com/images/200x200/std.lang.all/93/34/asset-1329334.jpg",
    "fullImage": "https://static.colruytgroup.com/images/500x500/std.lang.all/93/34/asset-1329334.jpg",
    "squareImage": "https://static.colruytgroup.com/images/500x500sq/std.lang.all/93/34/asset-1329334.jpg",
    "content": "400g",
    "walkRouteSequenceNumber": 16731,
    "price": {
      "basicPrice": 8.1,
      "recommendedQuantity": "1.0",
      "measurementUnitPrice": 20.25,
      "measurementUnit": "K",
      "isRedPrice": false,
      "pricePerUOM": 20.25,
      "activationDate": "09-01-2024",
      "recordSource": "Offline",
      "isPromoActive": "N",
      "priceChangeCode": "H"
    },
    "isAvailable": true,
    "isPriceAvailable": true,
    "inPromo": false,
    "gtin": [
      "05410363010922",
      "15410363010929"
    ],
    "topCategoryName": "Conserven",
    "topCategoryId": "188",
    "businessDomain": "RETAIL_BE",
    "IsPrivateLabel": false,
    "IsBiffe": false,
    "WeightconversionFactor": "0",
    "IsWeightArticle": false,
    "nutriscoreLabel": "C",
    "IsBio": false,
    "CountryOfOrigin": "SPANJE",
    "IsExclusivelySoldInLuxembourg": false,
    "OrderUnit": "P",
    "ShortName": "IMP TONIJN OLIJFOL 400G",
    "IsNew": false,
    "EcoscoreLabel": "D",
    "RecentQuanityOfStockUnits": "1",
    "LongName": "IMPERIAL wilde tonijn olijfolie 400g",
    "AlcoholVolume": "0",
    "FicCode": "E",
    "EcoscoreValue": "23"
  },
  {
    "productId": "883405",
    "technicalArticleNumber": "4741543",
    "commercialArticleNumber": "27081",
    "name": "Kippensoep met pasta",
    "brand": "LIEBIG",
    "seoBrand": "Liebig",
    "thumbNail": "https://static.colruytgroup.com/images/200x200/nl_be/55/66/asset-3285566.jpg",
    "fullImage": "https://static.colruytgroup.com/images/500x500/nl_be/55/66/asset-3285566.jpg",
    "squareImage": "https://static.colruytgroup.com/images/500x500sq/nl_be/55/66/asset-3285566.jpg",
    "content": "500ml",
    "walkRouteSequenceNumber": 16939,
    "price": {
      "basicPrice": 3.19,
      "recommendedQuantity": "1.0",
      "measurementUnitPrice": 6.38,
      "measurementUnit": "L",
      "isRedPrice": false,
      "pricePerUOM": 6.38,
      "activationDate": "12-03-2024",
      "recordSource": "Offline",
      "isPromoActive": "N",
      "priceChangeCode": "E"
    },
    "isAvailable": true,
    "isPriceAvailable": true,
    "inPromo": false,
    "gtin": [
      "05414972337678"
    ],
    "topCategoryName": "Kruidenierswaren/Droge voeding",
    "topCategoryId": "233",
    "businessDomain": "RETAIL_BE",
    "IsPrivateLabel": false,
    "IsBiffe": false,
    "WeightconversionFactor": "0",
    "IsWeightArticle": false,
    "nutriscoreLabel": "B",
    "IsBio": false,
    "CountryOfOrigin": "FRANKRIJK",
    "IsExclusivelySoldInLuxembourg": false,
    "OrderUnit": "P",
    "ShortName": "LIEB KIP.SOEP PASTA500",
    "IsNew": false,
    "EcoscoreLabel": "B",
    "RecentQuanityOfStockUnits": "1,12",
    "LongName": "LIEBIG Kippensoep met pasta 500ml",
    "AlcoholVolume": "0",
    "FicCode": "E",
    "EcoscoreValue": "79"
  },
  {
    "productId": "40662",
    "technicalArticleNumber": "2481816",
    "commercialArticleNumber": "39160",
    "name": "Classics 8 gr.velouté brik",
    "description": "*Groentesoep\n*Soep in brik\n*Klaar voor gebruik\n*Warm gerecht\n*Makkelijk bereiden",
    "brand": "KNORR",
    "seoBrand": "Knorr",
    "thumbNail": "https://static.colruytgroup.com/images/200x200/nl_be/62/24/asset-2796224.jpg",
    "fullImage": "https://static.colruytgroup.com/images/500x500/nl_be/62/24/asset-2796224.jpg",
    "squareImage": "https://static.colruytgroup.com/images/500x500sq/nl_be/62/24/asset-2796224.jpg",
    "content": "500ml",
    "walkRouteSequenceNumber": 16957,
    "price": {
      "basicPrice": 2.99,
      "recommendedQuantity": "3.0",
      "measurementUnitPrice": 5.98,
      "measurementUnit": "L",
      "isRedPrice": false,
      "pricePerUOM": 5.98,
      "activationDate": "22-03-2024",
      "recordSource": "Offline",
      "isPromoActive": "Y",
      "priceChangeCode": "L"
    },
    "isAvailable": true,
    "isPriceAvailable": true,
    "inPromo": true,
    "promotion": [
      {
        "techPromoId": "100943COLR",
        "promotionId": "100943",
        "promotionType": "3",
        "isPersonalized": "N",
        "publicationStartDate": "13-03-2024",
        "publicationEndDate": "26-03-2024"
      }
    ],
    "gtin": [
      "65400141257900",
      "08722700887904",
      "08722700821694",
      "05400141655582"
    ],
    "topCategoryName": "Kruidenierswaren/Droge voeding",
    "topCategoryId": "233",
    "businessDomain": "RETAIL_BE",
    "IsPrivateLabel": false,
    "IsBiffe": false,
    "WeightconversionFactor": "0",
    "IsWeightArticle": false,
    "nutriscoreLabel": "C",
    "IsBio": false,
    "CountryOfOrigin": "FRANKRIJK",
    "IsExclusivelySoldInLuxembourg": false,
    "OrderUnit": "P",
    "ShortName": "KNORR 8GROENTEW 500ML",
    "IsNew": false,
    "EcoscoreLabel": "B",
    "RecentQuanityOfStockUnits": "1,3",
    "LongName": "KNORR Classics 8 gr.velouté brik 500ml",
    "AlcoholVolume": "0",
    "FicCode": "E",
    "EcoscoreValue": "78"
  },
  {
    "productId": "711",
    "technicalArticleNumber": "10542",
    "commercialArticleNumber": "10542",
    "name": "fruitcocktail sap blik",
    "description": "*Fruitcocktail op\nfruitsap",
    "brand": "DEL MONTE",
    "seoBrand": "Del Monte",
    "thumbNail": "https://static.colruytgroup.com/images/200x200/std.lang.all/96/39/asset-2409639.jpg",
    "fullImage": "https://static.colruytgroup.com/images/500x500/std.lang.all/96/39/asset-2409639.jpg",
    "squareImage": "https://static.colruytgroup.com/images/500x500sq/std.lang.all/96/39/asset-2409639.jpg",
    "content": "415g",
    "walkRouteSequenceNumber": 16560,
    "price": {
      "basicPrice": 2.29,
      "recommendedQuantity": "3.0",
      "measurementUnitPrice": 9.16,
      "measurementUnit": "K",
      "isRedPrice": false,
      "pricePerUOM": 9.16,
      "activationDate": "16-01-2024",
      "recordSource": "Offline",
      "isPromoActive": "N",
      "priceChangeCode": "H"
    },
    "isAvailable": true,
    "isPriceAvailable": true,
    "inPromo": false,
    "gtin": [
      "00024000147275",
      "00000025105421",
      "00024000124023",
      "00024000124788",
      "05400141205428"
    ],
    "topCategoryName": "Conserven",
    "topCategoryId": "188",
    "businessDomain": "RETAIL_BE",
    "IsPrivateLabel": false,
    "IsBiffe": false,
    "WeightconversionFactor": "0",
    "IsWeightArticle": false,
    "nutriscoreLabel": "A",
    "IsBio": false,
    "CountryOfOrigin": "GRIEKENLAND",
    "IsExclusivelySoldInLuxembourg": false,
    "OrderUnit": "P",
    "ShortName": "DELM FRUITCOCT SAP 415G",
    "IsNew": false,
    "EcoscoreLabel": "A",
    "RecentQuanityOfStockUnits": "3,1",
    "LongName": "DEL MONTE fruitcocktail sap blik 415g",
    "AlcoholVolume": "0",
    "FicCode": "E",
    "EcoscoreValue": "94"
  },
  {
    "productId": "879038",
    "technicalArticleNumber": "4735263",
    "commercialArticleNumber": "20193",
    "name": "macaroni Italiano 5P",
    "description": "*macaroni italiano",
    "brand": "MIRACOLI",
    "seoBrand": "Miracoli",
    "thumbNail": "https://static.colruytgroup.com/images/200x200/std.lang.all/39/83/asset-3253983.jpg",
    "fullImage": "https://static.colruytgroup.com/images/500x500/std.lang.all/39/83/asset-3253983.jpg",
    "squareImage": "https://static.colruytgroup.com/images/500x500sq/std.lang.all/39/83/asset-3253983.jpg",
    "content": "560g",
    "walkRouteSequenceNumber": 16756,
    "price": {
      "basicPrice": 3.99,
      "recommendedQuantity": "2.0",
      "measurementUnitPrice": 7.13,
      "measurementUnit": "K",
      "isRedPrice": false,
      "pricePerUOM": 7.13,
      "activationDate": "25-11-2023",
      "recordSource": "Offline",
      "isPromoActive": "N",
      "priceChangeCode": "L"
    },
    "isAvailable": true,
    "isPriceAvailable": true,
    "inPromo": false,
    "gtin": [
      "85400141618453",
      "04002359019517",
      "04002359019500"
    ],
    "topCategoryName": "Conserven",
    "topCategoryId": "188",
    "businessDomain": "RETAIL_BE",
    "IsPrivateLabel": false,
    "IsBiffe": false,
    "WeightconversionFactor": "0",
    "IsWeightArticle": false,
    "IsBio": false,
    "CountryOfOrigin": "ITALIË",
    "IsExclusivelySoldInLuxembourg": false,
    "OrderUnit": "P",
    "ShortName": "MIRA MACAR. ITALI.5P560",
    "IsNew": false,
    "RecentQuanityOfStockUnits": "2,1",
    "LongName": "MIRACOLI macaroni Italiano 5P 560g",
    "FicCode": "E"
  },
  {
    "productId": "11479",
    "technicalArticleNumber": "1388464",
    "commercialArticleNumber": "9806",
    "name": "wilde roze zalm",
    "description": "*Wilde roze zalm",
    "brand": "IMPERIAL",
    "seoBrand": "Imperial",
    "thumbNail": "https://static.colruytgroup.com/images/200x200/std.lang.all/46/84/asset-334684.jpg",
    "fullImage": "https://static.colruytgroup.com/images/500x500/std.lang.all/46/84/asset-334684.jpg",
    "squareImage": "https://static.colruytgroup.com/images/500x500sq/std.lang.all/46/84/asset-334684.jpg",
    "content": "106g",
    "walkRouteSequenceNumber": 17611,
    "price": {
      "basicPrice": 4.09,
      "recommendedQuantity": "1.0",
      "measurementUnitPrice": 38.59,
      "measurementUnit": "K",
      "isRedPrice": false,
      "pricePerUOM": 38.59,
      "activationDate": "23-03-2024",
      "recordSource": "Online",
      "isPromoActive": "N",
      "priceChangeCode": "E"
    },
    "isAvailable": true,
    "isPriceAvailable": true,
    "inPromo": false,
    "gtin": [
      "15410363700615",
      "05410363000619"
    ],
    "topCategoryName": "Conserven",
    "topCategoryId": "188",
    "businessDomain": "RETAIL_BE",
    "IsPrivateLabel": false,
    "IsBiffe": false,
    "WeightconversionFactor": "0",
    "IsWeightArticle": false,
    "nutriscoreLabel": "A",
    "IsBio": false,
    "CountryOfOrigin": "CANADA",
    "IsExclusivelySoldInLuxembourg": false,
    "OrderUnit": "P",
    "ShortName": "IMPERIAL ROZE ZALM 106G",
    "IsNew": false,
    "EcoscoreLabel": "E",
    "RecentQuanityOfStockUnits": "1",
    "LongName": "IMPERIAL wilde roze zalm 106g",
    "AlcoholVolume": "0",
    "FicCode": "E",
    "EcoscoreValue": "16"
  },
  {
    "productId": "43135",
    "technicalArticleNumber": "2532887",
    "commercialArticleNumber": "15314",
    "name": "soep sm.v.toen kip vermi. brik",
    "description": "*Soep in brik\n*Snelle maaltijd\n*Klaar voor gebruik\n*Snelle maaltijd\n*Groentensoep",
    "brand": "KNORR",
    "seoBrand": "Knorr",
    "thumbNail": "https://static.colruytgroup.com/images/200x200/nl_be/60/39/asset-2796039.jpg",
    "fullImage": "https://static.colruytgroup.com/images/500x500/nl_be/60/39/asset-2796039.jpg",
    "squareImage": "https://static.colruytgroup.com/images/500x500sq/nl_be/60/39/asset-2796039.jpg",
    "content": "1L",
    "walkRouteSequenceNumber": 16959,
    "price": {
      "basicPrice": 3.99,
      "recommendedQuantity": "2.0",
      "measurementUnitPrice": 3.99,
      "measurementUnit": "L",
      "isRedPrice": false,
      "pricePerUOM": 3.99,
      "activationDate": "22-03-2024",
      "recordSource": "Offline",
      "isPromoActive": "N",
      "priceChangeCode": "H"
    },
    "isAvailable": true,
    "isPriceAvailable": true,
    "inPromo": true,
    "promotion": [
      {
        "techPromoId": "100943COLR",
        "promotionId": "100943",
        "promotionType": "3",
        "isPersonalized": "N",
        "publicationStartDate": "13-03-2024",
        "publicationEndDate": "26-03-2024"
      }
    ],
    "gtin": [
      "08720182273857",
      "05400141001907",
      "08712566191017",
      "08720182279026",
      "08712566667710"
    ],
    "topCategoryName": "Kruidenierswaren/Droge voeding",
    "topCategoryId": "233",
    "businessDomain": "RETAIL_BE",
    "IsPrivateLabel": false,
    "IsBiffe": false,
    "WeightconversionFactor": "0",
    "IsWeightArticle": false,
    "nutriscoreLabel": "C",
    "IsBio": false,
    "CountryOfOrigin": "POLEN",
    "IsExclusivelySoldInLuxembourg": false,
    "OrderUnit": "P",
    "ShortName": "KNOR SVT KIP VERMIC 1L",
    "IsNew": false,
    "EcoscoreLabel": "D",
    "RecentQuanityOfStockUnits": "2,1,8",
    "LongName": "KNORR soep sm.v.toen kip vermi. brik 1L",
    "AlcoholVolume": "0",
    "FicCode": "E",
    "EcoscoreValue": "32"
  },
  {
    "productId": "621260",
    "technicalArticleNumber": "4300753",
    "commercialArticleNumber": "23585",
    "name": "tonijn natuur",
    "brand": "RIO MARE",
    "seoBrand": "Rio Mare",
    "thumbNail": "https://static.colruytgroup.com/images/200x200/std.lang.all/30/10/asset-2143010.jpg",
    "fullImage": "https://static.colruytgroup.com/images/500x500/std.lang.all/30/10/asset-2143010.jpg",
    "squareImage": "https://static.colruytgroup.com/images/500x500sq/std.lang.all/30/10/asset-2143010.jpg",
    "content": "2x160g",
    "walkRouteSequenceNumber": 16722,
    "price": {
      "basicPrice": 7.09,
      "recommendedQuantity": "2.0",
      "measurementUnitPrice": 31.66,
      "measurementUnit": "K",
      "isRedPrice": false,
      "pricePerUOM": 31.66,
      "activationDate": "12-03-2024",
      "recordSource": "Offline",
      "isPromoActive": "N",
      "priceChangeCode": "H"
    },
    "isAvailable": true,
    "isPriceAvailable": true,
    "inPromo": false,
    "gtin": [
      "08004030341784",
      "08004030341760",
      "08004030074026"
    ],
    "topCategoryName": "Conserven",
    "topCategoryId": "188",
    "businessDomain": "RETAIL_BE",
    "IsPrivateLabel": false,
    "IsBiffe": false,
    "WeightconversionFactor": "0",
    "IsWeightArticle": false,
    "nutriscoreLabel": "A",
    "IsBio": false,
    "CountryOfOrigin": "ITALIË",
    "IsExclusivelySoldInLuxembourg": false,
    "OrderUnit": "P",
    "ShortName": "RIOM TONIJN NATUUR2X160",
    "IsNew": false,
    "EcoscoreLabel": "E",
    "RecentQuanityOfStockUnits": "1,6",
    "LongName": "RIO MARE tonijn natuur 2x160g",
    "FicCode": "E",
    "EcoscoreValue": "19"
  },
  {
    "productId": "16603",
    "technicalArticleNumber": "1433528",
    "commercialArticleNumber": "9095",
    "name": "Spaghetteria Pomodoro-Mozz.",
    "description": "*Heerlijke maaltijd\n*Snel gerecht\n*Klaar voor gebruik\n*Tomatensmaak\n*Warm gerecht",
    "brand": "KNORR",
    "seoBrand": "Knorr",
    "thumbNail": "https://static.colruytgroup.com/images/200x200/std.lang.all/07/78/asset-3220778.jpg",
    "fullImage": "https://static.colruytgroup.com/images/500x500/std.lang.all/07/78/asset-3220778.jpg",
    "squareImage": "https://static.colruytgroup.com/images/500x500sq/std.lang.all/07/78/asset-3220778.jpg",
    "content": "163g",
    "walkRouteSequenceNumber": 16810,
    "price": {
      "basicPrice": 1.99,
      "recommendedQuantity": "3.0",
      "measurementUnitPrice": 12.21,
      "measurementUnit": "K",
      "isRedPrice": false,
      "pricePerUOM": 12.21,
      "activationDate": "22-03-2024",
      "recordSource": "Folder",
      "isPromoActive": "N",
      "priceChangeCode": "L"
    },
    "isAvailable": true,
    "isPriceAvailable": true,
    "inPromo": true,
    "promotion": [
      {
        "techPromoId": "100944COLR",
        "promotionId": "100944",
        "promotionType": "4",
        "isPersonalized": "N",
        "publicationStartDate": "13-03-2024",
        "publicationEndDate": "26-03-2024"
      }
    ],
    "gtin": [
      "08720182422248",
      "45400141660249",
      "05411100147680",
      "05411100203362",
      "05411100206288",
      "25400141712647"
    ],
    "topCategoryName": "Conserven",
    "topCategoryId": "188",
    "businessDomain": "RETAIL_BE",
    "IsPrivateLabel": false,
    "IsBiffe": false,
    "WeightconversionFactor": "0",
    "IsWeightArticle": false,
    "nutriscoreLabel": "D",
    "IsBio": false,
    "CountryOfOrigin": "DUITSLAND",
    "IsExclusivelySoldInLuxembourg": false,
    "OrderUnit": "P",
    "ShortName": "KNORR SPAGHETT.POMODORE",
    "IsNew": false,
    "EcoscoreLabel": "C",
    "RecentQuanityOfStockUnits": "3,1",
    "LongName": "KNORR Spaghetteria Pomodoro-Mozz. 163g",
    "AlcoholVolume": "0",
    "FicCode": "E",
    "EcoscoreValue": "49"
  },
  {
    "productId": "86421",
    "technicalArticleNumber": "3016991",
    "commercialArticleNumber": "14144",
    "name": "krab Pacific Pink",
    "description": "*Roze krab uit\nde Stille Oceaan",
    "brand": "IMPERIAL",
    "seoBrand": "Imperial",
    "thumbNail": "https://static.colruytgroup.com/images/200x200/std.lang.all/93/78/asset-1329378.jpg",
    "fullImage": "https://static.colruytgroup.com/images/500x500/std.lang.all/93/78/asset-1329378.jpg",
    "squareImage": "https://static.colruytgroup.com/images/500x500sq/std.lang.all/93/78/asset-1329378.jpg",
    "content": "170g",
    "walkRouteSequenceNumber": 16684,
    "price": {
      "basicPrice": 4.29,
      "recommendedQuantity": "2.0",
      "measurementUnitPrice": 35.75,
      "measurementUnit": "K",
      "isRedPrice": false,
      "pricePerUOM": 35.75,
      "activationDate": "03-01-2024",
      "isPromoActive": "N",
      "priceChangeCode": "H"
    },
    "isAvailable": true,
    "isPriceAvailable": true,
    "inPromo": false,
    "gtin": [
      "15410363710164",
      "15410363000166",
      "05410363000169"
    ],
    "topCategoryName": "Conserven",
    "topCategoryId": "188",
    "businessDomain": "RETAIL_BE",
    "IsPrivateLabel": false,
    "IsBiffe": false,
    "WeightconversionFactor": "0",
    "IsWeightArticle": false,
    "nutriscoreLabel": "A",
    "IsBio": false,
    "CountryOfOrigin": "BELGIË",
    "IsExclusivelySoldInLuxembourg": false,
    "OrderUnit": "P",
    "ShortName": "IMPERIAL CRAB PINK 170G",
    "IsNew": false,
    "EcoscoreLabel": "E",
    "RecentQuanityOfStockUnits": "1,8",
    "LongName": "IMPERIAL krab Pacific Pink 170g",
    "AlcoholVolume": "0",
    "FicCode": "E",
    "EcoscoreValue": "0"
  },
  {
    "productId": "18699",
    "technicalArticleNumber": "1717200",
    "commercialArticleNumber": "12222",
    "name": "soep kreeft",
    "description": "*Soep in blik\n*Snelle maaltijd\n*Snelle maaltijd\n*Groentensoep\n*Warm gerecht",
    "brand": "KNORR",
    "seoBrand": "Knorr",
    "thumbNail": "https://static.colruytgroup.com/images/200x200/nl_be/48/27/asset-2794827.jpg",
    "fullImage": "https://static.colruytgroup.com/images/500x500/nl_be/48/27/asset-2794827.jpg",
    "squareImage": "https://static.colruytgroup.com/images/500x500sq/nl_be/48/27/asset-2794827.jpg",
    "content": "515ml",
    "walkRouteSequenceNumber": 16896,
    "price": {
      "basicPrice": 4.49,
      "recommendedQuantity": "2.0",
      "measurementUnitPrice": 8.72,
      "measurementUnit": "L",
      "isRedPrice": false,
      "pricePerUOM": 8.72,
      "activationDate": "17-02-2024",
      "recordSource": "Offline",
      "isPromoActive": "N",
      "priceChangeCode": "E"
    },
    "isAvailable": true,
    "isPriceAvailable": true,
    "inPromo": false,
    "gtin": [
      "05400141122220",
      "08722700083375",
      "08722700700418"
    ],
    "topCategoryName": "Kruidenierswaren/Droge voeding",
    "topCategoryId": "233",
    "businessDomain": "RETAIL_BE",
    "IsPrivateLabel": false,
    "IsBiffe": false,
    "WeightconversionFactor": "0",
    "IsWeightArticle": false,
    "nutriscoreLabel": "C",
    "IsBio": false,
    "CountryOfOrigin": "BELGIË",
    "IsExclusivelySoldInLuxembourg": false,
    "OrderUnit": "P",
    "ShortName": "KNORR KREEFTSOEP 515ML",
    "InSeason": true,
    "IsNew": false,
    "EcoscoreLabel": "E",
    "RecentQuanityOfStockUnits": "1",
    "LongName": "KNORR soep kreeft 515ml",
    "AlcoholVolume": "0",
    "StartSeasonDate": "17/08/2021",
    "FicCode": "E",
    "EcoscoreValue": "1"
  },
  {
    "productId": "521",
    "technicalArticleNumber": "9302",
    "commercialArticleNumber": "9302",
    "name": "ravioli bolognese blik",
    "description": "*Ravioli met\nbolognesesaus\n*Aantal porties: 1\n*Opwarmen in oven,\npan, microgolfoven",
    "brand": "ZAPETTI",
    "seoBrand": "Zapetti",
    "thumbNail": "https://static.colruytgroup.com/images/200x200/nl_be/57/60/asset-3195760.jpg",
    "fullImage": "https://static.colruytgroup.com/images/500x500/nl_be/57/60/asset-3195760.jpg",
    "squareImage": "https://static.colruytgroup.com/images/500x500sq/nl_be/57/60/asset-3195760.jpg",
    "content": "400g",
    "walkRouteSequenceNumber": 16752,
    "price": {
      "basicPrice": 6.99,
      "recommendedQuantity": "3.0",
      "measurementUnitPrice": 17.48,
      "measurementUnit": "K",
      "isRedPrice": false,
      "pricePerUOM": 17.48,
      "activationDate": "23-03-2024",
      "recordSource": "Offline",
      "isPromoActive": "N",
      "priceChangeCode": "L"
    },
    "isAvailable": true,
    "isPriceAvailable": true,
    "inPromo": false,
    "gtin": [
      "00000025093025",
      "03021690011081",
      "03021699008600",
      "05400141193022"
    ],
    "topCategoryName": "Conserven",
    "topCategoryId": "188",
    "businessDomain": "RETAIL_BE",
    "IsPrivateLabel": false,
    "IsBiffe": false,
    "WeightconversionFactor": "0",
    "IsWeightArticle": false,
    "nutriscoreLabel": "C",
    "IsBio": false,
    "CountryOfOrigin": "FRANKRIJK",
    "IsExclusivelySoldInLuxembourg": false,
    "OrderUnit": "P",
    "ShortName": "ZAPET RAVIOLI BOLOG400G",
    "IsNew": false,
    "EcoscoreLabel": "C",
    "RecentQuanityOfStockUnits": "1,3",
    "LongName": "ZAPETTI ravioli bolognese blik 400g",
    "AlcoholVolume": "0",
    "FicCode": "E",
    "EcoscoreValue": "53"
  },
  {
    "productId": "225009",
    "technicalArticleNumber": "3558145",
    "commercialArticleNumber": "50920",
    "name": "tomatensupreme",
    "description": "*Soep in brik\n*Snelle maaltijd\n*Klaar voor gebruik\n*Vegetarisch eten\n*Groentensoep",
    "brand": "KNORR",
    "seoBrand": "Knorr",
    "thumbNail": "https://static.colruytgroup.com/images/200x200/nl_be/60/42/asset-2796042.jpg",
    "fullImage": "https://static.colruytgroup.com/images/500x500/nl_be/60/42/asset-2796042.jpg",
    "squareImage": "https://static.colruytgroup.com/images/500x500sq/nl_be/60/42/asset-2796042.jpg",
    "content": "500ml",
    "walkRouteSequenceNumber": 16955,
    "price": {
      "basicPrice": 2.87,
      "recommendedQuantity": "3.0",
      "measurementUnitPrice": 5.74,
      "measurementUnit": "L",
      "isRedPrice": false,
      "pricePerUOM": 5.74,
      "activationDate": "21-03-2024",
      "recordSource": "Folder",
      "isPromoActive": "Y",
      "priceChangeCode": "H"
    },
    "isAvailable": true,
    "isPriceAvailable": true,
    "inPromo": true,
    "promotion": [
      {
        "techPromoId": "100943COLR",
        "promotionId": "100943",
        "promotionType": "3",
        "isPersonalized": "N",
        "publicationStartDate": "13-03-2024",
        "publicationEndDate": "26-03-2024"
      }
    ],
    "gtin": [
      "75400141257907",
      "08712566389674",
      "08712566970186"
    ],
    "topCategoryName": "Kruidenierswaren/Droge voeding",
    "topCategoryId": "233",
    "businessDomain": "RETAIL_BE",
    "IsPrivateLabel": false,
    "IsBiffe": false,
    "WeightconversionFactor": "0",
    "IsWeightArticle": false,
    "nutriscoreLabel": "C",
    "IsBio": false,
    "CountryOfOrigin": "POLEN",
    "IsExclusivelySoldInLuxembourg": false,
    "OrderUnit": "P",
    "ShortName": "KNORR TOMATENSUP. 500ML",
    "IsNew": false,
    "EcoscoreLabel": "B",
    "RecentQuanityOfStockUnits": "1,3",
    "LongName": "KNORR tomatensupreme 500ml",
    "AlcoholVolume": "0",
    "FicCode": "E",
    "EcoscoreValue": "74"
  },
  {
    "productId": "83537",
    "technicalArticleNumber": "2995465",
    "commercialArticleNumber": "12856",
    "name": "soep Classics pomp.bal. brik",
    "description": "*Soep in brik\n*Snelle maaltijd\n*Klaar voor gebruik\n*Snelle maaltijd\n*Groentensoep",
    "brand": "KNORR",
    "seoBrand": "Knorr",
    "thumbNail": "https://static.colruytgroup.com/images/200x200/nl_be/11/73/asset-2831173.jpg",
    "fullImage": "https://static.colruytgroup.com/images/500x500/nl_be/11/73/asset-2831173.jpg",
    "squareImage": "https://static.colruytgroup.com/images/500x500sq/nl_be/11/73/asset-2831173.jpg",
    "content": "1L",
    "walkRouteSequenceNumber": 16951,
    "price": {
      "basicPrice": 4.29,
      "recommendedQuantity": "2.0",
      "measurementUnitPrice": 4.29,
      "measurementUnit": "L",
      "isRedPrice": false,
      "pricePerUOM": 4.29,
      "activationDate": "19-03-2024",
      "recordSource": "Offline",
      "isPromoActive": "N",
      "priceChangeCode": "H"
    },
    "isAvailable": true,
    "isPriceAvailable": true,
    "inPromo": true,
    "promotion": [
      {
        "techPromoId": "100943COLR",
        "promotionId": "100943",
        "promotionType": "3",
        "isPersonalized": "N",
        "publicationStartDate": "13-03-2024",
        "publicationEndDate": "26-03-2024"
      }
    ],
    "gtin": [
      "08712100109904",
      "08712100368646",
      "05400141046199"
    ],
    "topCategoryName": "Kruidenierswaren/Droge voeding",
    "topCategoryId": "233",
    "businessDomain": "RETAIL_BE",
    "IsPrivateLabel": false,
    "IsBiffe": false,
    "WeightconversionFactor": "0",
    "IsWeightArticle": false,
    "nutriscoreLabel": "C",
    "IsBio": false,
    "CountryOfOrigin": "POLEN",
    "IsExclusivelySoldInLuxembourg": false,
    "OrderUnit": "P",
    "ShortName": "KN POMP WEELDE BAL 1L",
    "IsNew": false,
    "EcoscoreLabel": "D",
    "RecentQuanityOfStockUnits": "1",
    "LongName": "KNORR soep Classics pomp.bal. brik 1L",
    "AlcoholVolume": "0",
    "FicCode": "E",
    "EcoscoreValue": "32"
  },
  {
    "productId": "765",
    "technicalArticleNumber": "11912",
    "commercialArticleNumber": "11912",
    "name": "asperges hors-d'oeuvre",
    "description": "*Asperges hors\nd'oeuvre",
    "brand": "HAK",
    "seoBrand": "Hak",
    "thumbNail": "https://static.colruytgroup.com/images/200x200/std.lang.all/02/20/asset-2900220.jpg",
    "fullImage": "https://static.colruytgroup.com/images/500x500/std.lang.all/02/20/asset-2900220.jpg",
    "squareImage": "https://static.colruytgroup.com/images/500x500sq/std.lang.all/02/20/asset-2900220.jpg",
    "content": "280g",
    "walkRouteSequenceNumber": 16444,
    "price": {
      "basicPrice": 6.89,
      "recommendedQuantity": "1.0",
      "measurementUnitPrice": 41.76,
      "measurementUnit": "K",
      "isRedPrice": false,
      "pricePerUOM": 41.76,
      "activationDate": "13-03-2024",
      "recordSource": "Offline",
      "isPromoActive": "N",
      "priceChangeCode": "H"
    },
    "isAvailable": true,
    "isPriceAvailable": true,
    "inPromo": false,
    "gtin": [
      "08720600371103",
      "08720600372100"
    ],
    "topCategoryName": "Conserven",
    "topCategoryId": "188",
    "businessDomain": "RETAIL_BE",
    "IsPrivateLabel": false,
    "IsBiffe": false,
    "WeightconversionFactor": "0",
    "IsWeightArticle": false,
    "nutriscoreLabel": "A",
    "IsBio": false,
    "CountryOfOrigin": "NEDERLAND",
    "IsExclusivelySoldInLuxembourg": false,
    "OrderUnit": "P",
    "ShortName": "HAK ASPERGE H OEUVRE280",
    "InSeason": true,
    "IsNew": false,
    "EcoscoreLabel": "C",
    "RecentQuanityOfStockUnits": "1",
    "LongName": "HAK asperges hors-d'oeuvre 280g",
    "AlcoholVolume": "0",
    "StartSeasonDate": "13/09/1999",
    "FicCode": "E",
    "EcoscoreValue": "57"
  },
  {
    "productId": "513",
    "technicalArticleNumber": "9198",
    "commercialArticleNumber": "9198",
    "name": "gegarn.zuurkool blik",
    "description": "*Zuurkool, met spek\nen gerookte worst\n*Aantal porties: 2\n*Opwarmen in een\nkookpot",
    "brand": "WILLIAM SAURIN",
    "seoBrand": "William Saurin",
    "thumbNail": "https://static.colruytgroup.com/images/200x200/nl_be/56/57/asset-3195657.jpg",
    "fullImage": "https://static.colruytgroup.com/images/500x500/nl_be/56/57/asset-3195657.jpg",
    "squareImage": "https://static.colruytgroup.com/images/500x500sq/nl_be/56/57/asset-3195657.jpg",
    "content": "800g",
    "walkRouteSequenceNumber": 16835,
    "price": {
      "basicPrice": 7.19,
      "recommendedQuantity": "2.0",
      "measurementUnitPrice": 8.99,
      "measurementUnit": "K",
      "isRedPrice": false,
      "pricePerUOM": 8.99,
      "activationDate": "13-03-2024",
      "recordSource": "Offline",
      "isPromoActive": "N",
      "priceChangeCode": "H"
    },
    "isAvailable": true,
    "isPriceAvailable": true,
    "inPromo": false,
    "gtin": [
      "00000025091984",
      "03049580117002",
      "03049580549612",
      "05400141091984"
    ],
    "topCategoryName": "Conserven",
    "topCategoryId": "188",
    "businessDomain": "RETAIL_BE",
    "IsPrivateLabel": false,
    "IsBiffe": false,
    "WeightconversionFactor": "0",
    "IsWeightArticle": false,
    "nutriscoreLabel": "B",
    "IsBio": false,
    "CountryOfOrigin": "FRANKRIJK",
    "IsExclusivelySoldInLuxembourg": false,
    "OrderUnit": "P",
    "ShortName": "WS GEGARN.ZUURKOOL 800G",
    "IsNew": false,
    "EcoscoreLabel": "C",
    "RecentQuanityOfStockUnits": "1,2",
    "LongName": "WILLIAM SAURIN gegarn.zuurkool blik 800g",
    "AlcoholVolume": "0",
    "FicCode": "E",
    "EcoscoreValue": "54"
  },
  {
    "productId": "50750",
    "technicalArticleNumber": "2400632",
    "commercialArticleNumber": "36655",
    "name": "soep tomaten groenten vermi.",
    "description": "*Tomaten-groentesoep\nmet vermicelli",
    "brand": "ROYCO",
    "seoBrand": "Royco",
    "thumbNail": "https://static.colruytgroup.com/images/200x200/std.lang.all/36/85/asset-3353685.jpg",
    "fullImage": "https://static.colruytgroup.com/images/500x500/std.lang.all/36/85/asset-3353685.jpg",
    "squareImage": "https://static.colruytgroup.com/images/500x500sq/std.lang.all/36/85/asset-3353685.jpg",
    "content": "20st",
    "walkRouteSequenceNumber": 16843,
    "price": {
      "basicPrice": 13.69,
      "recommendedQuantity": "1.0",
      "measurementUnitPrice": 33.89,
      "measurementUnit": "K",
      "isRedPrice": false,
      "pricePerUOM": 33.89,
      "activationDate": "22-11-2023",
      "isPromoActive": "N",
      "priceChangeCode": "H"
    },
    "isAvailable": true,
    "isPriceAvailable": true,
    "inPromo": false,
    "gtin": [
      "05414972100265",
      "05414972700267"
    ],
    "topCategoryName": "Kruidenierswaren/Droge voeding",
    "topCategoryId": "233",
    "businessDomain": "RETAIL_BE",
    "IsPrivateLabel": false,
    "IsBiffe": false,
    "WeightconversionFactor": "0",
    "IsWeightArticle": false,
    "nutriscoreLabel": "C",
    "IsBio": false,
    "CountryOfOrigin": "NEDERLAND",
    "IsExclusivelySoldInLuxembourg": false,
    "OrderUnit": "P",
    "ShortName": "RMS CLAS TOM.GR.VER.20Z",
    "InSeason": true,
    "IsNew": false,
    "EcoscoreLabel": "B",
    "RecentQuanityOfStockUnits": "1,8",
    "LongName": "ROYCO soep tomaten groenten vermi. 20st",
    "AlcoholVolume": "0",
    "StartSeasonDate": "07/03/2024",
    "FicCode": "E",
    "EcoscoreValue": "76"
  },
  {
    "productId": "42547",
    "technicalArticleNumber": "2532874",
    "commercialArticleNumber": "15313",
    "name": "soep Class.courg.prei brik",
    "description": "*Groentesoep\n*Soep in brik\n*Klaar voor gebruik\n*Warm gerecht\n*Makkelijk bereiden",
    "brand": "KNORR",
    "seoBrand": "Knorr",
    "thumbNail": "https://static.colruytgroup.com/images/200x200/nl_be/60/38/asset-2796038.jpg",
    "fullImage": "https://static.colruytgroup.com/images/500x500/nl_be/60/38/asset-2796038.jpg",
    "squareImage": "https://static.colruytgroup.com/images/500x500sq/nl_be/60/38/asset-2796038.jpg",
    "content": "500ml",
    "walkRouteSequenceNumber": 16940,
    "price": {
      "basicPrice": 2.99,
      "recommendedQuantity": "3.0",
      "measurementUnitPrice": 5.98,
      "measurementUnit": "L",
      "isRedPrice": false,
      "pricePerUOM": 5.98,
      "activationDate": "22-03-2024",
      "recordSource": "Offline",
      "isPromoActive": "N",
      "priceChangeCode": "E"
    },
    "isAvailable": true,
    "isPriceAvailable": true,
    "inPromo": true,
    "promotion": [
      {
        "techPromoId": "100943COLR",
        "promotionId": "100943",
        "promotionType": "3",
        "isPersonalized": "N",
        "publicationStartDate": "13-03-2024",
        "publicationEndDate": "26-03-2024"
      }
    ],
    "gtin": [
      "05400141002133",
      "08712566222629",
      "45400141257906",
      "08712566725885"
    ],
    "topCategoryName": "Kruidenierswaren/Droge voeding",
    "topCategoryId": "233",
    "businessDomain": "RETAIL_BE",
    "IsPrivateLabel": false,
    "IsBiffe": false,
    "WeightconversionFactor": "0",
    "IsWeightArticle": false,
    "nutriscoreLabel": "C",
    "IsBio": false,
    "CountryOfOrigin": "FRANKRIJK",
    "IsExclusivelySoldInLuxembourg": false,
    "OrderUnit": "P",
    "ShortName": "KN KLASS.COUR-PREI500ML",
    "IsNew": false,
    "EcoscoreLabel": "B",
    "RecentQuanityOfStockUnits": "3,1",
    "LongName": "KNORR soep Class.courg.prei brik 500ml",
    "AlcoholVolume": "0",
    "FicCode": "E",
    "EcoscoreValue": "75"
  },
  {
    "productId": "81690",
    "technicalArticleNumber": "2962241",
    "commercialArticleNumber": "40519",
    "name": "cousc.Roy.9gr. blik",
    "description": "*Couscous met 9\ngroenten\n*Opwarmen in de pan,\nin de microgolfoven",
    "brand": "WILLIAM SAURIN",
    "seoBrand": "William Saurin",
    "thumbNail": "https://static.colruytgroup.com/images/200x200/nl_be/62/50/asset-866250.jpg",
    "fullImage": "https://static.colruytgroup.com/images/500x500/nl_be/62/50/asset-866250.jpg",
    "squareImage": "https://static.colruytgroup.com/images/500x500sq/nl_be/62/50/asset-866250.jpg",
    "content": "980g",
    "walkRouteSequenceNumber": 16816,
    "price": {
      "basicPrice": 8.55,
      "recommendedQuantity": "1.0",
      "measurementUnitPrice": 8.73,
      "measurementUnit": "K",
      "isRedPrice": false,
      "pricePerUOM": 8.73,
      "activationDate": "08-02-2024",
      "recordSource": "Offline",
      "isPromoActive": "N",
      "priceChangeCode": "H"
    },
    "isAvailable": true,
    "isPriceAvailable": true,
    "inPromo": false,
    "gtin": [
      "03038353410501",
      "03261058118063"
    ],
    "topCategoryName": "Conserven",
    "topCategoryId": "188",
    "businessDomain": "RETAIL_BE",
    "IsPrivateLabel": false,
    "IsBiffe": false,
    "WeightconversionFactor": "0",
    "IsWeightArticle": false,
    "nutriscoreLabel": "A",
    "IsBio": false,
    "CountryOfOrigin": "FRANKRIJK",
    "IsExclusivelySoldInLuxembourg": false,
    "OrderUnit": "P",
    "ShortName": "WS COUSC 9 GROENTEN 980",
    "InSeason": true,
    "IsNew": false,
    "EcoscoreLabel": "B",
    "RecentQuanityOfStockUnits": "1",
    "LongName": "WILLIAM SAURIN cousc.Roy.9gr. blik 980g",
    "AlcoholVolume": "0",
    "StartSeasonDate": "21/03/2016",
    "FicCode": "E",
    "EcoscoreValue": "63"
  },
  {
    "productId": "677294",
    "technicalArticleNumber": "4394140",
    "commercialArticleNumber": "12859",
    "name": "soep tomaat-vermicelli",
    "description": "*Soep in brik\n*Snelle maaltijd\n*Klaar voor gebruik\n*Vegetarisch eten\n*Groentensoep",
    "brand": "KNORR",
    "seoBrand": "Knorr",
    "thumbNail": "https://static.colruytgroup.com/images/200x200/nl_be/62/30/asset-2796230.jpg",
    "fullImage": "https://static.colruytgroup.com/images/500x500/nl_be/62/30/asset-2796230.jpg",
    "squareImage": "https://static.colruytgroup.com/images/500x500sq/nl_be/62/30/asset-2796230.jpg",
    "content": "1L",
    "walkRouteSequenceNumber": 16941,
    "price": {
      "basicPrice": 4.33,
      "recommendedQuantity": "1.0",
      "measurementUnitPrice": 4.33,
      "measurementUnit": "L",
      "isRedPrice": false,
      "pricePerUOM": 4.33,
      "activationDate": "21-03-2024",
      "recordSource": "Folder",
      "isPromoActive": "N",
      "priceChangeCode": "H"
    },
    "isAvailable": true,
    "isPriceAvailable": true,
    "inPromo": true,
    "promotion": [
      {
        "techPromoId": "100943COLR",
        "promotionId": "100943",
        "promotionType": "3",
        "isPersonalized": "N",
        "publicationStartDate": "13-03-2024",
        "publicationEndDate": "26-03-2024"
      }
    ],
    "gtin": [
      "25400141660245",
      "08710522833827",
      "08710522833834"
    ],
    "topCategoryName": "Kruidenierswaren/Droge voeding",
    "topCategoryId": "233",
    "businessDomain": "RETAIL_BE",
    "IsPrivateLabel": false,
    "IsBiffe": false,
    "WeightconversionFactor": "0",
    "IsWeightArticle": false,
    "nutriscoreLabel": "C",
    "IsBio": false,
    "CountryOfOrigin": "POLEN",
    "IsExclusivelySoldInLuxembourg": false,
    "OrderUnit": "P",
    "ShortName": "KNOR SOEP TOMAAT-VERM1L",
    "IsNew": false,
    "EcoscoreLabel": "B",
    "RecentQuanityOfStockUnits": "1,2,8",
    "LongName": "KNORR soep tomaat-vermicelli 1L",
    "FicCode": "E",
    "EcoscoreValue": "77"
  },
  {
    "productId": "31410",
    "technicalArticleNumber": "1662435",
    "commercialArticleNumber": "42999",
    "name": "Weense w. bio lv gv bok",
    "description": "*Biologische Weense\nworstjes. Lactosevrij en glutenvrij",
    "brand": "MEICA",
    "seoBrand": "Meica",
    "thumbNail": "https://static.colruytgroup.com/images/200x200/std.lang.all/16/69/asset-1141669.jpg",
    "fullImage": "https://static.colruytgroup.com/images/500x500/std.lang.all/16/69/asset-1141669.jpg",
    "squareImage": "https://static.colruytgroup.com/images/500x500sq/std.lang.all/16/69/asset-1141669.jpg",
    "content": "540g",
    "walkRouteSequenceNumber": 16780,
    "price": {
      "basicPrice": 5.99,
      "recommendedQuantity": "1.0",
      "measurementUnitPrice": 23.96,
      "measurementUnit": "K",
      "isRedPrice": false,
      "pricePerUOM": 23.96,
      "activationDate": "14-11-2023",
      "isPromoActive": "N",
      "priceChangeCode": "E"
    },
    "isAvailable": true,
    "isPriceAvailable": true,
    "inPromo": false,
    "gtin": [
      "04000503846002",
      "04000503846095"
    ],
    "topCategoryName": "Conserven",
    "topCategoryId": "188",
    "businessDomain": "RETAIL_BE",
    "IsPrivateLabel": false,
    "IsBiffe": false,
    "WeightconversionFactor": "0",
    "IsWeightArticle": false,
    "nutriscoreLabel": "D",
    "IsBio": true,
    "CountryOfOrigin": "BELGIË",
    "IsExclusivelySoldInLuxembourg": false,
    "OrderUnit": "P",
    "ShortName": "UB BIO M.WEEN.WORST540G",
    "IsNew": false,
    "RecentQuanityOfStockUnits": "1",
    "LongName": "MEICA Weense w. bio lv gv bok 540g",
    "AlcoholVolume": "0",
    "FicCode": "E"
  },
  {
    "productId": "688",
    "technicalArticleNumber": "12601",
    "commercialArticleNumber": "12601",
    "name": "soep tomaten",
    "description": "*Klassieke\ntomatensoep",
    "brand": "ROYCO",
    "seoBrand": "Royco",
    "thumbNail": "https://static.colruytgroup.com/images/200x200/std.lang.all/36/70/asset-3353670.jpg",
    "fullImage": "https://static.colruytgroup.com/images/500x500/std.lang.all/36/70/asset-3353670.jpg",
    "squareImage": "https://static.colruytgroup.com/images/500x500sq/std.lang.all/36/70/asset-3353670.jpg",
    "content": "25st",
    "walkRouteSequenceNumber": 16909,
    "price": {
      "basicPrice": 14.09,
      "recommendedQuantity": "1.0",
      "measurementUnitPrice": 33.16,
      "measurementUnit": "K",
      "isRedPrice": false,
      "pricePerUOM": 33.16,
      "activationDate": "14-11-2023",
      "isPromoActive": "N",
      "priceChangeCode": "E"
    },
    "isAvailable": true,
    "isPriceAvailable": true,
    "inPromo": false,
    "gtin": [
      "05410056186507",
      "05410056786509"
    ],
    "topCategoryName": "Kruidenierswaren/Droge voeding",
    "topCategoryId": "233",
    "businessDomain": "RETAIL_BE",
    "IsPrivateLabel": false,
    "IsBiffe": false,
    "WeightconversionFactor": "0",
    "IsWeightArticle": false,
    "nutriscoreLabel": "C",
    "IsBio": false,
    "CountryOfOrigin": "NEDERLAND",
    "IsExclusivelySoldInLuxembourg": false,
    "OrderUnit": "P",
    "ShortName": "RMS CLASSIC TOMAAT 25Z",
    "IsNew": false,
    "EcoscoreLabel": "B",
    "RecentQuanityOfStockUnits": "1",
    "LongName": "ROYCO soep tomaten 25st",
    "AlcoholVolume": "0",
    "FicCode": "E",
    "EcoscoreValue": "77"
  },
  {
    "productId": "663926",
    "technicalArticleNumber": "4371275",
    "commercialArticleNumber": "16241",
    "name": "passata brik",
    "brand": "ELVEA",
    "seoBrand": "Elvea",
    "thumbNail": "https://static.colruytgroup.com/images/200x200/std.lang.all/75/79/asset-2337579.jpg",
    "fullImage": "https://static.colruytgroup.com/images/500x500/std.lang.all/75/79/asset-2337579.jpg",
    "squareImage": "https://static.colruytgroup.com/images/500x500sq/std.lang.all/75/79/asset-2337579.jpg",
    "content": "1kg",
    "walkRouteSequenceNumber": 8452,
    "price": {
      "basicPrice": 2.89,
      "recommendedQuantity": "1.0",
      "measurementUnitPrice": 2.89,
      "measurementUnit": "L",
      "isRedPrice": false,
      "pricePerUOM": 2.89,
      "activationDate": "13-03-2024",
      "recordSource": "Offline",
      "isPromoActive": "N",
      "priceChangeCode": "E"
    },
    "isAvailable": true,
    "isPriceAvailable": true,
    "inPromo": false,
    "gtin": [
      "18001240101709",
      "08001240060610",
      "18001240060617"
    ],
    "topCategoryName": "Conserven",
    "topCategoryId": "188",
    "businessDomain": "RETAIL_BE",
    "IsPrivateLabel": false,
    "IsBiffe": false,
    "WeightconversionFactor": "0",
    "IsWeightArticle": false,
    "nutriscoreLabel": "A",
    "IsBio": false,
    "CountryOfOrigin": "ITALIË",
    "IsExclusivelySoldInLuxembourg": false,
    "OrderUnit": "P",
    "ShortName": "HC ELVE PASSATA 1L",
    "IsNew": false,
    "EcoscoreLabel": "A",
    "RecentQuanityOfStockUnits": "8,1",
    "LongName": "ELVEA passata brik 1kg",
    "FicCode": "E",
    "EcoscoreValue": "99"
  },
  {
    "productId": "594674",
    "technicalArticleNumber": "4255490",
    "commercialArticleNumber": "21923",
    "name": "makreelfilets visolie",
    "brand": "FEUILLE D'OR",
    "seoBrand": "Feuille d'Or",
    "thumbNail": "https://static.colruytgroup.com/images/200x200/std.lang.all/64/71/asset-2136471.jpg",
    "fullImage": "https://static.colruytgroup.com/images/500x500/std.lang.all/64/71/asset-2136471.jpg",
    "squareImage": "https://static.colruytgroup.com/images/500x500sq/std.lang.all/64/71/asset-2136471.jpg",
    "content": "125g",
    "walkRouteSequenceNumber": 16652,
    "price": {
      "basicPrice": 3.49,
      "recommendedQuantity": "3.0",
      "measurementUnitPrice": 27.92,
      "measurementUnit": "K",
      "isRedPrice": false,
      "pricePerUOM": 27.92,
      "activationDate": "19-03-2024",
      "recordSource": "Offline",
      "isPromoActive": "N",
      "priceChangeCode": "H"
    },
    "isAvailable": true,
    "isPriceAvailable": true,
    "inPromo": false,
    "gtin": [
      "05412374001135",
      "05412374001166",
      "05412374001159"
    ],
    "topCategoryName": "Conserven",
    "topCategoryId": "188",
    "businessDomain": "RETAIL_BE",
    "IsPrivateLabel": false,
    "IsBiffe": false,
    "WeightconversionFactor": "0",
    "IsWeightArticle": false,
    "nutriscoreLabel": "D",
    "IsBio": false,
    "CountryOfOrigin": "POLEN",
    "IsExclusivelySoldInLuxembourg": false,
    "OrderUnit": "P",
    "ShortName": "FEUI MAKREEL VISOLIE125",
    "IsNew": false,
    "EcoscoreLabel": "D",
    "RecentQuanityOfStockUnits": "3,1",
    "LongName": "FEUILLE D'OR makreelfilets visolie 125g",
    "AlcoholVolume": "0",
    "FicCode": "E",
    "EcoscoreValue": "35"
  },
  {
    "productId": "706601",
    "technicalArticleNumber": "4443597",
    "commercialArticleNumber": "16344",
    "name": "makreelfil. olijfolie",
    "brand": "FEUILLE D'OR",
    "seoBrand": "Feuille d'Or",
    "thumbNail": "https://static.colruytgroup.com/images/200x200/std.lang.all/79/74/asset-2417974.jpg",
    "fullImage": "https://static.colruytgroup.com/images/500x500/std.lang.all/79/74/asset-2417974.jpg",
    "squareImage": "https://static.colruytgroup.com/images/500x500sq/std.lang.all/79/74/asset-2417974.jpg",
    "content": "125g",
    "walkRouteSequenceNumber": 16647,
    "price": {
      "basicPrice": 3.55,
      "recommendedQuantity": "3.0",
      "measurementUnitPrice": 28.4,
      "measurementUnit": "K",
      "isRedPrice": false,
      "pricePerUOM": 28.4,
      "activationDate": "19-03-2024",
      "recordSource": "Offline",
      "isPromoActive": "N",
      "priceChangeCode": "H"
    },
    "isAvailable": true,
    "isPriceAvailable": true,
    "inPromo": false,
    "gtin": [
      "05412374001333",
      "05412374001364",
      "05412374001357"
    ],
    "topCategoryName": "Conserven",
    "topCategoryId": "188",
    "businessDomain": "RETAIL_BE",
    "IsPrivateLabel": false,
    "IsBiffe": false,
    "WeightconversionFactor": "0",
    "IsWeightArticle": false,
    "nutriscoreLabel": "D",
    "IsBio": false,
    "CountryOfOrigin": "POLEN",
    "IsExclusivelySoldInLuxembourg": false,
    "OrderUnit": "P",
    "ShortName": "FEUI MAK.FIL.E.V.OL.125",
    "IsNew": false,
    "EcoscoreLabel": "D",
    "RecentQuanityOfStockUnits": "3,1",
    "LongName": "FEUILLE D'OR makreelfil. olijfolie 125g",
    "FicCode": "E",
    "EcoscoreValue": "33"
  },
  {
    "productId": "869134",
    "technicalArticleNumber": "4722569",
    "commercialArticleNumber": "17790",
    "name": "insalatissime quinoa",
    "brand": "RIO MARE",
    "seoBrand": "Rio Mare",
    "thumbNail": "https://static.colruytgroup.com/images/200x200/std.lang.all/56/59/asset-3195659.jpg",
    "fullImage": "https://static.colruytgroup.com/images/500x500/std.lang.all/56/59/asset-3195659.jpg",
    "squareImage": "https://static.colruytgroup.com/images/500x500sq/std.lang.all/56/59/asset-3195659.jpg",
    "content": "160g",
    "walkRouteSequenceNumber": 17605,
    "price": {
      "basicPrice": 4.09,
      "recommendedQuantity": "1.0",
      "measurementUnitPrice": 25.57,
      "measurementUnit": "K",
      "isRedPrice": false,
      "pricePerUOM": 25.57,
      "activationDate": "13-03-2024",
      "recordSource": "Offline",
      "isPromoActive": "N",
      "priceChangeCode": "H"
    },
    "isAvailable": true,
    "isPriceAvailable": true,
    "inPromo": false,
    "gtin": [
      "15415087014765",
      "08004030835023"
    ],
    "topCategoryName": "Conserven",
    "topCategoryId": "188",
    "businessDomain": "RETAIL_BE",
    "IsPrivateLabel": false,
    "IsBiffe": false,
    "WeightconversionFactor": "0",
    "IsWeightArticle": false,
    "nutriscoreLabel": "C",
    "IsBio": false,
    "CountryOfOrigin": "ITALIË",
    "IsExclusivelySoldInLuxembourg": false,
    "OrderUnit": "P",
    "ShortName": "RIO M.INSA.TON.QUINO160",
    "IsNew": false,
    "EcoscoreLabel": "C",
    "RecentQuanityOfStockUnits": "1",
    "LongName": "RIO MARE insalatissime quinoa 160g",
    "FicCode": "E",
    "EcoscoreValue": "43"
  },
  {
    "productId": "700",
    "technicalArticleNumber": "12627",
    "commercialArticleNumber": "12627",
    "name": "soep prei",
    "description": "*Klassieke preisoep",
    "brand": "ROYCO",
    "seoBrand": "Royco",
    "thumbNail": "https://static.colruytgroup.com/images/200x200/std.lang.all/36/75/asset-3353675.jpg",
    "fullImage": "https://static.colruytgroup.com/images/500x500/std.lang.all/36/75/asset-3353675.jpg",
    "squareImage": "https://static.colruytgroup.com/images/500x500sq/std.lang.all/36/75/asset-3353675.jpg",
    "content": "25st",
    "walkRouteSequenceNumber": 16842,
    "price": {
      "basicPrice": 13.69,
      "recommendedQuantity": "1.0",
      "measurementUnitPrice": 38.57,
      "measurementUnit": "K",
      "isRedPrice": false,
      "pricePerUOM": 38.57,
      "activationDate": "22-11-2023",
      "isPromoActive": "N",
      "priceChangeCode": "H"
    },
    "isAvailable": true,
    "isPriceAvailable": true,
    "inPromo": false,
    "gtin": [
      "05410056186545",
      "05410056786547"
    ],
    "topCategoryName": "Kruidenierswaren/Droge voeding",
    "topCategoryId": "233",
    "businessDomain": "RETAIL_BE",
    "IsPrivateLabel": false,
    "IsBiffe": false,
    "WeightconversionFactor": "0",
    "IsWeightArticle": false,
    "nutriscoreLabel": "C",
    "IsBio": false,
    "CountryOfOrigin": "NEDERLAND",
    "IsExclusivelySoldInLuxembourg": false,
    "OrderUnit": "P",
    "ShortName": "RMS CLASSIC PREI 25 Z",
    "InSeason": true,
    "IsNew": false,
    "EcoscoreLabel": "B",
    "RecentQuanityOfStockUnits": "1",
    "LongName": "ROYCO soep prei 25st",
    "AlcoholVolume": "0",
    "StartSeasonDate": "19/09/2023",
    "FicCode": "E",
    "EcoscoreValue": "72"
  },
  {
    "productId": "803849",
    "technicalArticleNumber": "4620376",
    "commercialArticleNumber": "14617",
    "name": "pasta rund balletjes tomaat",
    "brand": "ZAPETTI",
    "seoBrand": "Zapetti",
    "thumbNail": "https://static.colruytgroup.com/images/200x200/nl_be/38/10/asset-2903810.jpg",
    "fullImage": "https://static.colruytgroup.com/images/500x500/nl_be/38/10/asset-2903810.jpg",
    "squareImage": "https://static.colruytgroup.com/images/500x500sq/nl_be/38/10/asset-2903810.jpg",
    "content": "400g",
    "walkRouteSequenceNumber": 16762,
    "price": {
      "basicPrice": 3.48,
      "recommendedQuantity": "1.0",
      "measurementUnitPrice": 8.7,
      "measurementUnit": "K",
      "isRedPrice": false,
      "pricePerUOM": 8.7,
      "activationDate": "27-06-2023",
      "isPromoActive": "N",
      "priceChangeCode": "L"
    },
    "isAvailable": true,
    "isPriceAvailable": true,
    "inPromo": false,
    "gtin": [
      "03021690030587"
    ],
    "topCategoryName": "Conserven",
    "topCategoryId": "188",
    "businessDomain": "RETAIL_BE",
    "IsPrivateLabel": false,
    "IsBiffe": false,
    "WeightconversionFactor": "0",
    "IsWeightArticle": false,
    "IsBio": false,
    "CountryOfOrigin": "FRANKRIJK",
    "IsExclusivelySoldInLuxembourg": false,
    "OrderUnit": "P",
    "ShortName": "ZAPE PAS.RUND.BAL.TO400",
    "IsNew": false,
    "RecentQuanityOfStockUnits": "1",
    "LongName": "ZAPETTI pasta rund balletjes tomaat 400g",
    "FicCode": "E"
  },
  {
    "productId": "978793",
    "technicalArticleNumber": "4777913",
    "commercialArticleNumber": "9081",
    "name": "soep 9 Groenteweelde",
    "brand": "LIEBIG",
    "seoBrand": "Liebig Délisoup",
    "thumbNail": "https://static.colruytgroup.com/images/200x200/std.lang.all/79/29/asset-3377929.jpg",
    "fullImage": "https://static.colruytgroup.com/images/500x500/std.lang.all/79/29/asset-3377929.jpg",
    "squareImage": "https://static.colruytgroup.com/images/500x500sq/std.lang.all/79/29/asset-3377929.jpg",
    "content": "2x350ml",
    "walkRouteSequenceNumber": 16948,
    "price": {
      "basicPrice": 2.99,
      "recommendedQuantity": "1.0",
      "measurementUnitPrice": 4.28,
      "measurementUnit": "L",
      "isRedPrice": false,
      "pricePerUOM": 4.28,
      "activationDate": "12-03-2024",
      "recordSource": "Offline",
      "isPromoActive": "N",
      "priceChangeCode": "E"
    },
    "isAvailable": true,
    "isPriceAvailable": true,
    "inPromo": false,
    "gtin": [
      "05414972116174"
    ],
    "topCategoryName": "Kruidenierswaren/Droge voeding",
    "topCategoryId": "233",
    "businessDomain": "RETAIL_BE",
    "IsPrivateLabel": false,
    "IsBiffe": false,
    "WeightconversionFactor": "0",
    "IsWeightArticle": false,
    "nutriscoreLabel": "B",
    "IsBio": false,
    "CountryOfOrigin": "FRANKRIJK",
    "IsExclusivelySoldInLuxembourg": false,
    "OrderUnit": "P",
    "ShortName": "LIEB 9GROENT.WE.2X350ML",
    "IsNew": false,
    "EcoscoreLabel": "B",
    "RecentQuanityOfStockUnits": "1",
    "LongName": "LIEBIG soep 9 Groenteweelde 2x350ml",
    "AlcoholVolume": "0",
    "FicCode": "E",
    "EcoscoreValue": "78"
  },
  {
    "productId": "53555",
    "technicalArticleNumber": "2376294",
    "commercialArticleNumber": "26308",
    "name": "zuurkool witte wijn blik",
    "description": "*Zuurkool met witte\nwijn, varkensvlees\nen gerookte worsten\n*Aantal porties: 2\n*Pan, microgolfoven",
    "brand": "EVERYDAY",
    "seoBrand": "Everyday",
    "thumbNail": "https://static.colruytgroup.com/images/200x200/std.lang.all/54/15/asset-3365415.jpg",
    "fullImage": "https://static.colruytgroup.com/images/500x500/std.lang.all/54/15/asset-3365415.jpg",
    "squareImage": "https://static.colruytgroup.com/images/500x500sq/std.lang.all/54/15/asset-3365415.jpg",
    "content": "800g",
    "walkRouteSequenceNumber": 16833,
    "price": {
      "basicPrice": 2.37,
      "recommendedQuantity": "1.0",
      "quantityPrice": 2.24,
      "quantityPriceQuantity": "2.0",
      "measurementUnitPrice": 2.97,
      "measurementUnitQuantityPrice": 2.8,
      "measurementUnit": "K",
      "isRedPrice": false,
      "pricePerUOM": 2.97,
      "activationDate": "20-03-2024",
      "recordSource": "Offline",
      "isPromoActive": "N",
      "priceChangeCode": "E",
      "quantityPricePerUOM": 2.8,
      "quantityActivationDate": "20-03-2024",
      "quantityPriceChangeCode": "E"
    },
    "isAvailable": true,
    "isPriceAvailable": true,
    "inPromo": false,
    "gtin": [
      "05400141406399",
      "15400141406396",
      "15400141057635",
      "05400141033137",
      "05400141057638",
      "05400141167290",
      "05400141806595"
    ],
    "topCategoryName": "Conserven",
    "topCategoryId": "188",
    "businessDomain": "RETAIL_BE",
    "IsPrivateLabel": true,
    "IsBiffe": false,
    "WeightconversionFactor": "0",
    "IsWeightArticle": false,
    "nutriscoreLabel": "C",
    "IsBio": false,
    "CountryOfOrigin": "FRANKRIJK",
    "IsExclusivelySoldInLuxembourg": false,
    "OrderUnit": "P",
    "ShortName": "EVD GEGARN.ZUURKOOL800G",
    "IsNew": false,
    "EcoscoreLabel": "B",
    "RecentQuanityOfStockUnits": "1,1",
    "LongName": "EVERYDAY zuurkool witte wijn blik 800g",
    "AlcoholVolume": "0",
    "FicCode": "I",
    "EcoscoreValue": "67"
  },
  {
    "productId": "869465",
    "technicalArticleNumber": "4722802",
    "commercialArticleNumber": "18423",
    "name": "Insa.Tonijn Couscous MSC",
    "brand": "RIO MARE",
    "seoBrand": "Rio Mare",
    "thumbNail": "https://static.colruytgroup.com/images/200x200/std.lang.all/16/97/asset-3201697.jpg",
    "fullImage": "https://static.colruytgroup.com/images/500x500/std.lang.all/16/97/asset-3201697.jpg",
    "squareImage": "https://static.colruytgroup.com/images/500x500sq/std.lang.all/16/97/asset-3201697.jpg",
    "content": "2x160g",
    "walkRouteSequenceNumber": 17604,
    "price": {
      "basicPrice": 6.99,
      "recommendedQuantity": "3.0",
      "measurementUnitPrice": 21.85,
      "measurementUnit": "K",
      "isRedPrice": false,
      "pricePerUOM": 21.85,
      "activationDate": "20-03-2024",
      "recordSource": "Offline",
      "isPromoActive": "N",
      "priceChangeCode": "L"
    },
    "isAvailable": true,
    "isPriceAvailable": true,
    "inPromo": false,
    "gtin": [
      "08004030860032",
      "08004030860025"
    ],
    "topCategoryName": "Conserven",
    "topCategoryId": "188",
    "businessDomain": "RETAIL_BE",
    "IsPrivateLabel": false,
    "IsBiffe": false,
    "WeightconversionFactor": "0",
    "IsWeightArticle": false,
    "nutriscoreLabel": "B",
    "IsBio": false,
    "CountryOfOrigin": "ITALIË",
    "IsExclusivelySoldInLuxembourg": false,
    "OrderUnit": "P",
    "ShortName": "RIO M INS.TON.COUS2X160",
    "IsNew": false,
    "EcoscoreLabel": "D",
    "RecentQuanityOfStockUnits": "1",
    "LongName": "RIO MARE Insa.Tonijn Couscous MSC 2x160g",
    "FicCode": "E",
    "EcoscoreValue": "22"
  },
  {
    "productId": "43136",
    "technicalArticleNumber": "2532888",
    "commercialArticleNumber": "15698",
    "name": "soep sm.v.toen jul.tom.bal brik",
    "description": "*Soep in brik\n*Snelle maaltijd\n*Klaar voor gebruik\n*Snelle maaltijd\n*Groentensoep",
    "brand": "KNORR",
    "seoBrand": "Knorr",
    "thumbNail": "https://static.colruytgroup.com/images/200x200/nl_be/60/40/asset-2796040.jpg",
    "fullImage": "https://static.colruytgroup.com/images/500x500/nl_be/60/40/asset-2796040.jpg",
    "squareImage": "https://static.colruytgroup.com/images/500x500sq/nl_be/60/40/asset-2796040.jpg",
    "content": "1L",
    "walkRouteSequenceNumber": 16953,
    "price": {
      "basicPrice": 4.23,
      "recommendedQuantity": "2.0",
      "measurementUnitPrice": 4.23,
      "measurementUnit": "L",
      "isRedPrice": false,
      "pricePerUOM": 4.23,
      "activationDate": "21-03-2024",
      "recordSource": "Folder",
      "isPromoActive": "N",
      "priceChangeCode": "H"
    },
    "isAvailable": true,
    "isPriceAvailable": true,
    "inPromo": true,
    "promotion": [
      {
        "techPromoId": "100943COLR",
        "promotionId": "100943",
        "promotionType": "3",
        "isPersonalized": "N",
        "publicationStartDate": "13-03-2024",
        "publicationEndDate": "26-03-2024"
      }
    ],
    "gtin": [
      "08712566669455",
      "08712566191673",
      "05400141001969"
    ],
    "topCategoryName": "Kruidenierswaren/Droge voeding",
    "topCategoryId": "233",
    "businessDomain": "RETAIL_BE",
    "IsPrivateLabel": false,
    "IsBiffe": false,
    "WeightconversionFactor": "0",
    "IsWeightArticle": false,
    "nutriscoreLabel": "C",
    "IsBio": false,
    "CountryOfOrigin": "POLEN",
    "IsExclusivelySoldInLuxembourg": false,
    "OrderUnit": "P",
    "ShortName": "KN SVT JUL.TOM.BAL 1L",
    "IsNew": false,
    "EcoscoreLabel": "D",
    "RecentQuanityOfStockUnits": "2,1,8",
    "LongName": "KNORR soep sm.v.toen jul.tom.bal brik 1L",
    "AlcoholVolume": "0",
    "FicCode": "E",
    "EcoscoreValue": "32"
  },
  {
    "productId": "858650",
    "technicalArticleNumber": "4708915",
    "commercialArticleNumber": "31667",
    "name": "TV worstjes veggie 11 stuks",
    "brand": "ZWAN",
    "seoBrand": "Zwan",
    "thumbNail": "https://static.colruytgroup.com/images/200x200/std.lang.all/61/17/asset-3176117.jpg",
    "fullImage": "https://static.colruytgroup.com/images/500x500/std.lang.all/61/17/asset-3176117.jpg",
    "squareImage": "https://static.colruytgroup.com/images/500x500sq/std.lang.all/61/17/asset-3176117.jpg",
    "content": "200g",
    "walkRouteSequenceNumber": 4610,
    "price": {
      "basicPrice": 2.59,
      "recommendedQuantity": "1.0",
      "measurementUnitPrice": 21.59,
      "measurementUnit": "K",
      "isRedPrice": false,
      "pricePerUOM": 21.59,
      "activationDate": "14-03-2024",
      "recordSource": "Offline",
      "isPromoActive": "N",
      "priceChangeCode": "H"
    },
    "isAvailable": true,
    "isPriceAvailable": true,
    "inPromo": false,
    "gtin": [
      "08720182548320",
      "08720182548382"
    ],
    "topCategoryName": "Conserven",
    "topCategoryId": "188",
    "businessDomain": "RETAIL_BE",
    "IsPrivateLabel": false,
    "IsBiffe": false,
    "WeightconversionFactor": "0",
    "IsWeightArticle": false,
    "nutriscoreLabel": "C",
    "IsBio": false,
    "CountryOfOrigin": "NEDERLAND",
    "IsExclusivelySoldInLuxembourg": false,
    "OrderUnit": "P",
    "ShortName": "ZWAN TV WORST VEGGIE200",
    "IsNew": false,
    "EcoscoreLabel": "C",
    "RecentQuanityOfStockUnits": "1",
    "LongName": "ZWAN TV worstjes veggie 11 stuks 200g",
    "FicCode": "E",
    "EcoscoreValue": "57"
  },
  {
    "productId": "59356",
    "technicalArticleNumber": "2350739",
    "commercialArticleNumber": "24032",
    "name": "TV-worstjes gevogelte",
    "description": "*Worst in blik\n*Klaar voor gebruik\n*Snelle snack\n*Perfect als apero\n*Kwaliteitsvlees",
    "brand": "ZWAN",
    "seoBrand": "Zwan",
    "thumbNail": "https://static.colruytgroup.com/images/200x200/std.lang.all/48/05/asset-2794805.jpg",
    "fullImage": "https://static.colruytgroup.com/images/500x500/std.lang.all/48/05/asset-2794805.jpg",
    "squareImage": "https://static.colruytgroup.com/images/500x500sq/std.lang.all/48/05/asset-2794805.jpg",
    "content": "205g",
    "walkRouteSequenceNumber": 4603,
    "price": {
      "basicPrice": 3.39,
      "recommendedQuantity": "4.0",
      "measurementUnitPrice": 28.25,
      "measurementUnit": "K",
      "isRedPrice": false,
      "pricePerUOM": 28.25,
      "activationDate": "15-02-2024",
      "recordSource": "Offline",
      "isPromoActive": "N",
      "priceChangeCode": "H"
    },
    "isAvailable": true,
    "isPriceAvailable": true,
    "inPromo": false,
    "gtin": [
      "15400141251903",
      "08711200342808",
      "05400141242324",
      "08711200342815",
      "08718114788364"
    ],
    "topCategoryName": "Conserven",
    "topCategoryId": "188",
    "businessDomain": "RETAIL_BE",
    "IsPrivateLabel": false,
    "IsBiffe": false,
    "WeightconversionFactor": "0",
    "IsWeightArticle": false,
    "nutriscoreLabel": "D",
    "IsBio": false,
    "CountryOfOrigin": "NEDERLAND",
    "IsExclusivelySoldInLuxembourg": false,
    "OrderUnit": "P",
    "ShortName": "ZWAN TV GEVOGELTE 205G",
    "IsNew": false,
    "EcoscoreLabel": "E",
    "RecentQuanityOfStockUnits": "1",
    "LongName": "ZWAN TV-worstjes gevogelte 205g",
    "AlcoholVolume": "0",
    "FicCode": "E",
    "EcoscoreValue": "2"
  },
  {
    "productId": "190746",
    "technicalArticleNumber": "3462421",
    "commercialArticleNumber": "50333",
    "name": "uienkonfijt bok",
    "brand": "DIDDEN",
    "seoBrand": "Didden",
    "thumbNail": "https://static.colruytgroup.com/images/200x200/std.lang.all/67/17/asset-2956717.jpg",
    "fullImage": "https://static.colruytgroup.com/images/500x500/std.lang.all/67/17/asset-2956717.jpg",
    "squareImage": "https://static.colruytgroup.com/images/500x500sq/std.lang.all/67/17/asset-2956717.jpg",
    "content": "220g",
    "walkRouteSequenceNumber": 16630,
    "price": {
      "basicPrice": 3.19,
      "recommendedQuantity": "1.0",
      "measurementUnitPrice": 14.5,
      "measurementUnit": "K",
      "isRedPrice": false,
      "pricePerUOM": 14.5,
      "activationDate": "15-03-2024",
      "recordSource": "Offline",
      "isPromoActive": "N",
      "priceChangeCode": "E"
    },
    "isAvailable": true,
    "isPriceAvailable": true,
    "inPromo": false,
    "gtin": [
      "05410951003015",
      "15410951003012"
    ],
    "topCategoryName": "Conserven",
    "topCategoryId": "188",
    "businessDomain": "RETAIL_BE",
    "IsPrivateLabel": false,
    "IsBiffe": false,
    "WeightconversionFactor": "0",
    "IsWeightArticle": false,
    "nutriscoreLabel": "D",
    "IsBio": false,
    "CountryOfOrigin": "BELGIË",
    "IsExclusivelySoldInLuxembourg": false,
    "OrderUnit": "P",
    "ShortName": "DIDDEN UIENCONFIJT 220G",
    "InSeason": true,
    "IsNew": false,
    "EcoscoreLabel": "A",
    "RecentQuanityOfStockUnits": "1",
    "LongName": "DIDDEN uienkonfijt bok 220g",
    "AlcoholVolume": "0",
    "StartSeasonDate": "19/02/2021",
    "FicCode": "E",
    "EcoscoreValue": "93"
  },
  {
    "productId": "645",
    "technicalArticleNumber": "9019",
    "commercialArticleNumber": "9019",
    "name": "Hotdogworsten",
    "description": "*48 hotdogworsten\n*Altijd met factuur",
    "brand": "ECONOM",
    "seoBrand": "Econom",
    "thumbNail": "https://static.colruytgroup.com/images/200x200/std.lang.all/42/45/asset-1774245.jpg",
    "fullImage": "https://static.colruytgroup.com/images/500x500/std.lang.all/42/45/asset-1774245.jpg",
    "squareImage": "https://static.colruytgroup.com/images/500x500sq/std.lang.all/42/45/asset-1774245.jpg",
    "content": "2,650kg",
    "walkRouteSequenceNumber": 16792,
    "price": {
      "basicPrice": 17.49,
      "recommendedQuantity": "1.0",
      "measurementUnitPrice": 9.11,
      "measurementUnit": "K",
      "isRedPrice": false,
      "pricePerUOM": 9.11,
      "activationDate": "11-01-2024",
      "isPromoActive": "N",
      "priceChangeCode": "H"
    },
    "isAvailable": true,
    "isPriceAvailable": true,
    "inPromo": false,
    "gtin": [
      "05400141168600",
      "05400141213850",
      "05400141244946",
      "15400141244943",
      "65400141244948"
    ],
    "topCategoryName": "Conserven",
    "topCategoryId": "188",
    "businessDomain": "RETAIL_BE",
    "IsPrivateLabel": true,
    "IsBiffe": false,
    "WeightconversionFactor": "0",
    "IsWeightArticle": false,
    "nutriscoreLabel": "D",
    "IsBio": false,
    "CountryOfOrigin": "BELGIË",
    "IsExclusivelySoldInLuxembourg": false,
    "OrderUnit": "P",
    "ShortName": "HC ECON HOTDOG48S 2.65K",
    "IsNew": false,
    "EcoscoreLabel": "E",
    "RecentQuanityOfStockUnits": "1,4",
    "LongName": "ECONOM Hotdogworsten 2,650kg",
    "AlcoholVolume": "0",
    "FicCode": "I",
    "EcoscoreValue": "19"
  },
  {
    "productId": "774510",
    "technicalArticleNumber": "4563904",
    "commercialArticleNumber": "1523",
    "name": "tomaat bruschetta",
    "brand": "WONKY",
    "seoBrand": "Wonky",
    "thumbNail": "https://static.colruytgroup.com/images/200x200/std.lang.all/92/79/asset-2759279.jpg",
    "fullImage": "https://static.colruytgroup.com/images/500x500/std.lang.all/92/79/asset-2759279.jpg",
    "squareImage": "https://static.colruytgroup.com/images/500x500sq/std.lang.all/92/79/asset-2759279.jpg",
    "content": "150g",
    "walkRouteSequenceNumber": 7761,
    "price": {
      "basicPrice": 2.99,
      "recommendedQuantity": "1.0",
      "quantityPrice": 2.75,
      "quantityPriceQuantity": "3.0",
      "measurementUnitPrice": 19.94,
      "measurementUnitQuantityPrice": 18.34,
      "measurementUnit": "K",
      "isRedPrice": false,
      "pricePerUOM": 19.94,
      "activationDate": "03-11-2022",
      "isPromoActive": "N",
      "priceChangeCode": "E",
      "quantityPricePerUOM": 18.34,
      "quantityActivationDate": "03-11-2022",
      "quantityPriceChangeCode": "H"
    },
    "isAvailable": true,
    "isPriceAvailable": true,
    "inPromo": false,
    "gtin": [
      "05425001808625",
      "25425001808629"
    ],
    "topCategoryName": "Chips/Borrelhapjes",
    "topCategoryId": "306",
    "businessDomain": "RETAIL_BE",
    "IsPrivateLabel": false,
    "IsBiffe": false,
    "WeightconversionFactor": "0",
    "IsWeightArticle": false,
    "nutriscoreLabel": "C",
    "IsBio": false,
    "CountryOfOrigin": "BELGIË",
    "IsExclusivelySoldInLuxembourg": false,
    "OrderUnit": "P",
    "ShortName": "WONK TOM.BRUSCHET.150G",
    "IsNew": false,
    "EcoscoreLabel": "B",
    "RecentQuanityOfStockUnits": "1",
    "LongName": "WONKY tomaat bruschetta 150g",
    "FicCode": "E",
    "EcoscoreValue": "69"
  },
  {
    "productId": "184290",
    "technicalArticleNumber": "3470438",
    "commercialArticleNumber": "50404",
    "name": "uienkonfijt Ardense bok",
    "brand": "DIDDEN",
    "seoBrand": "Didden",
    "thumbNail": "https://static.colruytgroup.com/images/200x200/std.lang.all/81/68/asset-1078168.jpg",
    "fullImage": "https://static.colruytgroup.com/images/500x500/std.lang.all/81/68/asset-1078168.jpg",
    "squareImage": "https://static.colruytgroup.com/images/500x500sq/std.lang.all/81/68/asset-1078168.jpg",
    "content": "220g",
    "walkRouteSequenceNumber": 16628,
    "price": {
      "basicPrice": 2.09,
      "recommendedQuantity": "1.0",
      "measurementUnitPrice": 9.5,
      "measurementUnit": "K",
      "isRedPrice": false,
      "pricePerUOM": 9.5,
      "activationDate": "20-03-2024",
      "isPromoActive": "N",
      "priceChangeCode": "L"
    },
    "isAvailable": true,
    "isPriceAvailable": true,
    "inPromo": false,
    "gtin": [
      "15410951003029",
      "05410951003022"
    ],
    "topCategoryName": "Conserven",
    "topCategoryId": "188",
    "businessDomain": "RETAIL_BE",
    "IsPrivateLabel": false,
    "IsBiffe": false,
    "WeightconversionFactor": "0",
    "IsWeightArticle": false,
    "nutriscoreLabel": "D",
    "IsBio": false,
    "CountryOfOrigin": "BELGIË",
    "IsExclusivelySoldInLuxembourg": false,
    "OrderUnit": "P",
    "ShortName": "DID.ARDENSE UIENCON.220",
    "InSeason": true,
    "IsNew": false,
    "EcoscoreLabel": "A",
    "RecentQuanityOfStockUnits": "1",
    "LongName": "DIDDEN uienkonfijt Ardense bok 220g",
    "AlcoholVolume": "0",
    "StartSeasonDate": "19/02/2021",
    "FicCode": "E",
    "EcoscoreValue": "93"
  },
  {
    "productId": "11559",
    "technicalArticleNumber": "1388515",
    "commercialArticleNumber": "9841",
    "name": "wilde rode zalm MSC",
    "description": "*Wilde rode zalm",
    "brand": "IMPERIAL",
    "seoBrand": "Imperial",
    "thumbNail": "https://static.colruytgroup.com/images/200x200/std.lang.all/92/69/asset-1329269.jpg",
    "fullImage": "https://static.colruytgroup.com/images/500x500/std.lang.all/92/69/asset-1329269.jpg",
    "squareImage": "https://static.colruytgroup.com/images/500x500sq/std.lang.all/92/69/asset-1329269.jpg",
    "content": "106g",
    "walkRouteSequenceNumber": 17597,
    "price": {
      "basicPrice": 5.01,
      "recommendedQuantity": "1.0",
      "measurementUnitPrice": 47.27,
      "measurementUnit": "K",
      "isRedPrice": false,
      "pricePerUOM": 47.27,
      "activationDate": "14-11-2023",
      "isPromoActive": "N",
      "priceChangeCode": "E"
    },
    "isAvailable": true,
    "isPriceAvailable": true,
    "inPromo": false,
    "gtin": [
      "15410363700677",
      "05410363000671"
    ],
    "topCategoryName": "Conserven",
    "topCategoryId": "188",
    "businessDomain": "RETAIL_BE",
    "IsPrivateLabel": false,
    "IsBiffe": false,
    "WeightconversionFactor": "0",
    "IsWeightArticle": false,
    "nutriscoreLabel": "A",
    "IsBio": false,
    "CountryOfOrigin": "CANADA",
    "IsExclusivelySoldInLuxembourg": false,
    "OrderUnit": "P",
    "ShortName": "IMPERIAL RODEZALM 106GR",
    "IsNew": false,
    "EcoscoreLabel": "E",
    "RecentQuanityOfStockUnits": "1",
    "LongName": "IMPERIAL wilde rode zalm MSC 106g",
    "AlcoholVolume": "0",
    "FicCode": "E",
    "EcoscoreValue": "16"
  },
  {
    "productId": "133156",
    "technicalArticleNumber": "3182954",
    "commercialArticleNumber": "8673",
    "name": "witte tonijn olijfolie MSC",
    "description": "*Witte tonijn met\nolijfolie\n*met label MSC",
    "brand": "BONI",
    "seoBrand": "Boni Selection",
    "thumbNail": "https://static.colruytgroup.com/images/200x200/nl_be/72/54/asset-2167254.jpg",
    "fullImage": "https://static.colruytgroup.com/images/500x500/nl_be/72/54/asset-2167254.jpg",
    "squareImage": "https://static.colruytgroup.com/images/500x500sq/nl_be/72/54/asset-2167254.jpg",
    "content": "110g",
    "walkRouteSequenceNumber": 16736,
    "price": {
      "basicPrice": 2.39,
      "recommendedQuantity": "5.0",
      "measurementUnitPrice": 29.15,
      "measurementUnit": "K",
      "isRedPrice": false,
      "pricePerUOM": 29.15,
      "activationDate": "06-03-2024",
      "isPromoActive": "N",
      "priceChangeCode": "L"
    },
    "isAvailable": true,
    "isPriceAvailable": true,
    "inPromo": false,
    "gtin": [
      "15400141095644",
      "15400141281511",
      "15400141871408",
      "05400141281514",
      "05400141172126",
      "05400141127621",
      "35400141095648",
      "25400141281518",
      "05400141148138"
    ],
    "topCategoryName": "Conserven",
    "topCategoryId": "188",
    "businessDomain": "RETAIL_BE",
    "IsPrivateLabel": true,
    "IsBiffe": false,
    "WeightconversionFactor": "0",
    "IsWeightArticle": false,
    "nutriscoreLabel": "A",
    "IsBio": false,
    "CountryOfOrigin": "SPANJE",
    "IsExclusivelySoldInLuxembourg": false,
    "OrderUnit": "P",
    "ShortName": "BONI WITTE TONIJN 110G",
    "IsNew": false,
    "EcoscoreLabel": "E",
    "RecentQuanityOfStockUnits": "1,5",
    "LongName": "BONI witte tonijn olijfolie MSC 110g",
    "AlcoholVolume": "0",
    "FicCode": "I",
    "EcoscoreValue": "11"
  },
  {
    "productId": "188122",
    "technicalArticleNumber": "3460508",
    "commercialArticleNumber": "50313",
    "name": "soep tomaten crème",
    "description": "*Tomatencrème soep",
    "brand": "BONI",
    "seoBrand": "Boni Selection",
    "thumbNail": "https://static.colruytgroup.com/images/200x200/std.lang.all/11/57/asset-3411157.jpg",
    "fullImage": "https://static.colruytgroup.com/images/500x500/std.lang.all/11/57/asset-3411157.jpg",
    "squareImage": "https://static.colruytgroup.com/images/500x500sq/std.lang.all/11/57/asset-3411157.jpg",
    "content": "460ml",
    "walkRouteSequenceNumber": 16889,
    "price": {
      "basicPrice": 1.49,
      "recommendedQuantity": "3.0",
      "measurementUnitPrice": 3.24,
      "measurementUnit": "L",
      "isRedPrice": false,
      "pricePerUOM": 3.24,
      "activationDate": "08-03-2024",
      "recordSource": "Offline",
      "isPromoActive": "N",
      "priceChangeCode": "L"
    },
    "isAvailable": true,
    "isPriceAvailable": true,
    "inPromo": false,
    "gtin": [
      "05400141243628",
      "05400141236606",
      "05400141381139",
      "15400141243625"
    ],
    "topCategoryName": "Kruidenierswaren/Droge voeding",
    "topCategoryId": "233",
    "businessDomain": "RETAIL_BE",
    "IsPrivateLabel": true,
    "IsBiffe": false,
    "WeightconversionFactor": "0",
    "IsWeightArticle": false,
    "nutriscoreLabel": "B",
    "IsBio": false,
    "CountryOfOrigin": "BELGIË",
    "IsExclusivelySoldInLuxembourg": false,
    "OrderUnit": "P",
    "ShortName": "BONI TOMATENCREME 460ML",
    "InSeason": true,
    "IsNew": false,
    "EcoscoreLabel": "A",
    "RecentQuanityOfStockUnits": "3,1,12",
    "LongName": "BONI soep tomaten crème 460ml",
    "AlcoholVolume": "0",
    "StartSeasonDate": "25/09/2023",
    "FicCode": "I",
    "EcoscoreValue": "100"
  },
  {
    "productId": "511",
    "technicalArticleNumber": "9175",
    "commercialArticleNumber": "9175",
    "name": "vleesballetjes in tomatensaus",
    "description": "*25 vleesballetjes\nin tomatensaus\n*Aantal porties: 4\n*Opwarmen in de pan,\nin de microgolfoven",
    "brand": "ZWAN",
    "seoBrand": "Zwan",
    "thumbNail": "https://static.colruytgroup.com/images/200x200/std.lang.all/98/89/asset-3269889.jpg",
    "fullImage": "https://static.colruytgroup.com/images/500x500/std.lang.all/98/89/asset-3269889.jpg",
    "squareImage": "https://static.colruytgroup.com/images/500x500sq/std.lang.all/98/89/asset-3269889.jpg",
    "content": "210g",
    "walkRouteSequenceNumber": 16814,
    "price": {
      "basicPrice": 3.56,
      "recommendedQuantity": "1.0",
      "measurementUnitPrice": 16.96,
      "measurementUnit": "K",
      "isRedPrice": false,
      "pricePerUOM": 16.96,
      "activationDate": "23-03-2024",
      "recordSource": "Offline",
      "isPromoActive": "N",
      "priceChangeCode": "H"
    },
    "isAvailable": true,
    "isPriceAvailable": true,
    "inPromo": false,
    "gtin": [
      "00000025091755",
      "05410033002431",
      "05410033203555"
    ],
    "topCategoryName": "Conserven",
    "topCategoryId": "188",
    "businessDomain": "RETAIL_BE",
    "IsPrivateLabel": false,
    "IsBiffe": false,
    "WeightconversionFactor": "0",
    "IsWeightArticle": false,
    "nutriscoreLabel": "C",
    "IsBio": false,
    "CountryOfOrigin": "BELGIË",
    "IsExclusivelySoldInLuxembourg": false,
    "OrderUnit": "P",
    "ShortName": "ZW BALLETJES TOMAT 210G",
    "IsNew": false,
    "EcoscoreLabel": "E",
    "RecentQuanityOfStockUnits": "1",
    "LongName": "ZWAN vleesballetjes in tomatensaus 210g",
    "AlcoholVolume": "0",
    "FicCode": "E",
    "EcoscoreValue": "0"
  },
  {
    "productId": "129251",
    "technicalArticleNumber": "3253857",
    "commercialArticleNumber": "3787",
    "name": "soep pompoen velouté brik",
    "description": "*Pompoenvelouté",
    "brand": "BONI",
    "seoBrand": "Boni Selection",
    "thumbNail": "https://static.colruytgroup.com/images/200x200/std.lang.all/62/97/asset-1556297.jpg",
    "fullImage": "https://static.colruytgroup.com/images/500x500/std.lang.all/62/97/asset-1556297.jpg",
    "squareImage": "https://static.colruytgroup.com/images/500x500sq/std.lang.all/62/97/asset-1556297.jpg",
    "content": "1L",
    "walkRouteSequenceNumber": 16861,
    "price": {
      "basicPrice": 1.99,
      "recommendedQuantity": "1.0",
      "measurementUnitPrice": 1.99,
      "measurementUnit": "L",
      "isRedPrice": false,
      "pricePerUOM": 1.99,
      "activationDate": "16-01-2024",
      "recordSource": "Offline",
      "isPromoActive": "N",
      "priceChangeCode": "E"
    },
    "isAvailable": true,
    "isPriceAvailable": true,
    "inPromo": false,
    "gtin": [
      "15400141324195",
      "15400141871514",
      "05400141207491",
      "05400141029253",
      "05400141324198",
      "05400141264722"
    ],
    "topCategoryName": "Kruidenierswaren/Droge voeding",
    "topCategoryId": "233",
    "businessDomain": "RETAIL_BE",
    "IsPrivateLabel": true,
    "IsBiffe": false,
    "WeightconversionFactor": "0",
    "IsWeightArticle": false,
    "nutriscoreLabel": "B",
    "IsBio": false,
    "CountryOfOrigin": "FRANKRIJK",
    "IsExclusivelySoldInLuxembourg": false,
    "OrderUnit": "P",
    "ShortName": "BONI POMPOENWEELDE 1L",
    "IsNew": false,
    "EcoscoreLabel": "A",
    "RecentQuanityOfStockUnits": "2,1,8",
    "LongName": "BONI soep pompoen velouté brik 1L",
    "AlcoholVolume": "0",
    "FicCode": "I",
    "EcoscoreValue": "88"
  },
  {
    "productId": "211247",
    "technicalArticleNumber": "3522236",
    "commercialArticleNumber": "1927",
    "name": "gepelde tomaten blokjes",
    "description": "*Gepelde tomaten\n*Blokjes versneden\n*Textuur geven aan\nsauzen\n*Altijd met factuur",
    "brand": "ELVEA",
    "seoBrand": "Elvea",
    "thumbNail": "https://static.colruytgroup.com/images/200x200/std.lang.all/90/19/asset-2119019.jpg",
    "fullImage": "https://static.colruytgroup.com/images/500x500/std.lang.all/90/19/asset-2119019.jpg",
    "squareImage": "https://static.colruytgroup.com/images/500x500sq/std.lang.all/90/19/asset-2119019.jpg",
    "content": "2,5kg",
    "walkRouteSequenceNumber": 8511,
    "price": {
      "basicPrice": 7.5,
      "recommendedQuantity": "1.0",
      "measurementUnitPrice": 3,
      "measurementUnit": "K",
      "isRedPrice": false,
      "pricePerUOM": 3,
      "activationDate": "13-03-2024",
      "isPromoActive": "N",
      "priceChangeCode": "E"
    },
    "isAvailable": true,
    "isPriceAvailable": true,
    "inPromo": false,
    "gtin": [
      "08001240040414",
      "18001240040411"
    ],
    "topCategoryName": "Conserven",
    "topCategoryId": "188",
    "businessDomain": "RETAIL_BE",
    "IsPrivateLabel": false,
    "IsBiffe": false,
    "WeightconversionFactor": "0",
    "IsWeightArticle": false,
    "nutriscoreLabel": "A",
    "IsBio": false,
    "CountryOfOrigin": "BELGIË",
    "IsExclusivelySoldInLuxembourg": false,
    "OrderUnit": "P",
    "ShortName": "HC ELVEA TOM BLOK 2.5K",
    "IsNew": false,
    "EcoscoreLabel": "A",
    "RecentQuanityOfStockUnits": "3,1",
    "LongName": "ELVEA gepelde tomaten blokjes 2,5kg",
    "AlcoholVolume": "0",
    "FicCode": "E",
    "EcoscoreValue": "100"
  },
  {
    "productId": "730654",
    "technicalArticleNumber": "4487719",
    "commercialArticleNumber": "2417",
    "name": "Zalmstukj Belle Vue",
    "description": "*Hapjes gestoomde\nzalm kruiden",
    "brand": "BONI",
    "seoBrand": "Boni Selection",
    "thumbNail": "https://static.colruytgroup.com/images/200x200/std.lang.all/69/02/asset-2706902.jpg",
    "fullImage": "https://static.colruytgroup.com/images/500x500/std.lang.all/69/02/asset-2706902.jpg",
    "squareImage": "https://static.colruytgroup.com/images/500x500sq/std.lang.all/69/02/asset-2706902.jpg",
    "content": "90g",
    "walkRouteSequenceNumber": 6712,
    "price": {
      "basicPrice": 3.79,
      "recommendedQuantity": "1.0",
      "measurementUnitPrice": 42.12,
      "measurementUnit": "K",
      "isRedPrice": false,
      "pricePerUOM": 42.12,
      "activationDate": "02-01-2024",
      "isPromoActive": "N",
      "priceChangeCode": "E"
    },
    "isAvailable": true,
    "isPriceAvailable": true,
    "inPromo": false,
    "gtin": [
      "05400141506617",
      "15400141506614",
      "05400141454857"
    ],
    "topCategoryName": "Chips/Borrelhapjes",
    "topCategoryId": "306",
    "businessDomain": "RETAIL_BE",
    "IsPrivateLabel": true,
    "IsBiffe": false,
    "WeightconversionFactor": "0",
    "IsWeightArticle": false,
    "nutriscoreLabel": "B",
    "IsBio": false,
    "CountryOfOrigin": "NOORWEGEN",
    "IsExclusivelySoldInLuxembourg": false,
    "OrderUnit": "P",
    "ShortName": "BONI ZALMST BEL.VUE 90G",
    "IsNew": false,
    "EcoscoreLabel": "C",
    "RecentQuanityOfStockUnits": "1",
    "LongName": "BONI Zalmstukj Belle Vue 90g",
    "FicCode": "I",
    "EcoscoreValue": "52"
  },
  {
    "productId": "881201",
    "technicalArticleNumber": "4738575",
    "commercialArticleNumber": "32403",
    "name": "Tonijn in olijfolie msc",
    "brand": "RIO MARE",
    "seoBrand": "Rio Mare",
    "thumbNail": "https://static.colruytgroup.com/images/200x200/std.lang.all/08/23/asset-3240823.jpg",
    "fullImage": "https://static.colruytgroup.com/images/500x500/std.lang.all/08/23/asset-3240823.jpg",
    "squareImage": "https://static.colruytgroup.com/images/500x500sq/std.lang.all/08/23/asset-3240823.jpg",
    "content": "2x120g",
    "walkRouteSequenceNumber": 17600,
    "price": {
      "basicPrice": 9.57,
      "recommendedQuantity": "1.0",
      "measurementUnitPrice": 46.01,
      "measurementUnit": "K",
      "isRedPrice": false,
      "pricePerUOM": 46.01,
      "activationDate": "13-03-2024",
      "recordSource": "Offline",
      "isPromoActive": "N",
      "priceChangeCode": "E"
    },
    "isAvailable": true,
    "isPriceAvailable": true,
    "inPromo": false,
    "gtin": [
      "08004030104167",
      "08004030104150"
    ],
    "topCategoryName": "Conserven",
    "topCategoryId": "188",
    "businessDomain": "RETAIL_BE",
    "IsPrivateLabel": false,
    "IsBiffe": false,
    "WeightconversionFactor": "0",
    "IsWeightArticle": false,
    "nutriscoreLabel": "D",
    "IsBio": false,
    "CountryOfOrigin": "SPANJE",
    "IsExclusivelySoldInLuxembourg": false,
    "OrderUnit": "P",
    "ShortName": "RIOM TONIJN OLIJF.2X120",
    "IsNew": false,
    "EcoscoreLabel": "D",
    "RecentQuanityOfStockUnits": "1",
    "LongName": "RIO MARE Tonijn in olijfolie msc 2x120g",
    "FicCode": "E",
    "EcoscoreValue": "33"
  },
  {
    "productId": "510",
    "technicalArticleNumber": "9145",
    "commercialArticleNumber": "9145",
    "name": "boterhamworst",
    "description": "*Boterhamworst van\nvarkens- en\nkippenvlees",
    "brand": "ZWAN",
    "seoBrand": "Zwan",
    "thumbNail": "https://static.colruytgroup.com/images/200x200/std.lang.all/99/45/asset-3269945.jpg",
    "fullImage": "https://static.colruytgroup.com/images/500x500/std.lang.all/99/45/asset-3269945.jpg",
    "squareImage": "https://static.colruytgroup.com/images/500x500sq/std.lang.all/99/45/asset-3269945.jpg",
    "content": "205g",
    "walkRouteSequenceNumber": 16870,
    "price": {
      "basicPrice": 4.45,
      "recommendedQuantity": "1.0",
      "measurementUnitPrice": 21.71,
      "measurementUnit": "K",
      "isRedPrice": false,
      "pricePerUOM": 21.71,
      "activationDate": "13-03-2024",
      "recordSource": "Offline",
      "isPromoActive": "N",
      "priceChangeCode": "H"
    },
    "isAvailable": true,
    "isPriceAvailable": true,
    "inPromo": false,
    "gtin": [
      "00000024091459",
      "05410033002394",
      "05410033203050"
    ],
    "topCategoryName": "Conserven",
    "topCategoryId": "188",
    "businessDomain": "RETAIL_BE",
    "IsPrivateLabel": false,
    "IsBiffe": false,
    "WeightconversionFactor": "0",
    "IsWeightArticle": false,
    "nutriscoreLabel": "D",
    "IsBio": false,
    "CountryOfOrigin": "BELGIË",
    "IsExclusivelySoldInLuxembourg": false,
    "OrderUnit": "P",
    "ShortName": "ZWAN BOTERHAMWORST 205G",
    "InSeason": true,
    "IsNew": false,
    "EcoscoreLabel": "E",
    "RecentQuanityOfStockUnits": "1",
    "LongName": "ZWAN boterhamworst 205g",
    "AlcoholVolume": "0",
    "StartSeasonDate": "22/01/2013",
    "FicCode": "E",
    "EcoscoreValue": "0"
  },
  {
    "productId": "882121",
    "technicalArticleNumber": "4739862",
    "commercialArticleNumber": "7461",
    "name": "Frankfurter Deluxe",
    "description": "*frankfurterworsten",
    "brand": "BOMA",
    "seoBrand": "Boma",
    "thumbNail": "https://static.colruytgroup.com/images/200x200/std.lang.all/17/40/asset-3401740.jpg",
    "fullImage": "https://static.colruytgroup.com/images/500x500/std.lang.all/17/40/asset-3401740.jpg",
    "squareImage": "https://static.colruytgroup.com/images/500x500sq/std.lang.all/17/40/asset-3401740.jpg",
    "content": "40g",
    "walkRouteSequenceNumber": 4609,
    "price": {
      "basicPrice": 1,
      "recommendedQuantity": "1.0",
      "measurementUnitPrice": 23.81,
      "measurementUnit": "K",
      "isRedPrice": false,
      "pricePerUOM": 23.81,
      "activationDate": "20-09-2023",
      "isPromoActive": "N",
      "priceChangeCode": "H"
    },
    "isAvailable": true,
    "isPriceAvailable": true,
    "inPromo": false,
    "gtin": [
      "05410611610225",
      "05410611010223"
    ],
    "topCategoryName": "Conserven",
    "topCategoryId": "188",
    "businessDomain": "RETAIL_BE",
    "IsPrivateLabel": false,
    "IsBiffe": false,
    "WeightconversionFactor": "0",
    "IsWeightArticle": false,
    "nutriscoreLabel": "E",
    "IsBio": false,
    "CountryOfOrigin": "BELGIË",
    "IsExclusivelySoldInLuxembourg": false,
    "OrderUnit": "P",
    "ShortName": "BOMA WORST FRANKFUR. 40",
    "IsNew": false,
    "EcoscoreLabel": "E",
    "RecentQuanityOfStockUnits": "1,50",
    "LongName": "BOMA Frankfurter Deluxe 40g",
    "AlcoholVolume": "0",
    "FicCode": "E",
    "EcoscoreValue": "19"
  },
  {
    "productId": "865608",
    "technicalArticleNumber": "4717806",
    "commercialArticleNumber": "4056",
    "name": "Pesto",
    "brand": "BONI",
    "seoBrand": "Boni Selection",
    "thumbNail": "https://static.colruytgroup.com/images/200x200/std.lang.all/13/51/asset-3271351.jpg",
    "fullImage": "https://static.colruytgroup.com/images/500x500/std.lang.all/13/51/asset-3271351.jpg",
    "squareImage": "https://static.colruytgroup.com/images/500x500sq/std.lang.all/13/51/asset-3271351.jpg",
    "content": "300g",
    "walkRouteSequenceNumber": 7649,
    "price": {
      "basicPrice": 7.49,
      "recommendedQuantity": "1.0",
      "quantityPrice": 7.19,
      "quantityPriceQuantity": "3.0",
      "measurementUnitPrice": 24.97,
      "measurementUnitQuantityPrice": 23.97,
      "measurementUnit": "K",
      "isRedPrice": false,
      "pricePerUOM": 24.97,
      "activationDate": "27-04-2023",
      "isPromoActive": "N",
      "priceChangeCode": "E",
      "quantityPricePerUOM": 23.97,
      "quantityActivationDate": "27-04-2023",
      "quantityPriceChangeCode": "E"
    },
    "isAvailable": true,
    "isPriceAvailable": true,
    "inPromo": false,
    "gtin": [
      "85400141453320",
      "05400141710441"
    ],
    "topCategoryName": "Chips/Borrelhapjes",
    "topCategoryId": "306",
    "businessDomain": "RETAIL_BE",
    "IsPrivateLabel": true,
    "IsBiffe": false,
    "WeightconversionFactor": "0",
    "IsWeightArticle": false,
    "nutriscoreLabel": "E",
    "IsBio": false,
    "CountryOfOrigin": "BELGIË",
    "IsExclusivelySoldInLuxembourg": false,
    "OrderUnit": "P",
    "ShortName": "BONI PESTO 300G",
    "InSeason": true,
    "IsNew": false,
    "EcoscoreLabel": "D",
    "RecentQuanityOfStockUnits": "1",
    "LongName": "BONI Pesto 300g",
    "StartSeasonDate": "17/01/2024",
    "FicCode": "I",
    "EcoscoreValue": "38"
  },
  {
    "productId": "13764",
    "technicalArticleNumber": "1231118",
    "commercialArticleNumber": "10509",
    "name": "halve peer sap blik",
    "description": "*Halve peren op\nperensap",
    "brand": "BONI",
    "seoBrand": "Boni Selection",
    "thumbNail": "https://static.colruytgroup.com/images/200x200/std.lang.all/66/24/asset-2446624.jpg",
    "fullImage": "https://static.colruytgroup.com/images/500x500/std.lang.all/66/24/asset-2446624.jpg",
    "squareImage": "https://static.colruytgroup.com/images/500x500sq/std.lang.all/66/24/asset-2446624.jpg",
    "content": "412g",
    "walkRouteSequenceNumber": 16670,
    "price": {
      "basicPrice": 1.31,
      "recommendedQuantity": "3.0",
      "measurementUnitPrice": 5.7,
      "measurementUnit": "K",
      "isRedPrice": false,
      "pricePerUOM": 5.7,
      "activationDate": "02-02-2024",
      "recordSource": "Offline",
      "isPromoActive": "N",
      "priceChangeCode": "E"
    },
    "isAvailable": true,
    "isPriceAvailable": true,
    "inPromo": false,
    "gtin": [
      "15400141022336",
      "25400141022333",
      "05400141022339",
      "05400141105193",
      "05400141167306",
      "05400141941302",
      "15400141941309",
      "25400141941306",
      "25400141281402",
      "05400141598209",
      "25400141598203",
      "15400141598206",
      "05400141281408",
      "15400141281405"
    ],
    "topCategoryName": "Conserven",
    "topCategoryId": "188",
    "businessDomain": "RETAIL_BE",
    "IsPrivateLabel": true,
    "IsBiffe": false,
    "WeightconversionFactor": "0",
    "IsWeightArticle": false,
    "nutriscoreLabel": "A",
    "IsBio": false,
    "CountryOfOrigin": "ITALIË",
    "IsExclusivelySoldInLuxembourg": false,
    "OrderUnit": "P",
    "ShortName": "BONI PEREN SAP 412G",
    "InSeason": true,
    "IsNew": false,
    "EcoscoreLabel": "A",
    "RecentQuanityOfStockUnits": "1,3,3,1,1",
    "LongName": "BONI halve peer sap blik 412g",
    "AlcoholVolume": "0",
    "StartSeasonDate": "10/12/2019",
    "FicCode": "I",
    "EcoscoreValue": "91"
  },
  {
    "productId": "532732",
    "technicalArticleNumber": "4125189",
    "commercialArticleNumber": "9284",
    "name": "kappertjes azijn",
    "brand": "ECONOM",
    "seoBrand": "Econom",
    "thumbNail": "https://static.colruytgroup.com/images/200x200/std.lang.all/41/44/asset-1934144.jpg",
    "fullImage": "https://static.colruytgroup.com/images/500x500/std.lang.all/41/44/asset-1934144.jpg",
    "squareImage": "https://static.colruytgroup.com/images/500x500sq/std.lang.all/41/44/asset-1934144.jpg",
    "content": "900g",
    "walkRouteSequenceNumber": 16379,
    "price": {
      "basicPrice": 11.99,
      "recommendedQuantity": "1.0",
      "measurementUnitPrice": 21.04,
      "measurementUnit": "K",
      "isRedPrice": false,
      "pricePerUOM": 21.04,
      "activationDate": "14-03-2024",
      "isPromoActive": "N",
      "priceChangeCode": "E"
    },
    "isAvailable": true,
    "isPriceAvailable": true,
    "inPromo": false,
    "gtin": [
      "15400141299509",
      "05400141299502"
    ],
    "topCategoryName": "Kruidenierswaren/Droge voeding",
    "topCategoryId": "233",
    "businessDomain": "RETAIL_BE",
    "IsPrivateLabel": true,
    "IsBiffe": false,
    "WeightconversionFactor": "0",
    "IsWeightArticle": false,
    "nutriscoreLabel": "E",
    "IsBio": false,
    "CountryOfOrigin": "MAROKKO",
    "IsExclusivelySoldInLuxembourg": false,
    "OrderUnit": "P",
    "ShortName": "HC ECON KAPPERS 900G",
    "IsNew": false,
    "RecentQuanityOfStockUnits": "1",
    "LongName": "ECONOM kappertjes azijn 900g",
    "FicCode": "I"
  },
  {
    "productId": "849830",
    "technicalArticleNumber": "4697180",
    "commercialArticleNumber": "30821",
    "name": "tapenade zwart olijf",
    "brand": "FATTORIE UMBRE",
    "seoBrand": "Fattorie Umbre",
    "thumbNail": "https://static.colruytgroup.com/images/200x200/std.lang.all/10/78/asset-3211078.jpg",
    "fullImage": "https://static.colruytgroup.com/images/500x500/std.lang.all/10/78/asset-3211078.jpg",
    "squareImage": "https://static.colruytgroup.com/images/500x500sq/std.lang.all/10/78/asset-3211078.jpg",
    "content": "140g",
    "walkRouteSequenceNumber": 4482,
    "price": {
      "basicPrice": 1.99,
      "recommendedQuantity": "1.0",
      "measurementUnitPrice": 14.22,
      "measurementUnit": "K",
      "isRedPrice": false,
      "pricePerUOM": 14.22,
      "activationDate": "10-01-2023",
      "isPromoActive": "N",
      "priceChangeCode": "E"
    },
    "isAvailable": true,
    "isPriceAvailable": true,
    "inPromo": false,
    "gtin": [
      "08013945932802",
      "18013945932809"
    ],
    "topCategoryName": "Chips/Borrelhapjes",
    "topCategoryId": "306",
    "businessDomain": "RETAIL_BE",
    "IsPrivateLabel": false,
    "IsBiffe": false,
    "WeightconversionFactor": "0",
    "IsWeightArticle": false,
    "IsBio": false,
    "CountryOfOrigin": "ITALIË",
    "IsExclusivelySoldInLuxembourg": false,
    "OrderUnit": "P",
    "ShortName": "FAUM TAP.ZWA.OLIJF 140G",
    "IsNew": false,
    "RecentQuanityOfStockUnits": "1",
    "LongName": "FATTORIE UMBRE tapenade zwart olijf 140g",
    "FicCode": "E"
  },
  {
    "productId": "745",
    "technicalArticleNumber": "11424",
    "commercialArticleNumber": "11424",
    "name": "groenten macédoine blik",
    "description": "*Groentemengeling",
    "brand": "BONI",
    "seoBrand": "Boni Selection",
    "thumbNail": "https://static.colruytgroup.com/images/200x200/std.lang.all/37/57/asset-2353757.jpg",
    "fullImage": "https://static.colruytgroup.com/images/500x500/std.lang.all/37/57/asset-2353757.jpg",
    "squareImage": "https://static.colruytgroup.com/images/500x500sq/std.lang.all/37/57/asset-2353757.jpg",
    "content": "400g",
    "walkRouteSequenceNumber": 4581,
    "price": {
      "basicPrice": 0.89,
      "recommendedQuantity": "1.0",
      "measurementUnitPrice": 3.36,
      "measurementUnit": "K",
      "isRedPrice": false,
      "pricePerUOM": 3.36,
      "activationDate": "19-02-2024",
      "recordSource": "Offline",
      "isPromoActive": "N",
      "priceChangeCode": "E"
    },
    "isAvailable": true,
    "isPriceAvailable": true,
    "inPromo": false,
    "gtin": [
      "05400141982008",
      "15400141982005",
      "05400141023213",
      "05400141163087",
      "05400141168785",
      "05400141278552",
      "05400141503418",
      "15400141023210",
      "15400141278559"
    ],
    "topCategoryName": "Conserven",
    "topCategoryId": "188",
    "businessDomain": "RETAIL_BE",
    "IsPrivateLabel": true,
    "IsBiffe": false,
    "WeightconversionFactor": "0",
    "IsWeightArticle": false,
    "nutriscoreLabel": "A",
    "IsBio": false,
    "CountryOfOrigin": "NEDERLAND",
    "IsExclusivelySoldInLuxembourg": false,
    "OrderUnit": "P",
    "ShortName": "BONI GROENT.MACE.400G",
    "InSeason": true,
    "IsNew": false,
    "EcoscoreLabel": "A",
    "RecentQuanityOfStockUnits": "1,12",
    "LongName": "BONI groenten macédoine blik 400g",
    "AlcoholVolume": "0",
    "StartSeasonDate": "08/11/2023",
    "FicCode": "I",
    "EcoscoreValue": "98"
  },
  {
    "productId": "10341",
    "technicalArticleNumber": "1137803",
    "commercialArticleNumber": "11871",
    "name": "wortelen",
    "description": "*Biologische\nwortelen",
    "brand": "BONI BIO",
    "seoBrand": "Boni Selection Bio",
    "thumbNail": "https://static.colruytgroup.com/images/200x200/std.lang.all/74/22/asset-2287422.jpg",
    "fullImage": "https://static.colruytgroup.com/images/500x500/std.lang.all/74/22/asset-2287422.jpg",
    "squareImage": "https://static.colruytgroup.com/images/500x500sq/std.lang.all/74/22/asset-2287422.jpg",
    "content": "340g",
    "walkRouteSequenceNumber": 16421,
    "price": {
      "basicPrice": 1.39,
      "recommendedQuantity": "3.0",
      "measurementUnitPrice": 6.32,
      "measurementUnit": "K",
      "isRedPrice": false,
      "pricePerUOM": 6.32,
      "activationDate": "14-11-2023",
      "recordSource": "Offline",
      "isPromoActive": "N",
      "priceChangeCode": "E"
    },
    "isAvailable": true,
    "isPriceAvailable": true,
    "inPromo": false,
    "gtin": [
      "15400141367451",
      "05400141166385",
      "05400141209099",
      "05400141218718",
      "05400141157826",
      "15400141118718",
      "05400141073942",
      "05400141118810",
      "05400141367454",
      "15400141193579"
    ],
    "topCategoryName": "Conserven",
    "topCategoryId": "188",
    "businessDomain": "RETAIL_BE",
    "IsPrivateLabel": true,
    "IsBiffe": false,
    "WeightconversionFactor": "0",
    "IsWeightArticle": false,
    "nutriscoreLabel": "A",
    "IsBio": true,
    "CountryOfOrigin": "BELGIË",
    "IsExclusivelySoldInLuxembourg": false,
    "OrderUnit": "P",
    "ShortName": "UB BIO BONI WORTEL 340G",
    "IsNew": false,
    "EcoscoreLabel": "A",
    "RecentQuanityOfStockUnits": "1,3",
    "LongName": "BONI BIO wortelen 340g",
    "AlcoholVolume": "0",
    "FicCode": "I",
    "EcoscoreValue": "100"
  },
  {
    "productId": "54370",
    "technicalArticleNumber": "2158347",
    "commercialArticleNumber": "12388",
    "name": "hele prins.bonen ex.fijn",
    "description": "*Extra fijne hele\nprinsessenbonen",
    "brand": "BONI BIO",
    "seoBrand": "Boni Selection Bio",
    "thumbNail": "https://static.colruytgroup.com/images/200x200/std.lang.all/31/68/asset-2553168.jpg",
    "fullImage": "https://static.colruytgroup.com/images/500x500/std.lang.all/31/68/asset-2553168.jpg",
    "squareImage": "https://static.colruytgroup.com/images/500x500sq/std.lang.all/31/68/asset-2553168.jpg",
    "content": "340g",
    "walkRouteSequenceNumber": 16457,
    "price": {
      "basicPrice": 1.89,
      "recommendedQuantity": "2.0",
      "measurementUnitPrice": 10.5,
      "measurementUnit": "K",
      "isRedPrice": false,
      "pricePerUOM": 10.5,
      "activationDate": "21-02-2024",
      "recordSource": "Offline",
      "isPromoActive": "N",
      "priceChangeCode": "L"
    },
    "isAvailable": true,
    "isPriceAvailable": true,
    "inPromo": false,
    "gtin": [
      "15400141387824",
      "05400141387827",
      "15400141892441",
      "05400141892444",
      "05400141123883",
      "05400141278866",
      "05400141019964",
      "05400141004168",
      "15400141278863"
    ],
    "topCategoryName": "Conserven",
    "topCategoryId": "188",
    "businessDomain": "RETAIL_BE",
    "IsPrivateLabel": true,
    "IsBiffe": false,
    "WeightconversionFactor": "0",
    "IsWeightArticle": false,
    "nutriscoreLabel": "A",
    "IsBio": true,
    "CountryOfOrigin": "BELGIË",
    "IsExclusivelySoldInLuxembourg": false,
    "OrderUnit": "P",
    "ShortName": "BS BIO EFGR BONEN 340G",
    "IsNew": false,
    "EcoscoreLabel": "A",
    "RecentQuanityOfStockUnits": "1,2",
    "LongName": "BONI BIO hele prins.bonen ex.fijn 340g",
    "AlcoholVolume": "0",
    "FicCode": "I",
    "EcoscoreValue": "100"
  },
  {
    "productId": "55733",
    "technicalArticleNumber": "2327387",
    "commercialArticleNumber": "18445",
    "name": "maïskorrels z.suiker bio",
    "description": "*Gele maïskorrels\nzonder toegevoegde\nsuiker",
    "brand": "NOLIKO",
    "seoBrand": "Noliko",
    "thumbNail": "https://static.colruytgroup.com/images/200x200/std.lang.all/03/82/asset-3360382.jpg",
    "fullImage": "https://static.colruytgroup.com/images/500x500/std.lang.all/03/82/asset-3360382.jpg",
    "squareImage": "https://static.colruytgroup.com/images/500x500sq/std.lang.all/03/82/asset-3360382.jpg",
    "content": "340g",
    "walkRouteSequenceNumber": 16402,
    "price": {
      "basicPrice": 1.88,
      "recommendedQuantity": "1.0",
      "measurementUnitPrice": 8.18,
      "measurementUnit": "K",
      "isRedPrice": false,
      "pricePerUOM": 8.18,
      "activationDate": "03-01-2024",
      "isPromoActive": "N",
      "priceChangeCode": "H"
    },
    "isAvailable": true,
    "isPriceAvailable": true,
    "inPromo": false,
    "gtin": [
      "05410153654909",
      "05410153654893"
    ],
    "topCategoryName": "Conserven",
    "topCategoryId": "188",
    "businessDomain": "RETAIL_BE",
    "IsPrivateLabel": false,
    "IsBiffe": false,
    "WeightconversionFactor": "0",
    "IsWeightArticle": false,
    "nutriscoreLabel": "A",
    "IsBio": true,
    "CountryOfOrigin": "BELGIË",
    "IsExclusivelySoldInLuxembourg": false,
    "OrderUnit": "P",
    "ShortName": "UB BIO MAIS ZOND.SU340G",
    "InSeason": true,
    "IsNew": false,
    "EcoscoreLabel": "A",
    "RecentQuanityOfStockUnits": "1",
    "LongName": "NOLIKO maïskorrels z.suiker bio 340g",
    "AlcoholVolume": "0",
    "StartSeasonDate": "05/09/2011",
    "FicCode": "E",
    "EcoscoreValue": "100"
  },
  {
    "productId": "797586",
    "technicalArticleNumber": "4609017",
    "commercialArticleNumber": "3949",
    "name": "kabeljauwlever",
    "brand": "IMPERIAL",
    "seoBrand": "Imperial",
    "thumbNail": "https://static.colruytgroup.com/images/200x200/std.lang.all/13/01/asset-2821301.jpg",
    "fullImage": "https://static.colruytgroup.com/images/500x500/std.lang.all/13/01/asset-2821301.jpg",
    "squareImage": "https://static.colruytgroup.com/images/500x500sq/std.lang.all/13/01/asset-2821301.jpg",
    "content": "121g",
    "walkRouteSequenceNumber": 16683,
    "price": {
      "basicPrice": 5.25,
      "recommendedQuantity": "1.0",
      "measurementUnitPrice": 43.39,
      "measurementUnit": "K",
      "isRedPrice": false,
      "pricePerUOM": 43.39,
      "activationDate": "27-02-2024",
      "recordSource": "Offline",
      "isPromoActive": "N",
      "priceChangeCode": "H"
    },
    "isAvailable": true,
    "isPriceAvailable": true,
    "inPromo": false,
    "gtin": [
      "05410363000091",
      "15410363000098"
    ],
    "topCategoryName": "Conserven",
    "topCategoryId": "188",
    "businessDomain": "RETAIL_BE",
    "IsPrivateLabel": false,
    "IsBiffe": false,
    "WeightconversionFactor": "0",
    "IsWeightArticle": false,
    "nutriscoreLabel": "D",
    "IsBio": false,
    "CountryOfOrigin": "IJSLAND",
    "IsExclusivelySoldInLuxembourg": false,
    "OrderUnit": "P",
    "ShortName": "IMPE KABELJAUWLEVER121G",
    "IsNew": false,
    "EcoscoreLabel": "E",
    "RecentQuanityOfStockUnits": "1",
    "LongName": "IMPERIAL kabeljauwlever 121g",
    "FicCode": "E",
    "EcoscoreValue": "4"
  },
  {
    "productId": "224120",
    "technicalArticleNumber": "3473909",
    "commercialArticleNumber": "50449",
    "name": "Insalatissime Pasta MSC",
    "description": "*Tonijn met pasta\nen cherry tomatoes",
    "brand": "RIO MARE",
    "seoBrand": "Rio Mare",
    "thumbNail": "https://ecgproductmw.colruytgroup.com/ecgproductmw/noPicForArticle_2.jpg",
    "fullImage": "https://ecgproductmw.colruytgroup.com/ecgproductmw/noPicForArticle_5.jpg",
    "squareImage": "https://ecgproductmw.colruytgroup.com/ecgproductmw/noPicForArticle_5.jpg",
    "content": "220g",
    "walkRouteSequenceNumber": 17603,
    "price": {
      "basicPrice": 5.61,
      "recommendedQuantity": "1.0",
      "measurementUnitPrice": 25.5,
      "measurementUnit": "K",
      "isRedPrice": false,
      "pricePerUOM": 25.5,
      "activationDate": "22-03-2024",
      "recordSource": "Offline",
      "isPromoActive": "N",
      "priceChangeCode": "L"
    },
    "isAvailable": true,
    "isPriceAvailable": true,
    "inPromo": false,
    "gtin": [
      "08004030830110",
      "15415087005343",
      "08004030830103"
    ],
    "topCategoryName": "Conserven",
    "topCategoryId": "188",
    "businessDomain": "RETAIL_BE",
    "IsPrivateLabel": false,
    "IsBiffe": false,
    "WeightconversionFactor": "0",
    "IsWeightArticle": false,
    "nutriscoreLabel": "C",
    "IsBio": false,
    "CountryOfOrigin": "ITALIË",
    "IsExclusivelySoldInLuxembourg": false,
    "OrderUnit": "P",
    "ShortName": "RIOM INS.PA.TON.MSC220",
    "InSeason": true,
    "IsNew": false,
    "EcoscoreLabel": "C",
    "RecentQuanityOfStockUnits": "1",
    "LongName": "RIO MARE Insalatissime Pasta MSC 220g",
    "AlcoholVolume": "0",
    "StartSeasonDate": "11/04/2023",
    "FicCode": "E",
    "EcoscoreValue": "53"
  },
  {
    "productId": "1104",
    "technicalArticleNumber": "16570",
    "commercialArticleNumber": "16570",
    "name": "bosbessen bereid met wijn blik",
    "description": "*Bereide bosbessen\nmet wijn",
    "brand": "HABI",
    "seoBrand": "Habi",
    "thumbNail": "https://static.colruytgroup.com/images/200x200/nl_be/37/51/asset-1013751.jpg",
    "fullImage": "https://static.colruytgroup.com/images/500x500/nl_be/37/51/asset-1013751.jpg",
    "squareImage": "https://static.colruytgroup.com/images/500x500sq/nl_be/37/51/asset-1013751.jpg",
    "content": "485g",
    "walkRouteSequenceNumber": 16625,
    "price": {
      "basicPrice": 7.98,
      "recommendedQuantity": "1.0",
      "measurementUnitPrice": 16.46,
      "measurementUnit": "K",
      "isRedPrice": false,
      "pricePerUOM": 16.46,
      "activationDate": "07-03-2024",
      "recordSource": "Offline",
      "isPromoActive": "N",
      "priceChangeCode": "L"
    },
    "isAvailable": true,
    "isPriceAvailable": true,
    "inPromo": false,
    "gtin": [
      "05410533185597",
      "05410533385591"
    ],
    "topCategoryName": "Conserven",
    "topCategoryId": "188",
    "businessDomain": "RETAIL_BE",
    "IsPrivateLabel": false,
    "IsBiffe": false,
    "WeightconversionFactor": "0",
    "IsWeightArticle": false,
    "nutriscoreLabel": "C",
    "IsBio": false,
    "CountryOfOrigin": "BELGIË",
    "IsExclusivelySoldInLuxembourg": false,
    "OrderUnit": "P",
    "ShortName": "HABI BER BOSBESSEN485",
    "InSeason": true,
    "IsNew": false,
    "EcoscoreLabel": "A",
    "RecentQuanityOfStockUnits": "1",
    "LongName": "HABI bosbessen bereid met wijn blik 485g",
    "AlcoholVolume": "0",
    "StartSeasonDate": "09/01/2017",
    "FicCode": "E",
    "EcoscoreValue": "85"
  },
  {
    "productId": "446523",
    "technicalArticleNumber": "4026026",
    "commercialArticleNumber": "5361",
    "name": "tomaten pasta",
    "brand": "TUKAS",
    "seoBrand": "Tukas",
    "thumbNail": "https://static.colruytgroup.com/images/200x200/std.lang.all/62/34/asset-3346234.jpg",
    "fullImage": "https://static.colruytgroup.com/images/500x500/std.lang.all/62/34/asset-3346234.jpg",
    "squareImage": "https://static.colruytgroup.com/images/500x500sq/std.lang.all/62/34/asset-3346234.jpg",
    "content": "830g",
    "walkRouteSequenceNumber": 8448,
    "price": {
      "basicPrice": 4.89,
      "recommendedQuantity": "1.0",
      "measurementUnitPrice": 5.9,
      "measurementUnit": "K",
      "isRedPrice": false,
      "pricePerUOM": 5.9,
      "activationDate": "10-11-2022",
      "isPromoActive": "N",
      "priceChangeCode": "E"
    },
    "isAvailable": true,
    "isPriceAvailable": true,
    "inPromo": false,
    "gtin": [
      "08690508900142",
      "08690508101426"
    ],
    "topCategoryName": "Conserven",
    "topCategoryId": "188",
    "businessDomain": "RETAIL_BE",
    "IsPrivateLabel": false,
    "IsBiffe": false,
    "WeightconversionFactor": "0",
    "IsWeightArticle": false,
    "IsBio": false,
    "CountryOfOrigin": "TURKIJE",
    "IsExclusivelySoldInLuxembourg": false,
    "OrderUnit": "P",
    "ShortName": "TUKA TOMATEN PASTA 830G",
    "IsNew": false,
    "RecentQuanityOfStockUnits": "1",
    "LongName": "TUKAS tomaten pasta 830g",
    "FicCode": "E"
  },
  {
    "productId": "17390",
    "technicalArticleNumber": "1733131",
    "commercialArticleNumber": "12944",
    "name": "Pelati hele gepelde tom.blik",
    "description": "*Hele gepelde\ntomaten\n*Altijd met factuur",
    "brand": "ELVEA",
    "seoBrand": "Elvea",
    "thumbNail": "https://static.colruytgroup.com/images/200x200/std.lang.all/14/94/asset-2291494.jpg",
    "fullImage": "https://static.colruytgroup.com/images/500x500/std.lang.all/14/94/asset-2291494.jpg",
    "squareImage": "https://static.colruytgroup.com/images/500x500sq/std.lang.all/14/94/asset-2291494.jpg",
    "content": "2,5kg",
    "walkRouteSequenceNumber": 8516,
    "price": {
      "basicPrice": 7.5,
      "recommendedQuantity": "1.0",
      "measurementUnitPrice": 3,
      "measurementUnit": "K",
      "isRedPrice": false,
      "pricePerUOM": 3,
      "activationDate": "13-03-2024",
      "isPromoActive": "N",
      "priceChangeCode": "E"
    },
    "isAvailable": true,
    "isPriceAvailable": true,
    "inPromo": false,
    "gtin": [
      "18001240010407",
      "08001240011414",
      "08001240010400"
    ],
    "topCategoryName": "Conserven",
    "topCategoryId": "188",
    "businessDomain": "RETAIL_BE",
    "IsPrivateLabel": false,
    "IsBiffe": false,
    "WeightconversionFactor": "0",
    "IsWeightArticle": false,
    "nutriscoreLabel": "A",
    "IsBio": false,
    "CountryOfOrigin": "BELGIË",
    "IsExclusivelySoldInLuxembourg": false,
    "OrderUnit": "P",
    "ShortName": "HC ELVEA GEP.TOM 2.50K",
    "IsNew": false,
    "EcoscoreLabel": "A",
    "RecentQuanityOfStockUnits": "3,1",
    "LongName": "ELVEA Pelati hele gepelde tom.blik 2,5kg",
    "AlcoholVolume": "0",
    "FicCode": "E",
    "EcoscoreValue": "100"
  },
  {
    "productId": "878676",
    "technicalArticleNumber": "4734923",
    "commercialArticleNumber": "18766",
    "name": "groene olijven",
    "brand": "BONI",
    "seoBrand": "Boni Selection",
    "thumbNail": "https://static.colruytgroup.com/images/200x200/std.lang.all/19/06/asset-3261906.jpg",
    "fullImage": "https://static.colruytgroup.com/images/500x500/std.lang.all/19/06/asset-3261906.jpg",
    "squareImage": "https://static.colruytgroup.com/images/500x500sq/std.lang.all/19/06/asset-3261906.jpg",
    "content": "300g",
    "walkRouteSequenceNumber": 7652,
    "price": {
      "basicPrice": 4.49,
      "recommendedQuantity": "1.0",
      "quantityPrice": 4.13,
      "quantityPriceQuantity": "3.0",
      "measurementUnitPrice": 14.97,
      "measurementUnitQuantityPrice": 13.77,
      "measurementUnit": "K",
      "isRedPrice": false,
      "pricePerUOM": 14.97,
      "activationDate": "21-11-2023",
      "isPromoActive": "N",
      "priceChangeCode": "L",
      "quantityPricePerUOM": 13.77,
      "quantityActivationDate": "21-11-2023",
      "quantityPriceChangeCode": "L"
    },
    "isAvailable": true,
    "isPriceAvailable": true,
    "inPromo": false,
    "gtin": [
      "15400141850014",
      "05400141850017"
    ],
    "topCategoryName": "Chips/Borrelhapjes",
    "topCategoryId": "306",
    "businessDomain": "RETAIL_BE",
    "IsPrivateLabel": true,
    "IsBiffe": false,
    "WeightconversionFactor": "0",
    "IsWeightArticle": false,
    "nutriscoreLabel": "D",
    "IsBio": false,
    "CountryOfOrigin": "NEDERLAND",
    "IsExclusivelySoldInLuxembourg": false,
    "OrderUnit": "P",
    "ShortName": "BONI TAPENADE GROEN300G",
    "IsNew": false,
    "EcoscoreLabel": "C",
    "RecentQuanityOfStockUnits": "1",
    "LongName": "BONI groene olijven 300g",
    "FicCode": "I",
    "EcoscoreValue": "53"
  },
  {
    "productId": "939987",
    "technicalArticleNumber": "4767498",
    "commercialArticleNumber": "1452",
    "name": "Hotdog | 8 st",
    "brand": "WIKINGER",
    "seoBrand": "Wikinger",
    "thumbNail": "https://static.colruytgroup.com/images/200x200/std.lang.all/13/15/asset-3351315.jpg",
    "fullImage": "https://static.colruytgroup.com/images/500x500/std.lang.all/13/15/asset-3351315.jpg",
    "squareImage": "https://static.colruytgroup.com/images/500x500sq/std.lang.all/13/15/asset-3351315.jpg",
    "content": "300g",
    "walkRouteSequenceNumber": 4608,
    "price": {
      "basicPrice": 4.5,
      "recommendedQuantity": "1.0",
      "measurementUnitPrice": 15,
      "measurementUnit": "K",
      "isRedPrice": false,
      "pricePerUOM": 15,
      "activationDate": "13-03-2024",
      "recordSource": "Offline",
      "isPromoActive": "N",
      "priceChangeCode": "L"
    },
    "isAvailable": true,
    "isPriceAvailable": true,
    "inPromo": false,
    "gtin": [
      "04010142054324",
      "04010142154321"
    ],
    "topCategoryName": "Conserven",
    "topCategoryId": "188",
    "businessDomain": "RETAIL_BE",
    "IsPrivateLabel": false,
    "IsBiffe": false,
    "WeightconversionFactor": "0",
    "IsWeightArticle": false,
    "IsBio": false,
    "CountryOfOrigin": "DUITSLAND",
    "IsExclusivelySoldInLuxembourg": false,
    "OrderUnit": "P",
    "ShortName": "WIKI 8 HOT DOGS 300G",
    "IsNew": false,
    "RecentQuanityOfStockUnits": "1",
    "LongName": "WIKINGER Hotdog | 8 st 300g",
    "AlcoholVolume": "0",
    "FicCode": "E"
  },
  {
    "productId": "162453",
    "technicalArticleNumber": "3258788",
    "commercialArticleNumber": "40138",
    "name": "Gazpacho",
    "description": "*Verse groenten-\ngazpacho met olijf-\nolie",
    "brand": "BONI",
    "seoBrand": "Boni Selection",
    "thumbNail": "https://static.colruytgroup.com/images/200x200/std.lang.all/41/59/asset-3224159.jpg",
    "fullImage": "https://static.colruytgroup.com/images/500x500/std.lang.all/41/59/asset-3224159.jpg",
    "squareImage": "https://static.colruytgroup.com/images/500x500sq/std.lang.all/41/59/asset-3224159.jpg",
    "content": "1L",
    "walkRouteSequenceNumber": 7521,
    "price": {
      "basicPrice": 2.95,
      "recommendedQuantity": "1.0",
      "measurementUnitPrice": 2.95,
      "measurementUnit": "L",
      "isRedPrice": false,
      "pricePerUOM": 2.95,
      "activationDate": "01-03-2024",
      "recordSource": "Offline",
      "isPromoActive": "N",
      "priceChangeCode": "E"
    },
    "isAvailable": true,
    "isPriceAvailable": true,
    "inPromo": false,
    "gtin": [
      "05400141350791",
      "15400141350798"
    ],
    "topCategoryName": "Bereidingen/Charcuterie/Vis/Veggie",
    "topCategoryId": "105",
    "businessDomain": "RETAIL_BE",
    "IsPrivateLabel": true,
    "IsBiffe": false,
    "WeightconversionFactor": "0",
    "IsWeightArticle": false,
    "nutriscoreLabel": "C",
    "IsBio": false,
    "CountryOfOrigin": "SPANJE",
    "IsExclusivelySoldInLuxembourg": false,
    "OrderUnit": "P",
    "ShortName": "BONI GAZPACHO 1 L",
    "InSeason": true,
    "IsNew": false,
    "EcoscoreLabel": "A",
    "RecentQuanityOfStockUnits": "1",
    "LongName": "BONI Gazpacho 1L",
    "AlcoholVolume": "0",
    "StartSeasonDate": "31/01/2024",
    "FicCode": "I",
    "EcoscoreValue": "100"
  },
  {
    "productId": "942030",
    "technicalArticleNumber": "4767729",
    "commercialArticleNumber": "4894",
    "name": "Frankfurter worst 6 st",
    "brand": "WIKINGER",
    "seoBrand": "Wikinger",
    "thumbNail": "https://static.colruytgroup.com/images/200x200/std.lang.all/15/24/asset-3351524.jpg",
    "fullImage": "https://static.colruytgroup.com/images/500x500/std.lang.all/15/24/asset-3351524.jpg",
    "squareImage": "https://static.colruytgroup.com/images/500x500sq/std.lang.all/15/24/asset-3351524.jpg",
    "content": "270g",
    "walkRouteSequenceNumber": 4605,
    "price": {
      "basicPrice": 2.9,
      "recommendedQuantity": "1.0",
      "measurementUnitPrice": 10.75,
      "measurementUnit": "K",
      "isRedPrice": false,
      "pricePerUOM": 10.75,
      "activationDate": "13-03-2024",
      "recordSource": "Offline",
      "isPromoActive": "N",
      "priceChangeCode": "L"
    },
    "isAvailable": true,
    "isPriceAvailable": true,
    "inPromo": false,
    "gtin": [
      "04010142054317",
      "04010142154314"
    ],
    "topCategoryName": "Conserven",
    "topCategoryId": "188",
    "businessDomain": "RETAIL_BE",
    "IsPrivateLabel": false,
    "IsBiffe": false,
    "WeightconversionFactor": "0",
    "IsWeightArticle": false,
    "IsBio": false,
    "CountryOfOrigin": "DUITSLAND",
    "IsExclusivelySoldInLuxembourg": false,
    "OrderUnit": "P",
    "ShortName": "WIKI 6 FRANKFURTERW.270",
    "IsNew": false,
    "RecentQuanityOfStockUnits": "1",
    "LongName": "WIKINGER Frankfurter worst 6 st 270g",
    "AlcoholVolume": "0",
    "FicCode": "E"
  },
  {
    "productId": "799123",
    "technicalArticleNumber": "4612310",
    "commercialArticleNumber": "9556",
    "name": "gerookte tonijn",
    "brand": "IMPERIAL",
    "seoBrand": "Imperial",
    "thumbNail": "https://static.colruytgroup.com/images/200x200/std.lang.all/15/04/asset-2821504.jpg",
    "fullImage": "https://static.colruytgroup.com/images/500x500/std.lang.all/15/04/asset-2821504.jpg",
    "squareImage": "https://static.colruytgroup.com/images/500x500sq/std.lang.all/15/04/asset-2821504.jpg",
    "content": "160g",
    "walkRouteSequenceNumber": 17608,
    "price": {
      "basicPrice": 5.69,
      "recommendedQuantity": "1.0",
      "measurementUnitPrice": 54.72,
      "measurementUnit": "K",
      "isRedPrice": false,
      "pricePerUOM": 54.72,
      "activationDate": "24-02-2024",
      "recordSource": "Offline",
      "isPromoActive": "N",
      "priceChangeCode": "H"
    },
    "isAvailable": true,
    "isPriceAvailable": true,
    "inPromo": false,
    "gtin": [
      "15410363012848",
      "05410363012841"
    ],
    "topCategoryName": "Conserven",
    "topCategoryId": "188",
    "businessDomain": "RETAIL_BE",
    "IsPrivateLabel": false,
    "IsBiffe": false,
    "WeightconversionFactor": "0",
    "IsWeightArticle": false,
    "nutriscoreLabel": "D",
    "IsBio": false,
    "CountryOfOrigin": "GRIEKENLAND",
    "IsExclusivelySoldInLuxembourg": false,
    "OrderUnit": "P",
    "ShortName": "IMPE GEROOKTE TONIJN160",
    "IsNew": false,
    "EcoscoreLabel": "D",
    "RecentQuanityOfStockUnits": "1",
    "LongName": "IMPERIAL gerookte tonijn 160g",
    "FicCode": "E",
    "EcoscoreValue": "21"
  },
  {
    "productId": "940014",
    "technicalArticleNumber": "4767526",
    "commercialArticleNumber": "1600",
    "name": "Cocktailworstjes | 14 st",
    "brand": "WIKINGER",
    "seoBrand": "Wikinger",
    "thumbNail": "https://static.colruytgroup.com/images/200x200/std.lang.all/94/97/asset-3359497.jpg",
    "fullImage": "https://static.colruytgroup.com/images/500x500/std.lang.all/94/97/asset-3359497.jpg",
    "squareImage": "https://static.colruytgroup.com/images/500x500sq/std.lang.all/94/97/asset-3359497.jpg",
    "content": "120g",
    "walkRouteSequenceNumber": 4607,
    "price": {
      "basicPrice": 1.49,
      "recommendedQuantity": "1.0",
      "measurementUnitPrice": 12.42,
      "measurementUnit": "K",
      "isRedPrice": false,
      "pricePerUOM": 12.42,
      "activationDate": "19-03-2024",
      "recordSource": "Offline",
      "isPromoActive": "N",
      "priceChangeCode": "L"
    },
    "isAvailable": true,
    "isPriceAvailable": true,
    "inPromo": false,
    "gtin": [
      "04010142101479",
      "04010142001472"
    ],
    "topCategoryName": "Conserven",
    "topCategoryId": "188",
    "businessDomain": "RETAIL_BE",
    "IsPrivateLabel": false,
    "IsBiffe": false,
    "WeightconversionFactor": "0",
    "IsWeightArticle": false,
    "IsBio": false,
    "CountryOfOrigin": "DUITSLAND",
    "IsExclusivelySoldInLuxembourg": false,
    "OrderUnit": "P",
    "ShortName": "WIKI 14 COCKTAILW.120",
    "IsNew": false,
    "RecentQuanityOfStockUnits": "1",
    "LongName": "WIKINGER Cocktailworstjes | 14 st 120g",
    "AlcoholVolume": "0",
    "FicCode": "E"
  },
  {
    "productId": "878681",
    "technicalArticleNumber": "4734935",
    "commercialArticleNumber": "18860",
    "name": "zwarte olijven",
    "brand": "BONI",
    "seoBrand": "Boni Selection",
    "thumbNail": "https://static.colruytgroup.com/images/200x200/std.lang.all/25/54/asset-3452554.jpg",
    "fullImage": "https://static.colruytgroup.com/images/500x500/std.lang.all/25/54/asset-3452554.jpg",
    "squareImage": "https://static.colruytgroup.com/images/500x500sq/std.lang.all/25/54/asset-3452554.jpg",
    "content": "300g",
    "walkRouteSequenceNumber": 7651,
    "price": {
      "basicPrice": 4.49,
      "recommendedQuantity": "1.0",
      "quantityPrice": 4.13,
      "quantityPriceQuantity": "3.0",
      "measurementUnitPrice": 14.97,
      "measurementUnitQuantityPrice": 13.77,
      "measurementUnit": "K",
      "isRedPrice": false,
      "pricePerUOM": 14.97,
      "activationDate": "21-11-2023",
      "isPromoActive": "N",
      "priceChangeCode": "L",
      "quantityPricePerUOM": 13.77,
      "quantityActivationDate": "21-11-2023",
      "quantityPriceChangeCode": "L"
    },
    "isAvailable": true,
    "isPriceAvailable": true,
    "inPromo": false,
    "gtin": [
      "05400141850031"
    ],
    "topCategoryName": "Chips/Borrelhapjes",
    "topCategoryId": "306",
    "businessDomain": "RETAIL_BE",
    "IsPrivateLabel": true,
    "IsBiffe": false,
    "WeightconversionFactor": "0",
    "IsWeightArticle": false,
    "nutriscoreLabel": "D",
    "IsBio": false,
    "CountryOfOrigin": "NEDERLAND",
    "IsExclusivelySoldInLuxembourg": false,
    "OrderUnit": "P",
    "ShortName": "BONI TAPENADE ZWART300G",
    "IsNew": false,
    "EcoscoreLabel": "B",
    "RecentQuanityOfStockUnits": "1",
    "LongName": "BONI zwarte olijven 300g",
    "FicCode": "I",
    "EcoscoreValue": "75"
  },
  {
    "productId": "865076",
    "technicalArticleNumber": "4717118",
    "commercialArticleNumber": "2403",
    "name": "Appelencompote met stukjes",
    "brand": "MATERNE",
    "seoBrand": "Materne",
    "thumbNail": "https://static.colruytgroup.com/images/200x200/std.lang.all/22/03/asset-3182203.jpg",
    "fullImage": "https://static.colruytgroup.com/images/500x500/std.lang.all/22/03/asset-3182203.jpg",
    "squareImage": "https://static.colruytgroup.com/images/500x500sq/std.lang.all/22/03/asset-3182203.jpg",
    "content": "200g",
    "walkRouteSequenceNumber": 16631,
    "price": {
      "basicPrice": 1.68,
      "recommendedQuantity": "1.0",
      "measurementUnitPrice": 8.4,
      "measurementUnit": "K",
      "isRedPrice": false,
      "pricePerUOM": 8.4,
      "activationDate": "05-03-2024",
      "recordSource": "Offline",
      "isPromoActive": "N",
      "priceChangeCode": "E"
    },
    "isAvailable": true,
    "isPriceAvailable": true,
    "inPromo": false,
    "gtin": [
      "05410046070311",
      "05410046801342"
    ],
    "topCategoryName": "Conserven",
    "topCategoryId": "188",
    "businessDomain": "RETAIL_BE",
    "IsPrivateLabel": false,
    "IsBiffe": false,
    "WeightconversionFactor": "0",
    "IsWeightArticle": false,
    "nutriscoreLabel": "A",
    "IsBio": false,
    "CountryOfOrigin": "BELGIË",
    "IsExclusivelySoldInLuxembourg": false,
    "OrderUnit": "P",
    "ShortName": "MATE APPELCOMP.STUK.200",
    "IsNew": false,
    "RecentQuanityOfStockUnits": "1",
    "LongName": "MATERNE Appelencompote met stukjes 200g",
    "FicCode": "E"
  },
  {
    "productId": "339760",
    "technicalArticleNumber": "3826733",
    "commercialArticleNumber": "21685",
    "name": "augurkenschijfjes zoetzuur",
    "brand": "ECONOM",
    "seoBrand": "Econom",
    "thumbNail": "https://static.colruytgroup.com/images/200x200/std.lang.all/64/95/asset-2986495.jpg",
    "fullImage": "https://static.colruytgroup.com/images/500x500/std.lang.all/64/95/asset-2986495.jpg",
    "squareImage": "https://static.colruytgroup.com/images/500x500sq/std.lang.all/64/95/asset-2986495.jpg",
    "content": "2,30kg",
    "walkRouteSequenceNumber": 16359,
    "price": {
      "basicPrice": 5.45,
      "recommendedQuantity": "1.0",
      "measurementUnitPrice": 4.74,
      "measurementUnit": "K",
      "isRedPrice": false,
      "pricePerUOM": 4.74,
      "activationDate": "18-04-2023",
      "isPromoActive": "N",
      "priceChangeCode": "H"
    },
    "isAvailable": true,
    "isPriceAvailable": true,
    "inPromo": false,
    "gtin": [
      "05404009103758",
      "15404009103755"
    ],
    "topCategoryName": "Kruidenierswaren/Droge voeding",
    "topCategoryId": "233",
    "businessDomain": "RETAIL_BE",
    "IsPrivateLabel": true,
    "IsBiffe": false,
    "WeightconversionFactor": "0",
    "IsWeightArticle": false,
    "nutriscoreLabel": "A",
    "IsBio": false,
    "CountryOfOrigin": "NEDERLAND",
    "IsExclusivelySoldInLuxembourg": false,
    "OrderUnit": "P",
    "ShortName": "HC ECON ZTZ.AUG.SCH 2K3",
    "IsNew": false,
    "EcoscoreLabel": "B",
    "RecentQuanityOfStockUnits": "1,2",
    "LongName": "ECONOM augurkenschijfjes zoetzuur 2,30kg",
    "AlcoholVolume": "0",
    "FicCode": "I",
    "EcoscoreValue": "79"
  },
  {
    "productId": "568126",
    "technicalArticleNumber": "4211657",
    "commercialArticleNumber": "16436",
    "name": "cocktailuitjes",
    "brand": "ECONOM",
    "seoBrand": "Econom",
    "thumbNail": "https://static.colruytgroup.com/images/200x200/std.lang.all/13/76/asset-2091376.jpg",
    "fullImage": "https://static.colruytgroup.com/images/500x500/std.lang.all/13/76/asset-2091376.jpg",
    "squareImage": "https://static.colruytgroup.com/images/500x500sq/std.lang.all/13/76/asset-2091376.jpg",
    "content": "2,3kg",
    "walkRouteSequenceNumber": 16358,
    "price": {
      "basicPrice": 4.78,
      "recommendedQuantity": "1.0",
      "measurementUnitPrice": 2.08,
      "measurementUnit": "K",
      "isRedPrice": false,
      "pricePerUOM": 2.08,
      "activationDate": "18-04-2023",
      "isPromoActive": "N",
      "priceChangeCode": "H"
    },
    "isAvailable": true,
    "isPriceAvailable": true,
    "inPromo": false,
    "gtin": [
      "05404009106834",
      "15404009106831"
    ],
    "topCategoryName": "Kruidenierswaren/Droge voeding",
    "topCategoryId": "233",
    "businessDomain": "RETAIL_BE",
    "IsPrivateLabel": true,
    "IsBiffe": false,
    "WeightconversionFactor": "0",
    "IsWeightArticle": false,
    "nutriscoreLabel": "C",
    "IsBio": false,
    "CountryOfOrigin": "NEDERLAND",
    "IsExclusivelySoldInLuxembourg": false,
    "OrderUnit": "P",
    "ShortName": "HC ECON COCKTAILUIT2KG3",
    "IsNew": false,
    "EcoscoreLabel": "A",
    "RecentQuanityOfStockUnits": "1,2",
    "LongName": "ECONOM cocktailuitjes 2,3kg",
    "FicCode": "I",
    "EcoscoreValue": "87"
  },
  {
    "productId": "764299",
    "technicalArticleNumber": "4545033",
    "commercialArticleNumber": "7349",
    "name": "tonijn in eigen nat MSC",
    "brand": "LA PERLA",
    "seoBrand": "La perla",
    "thumbNail": "https://static.colruytgroup.com/images/200x200/std.lang.all/61/74/asset-3346174.jpg",
    "fullImage": "https://static.colruytgroup.com/images/500x500/std.lang.all/61/74/asset-3346174.jpg",
    "squareImage": "https://static.colruytgroup.com/images/500x500sq/std.lang.all/61/74/asset-3346174.jpg",
    "content": "1,7kg",
    "walkRouteSequenceNumber": 17601,
    "price": {
      "basicPrice": 14.99,
      "recommendedQuantity": "1.0",
      "measurementUnitPrice": 8.82,
      "measurementUnit": "K",
      "isRedPrice": false,
      "pricePerUOM": 8.82,
      "activationDate": "29-11-2023",
      "isPromoActive": "N",
      "priceChangeCode": "L"
    },
    "isAvailable": true,
    "isPriceAvailable": true,
    "inPromo": false,
    "gtin": [
      "04006795984729",
      "04006795384727"
    ],
    "topCategoryName": "Conserven",
    "topCategoryId": "188",
    "businessDomain": "RETAIL_BE",
    "IsPrivateLabel": false,
    "IsBiffe": false,
    "WeightconversionFactor": "0",
    "IsWeightArticle": false,
    "IsBio": false,
    "CountryOfOrigin": "GUINEA, EQUATORIAAL",
    "IsExclusivelySoldInLuxembourg": false,
    "OrderUnit": "P",
    "ShortName": "HC LAPE TONIJN NAT.1.7K",
    "InSeason": true,
    "IsNew": false,
    "RecentQuanityOfStockUnits": "1,6",
    "LongName": "LA PERLA tonijn in eigen nat MSC 1,7kg",
    "StartSeasonDate": "24/07/2023",
    "FicCode": "E"
  },
  {
    "productId": "890126",
    "technicalArticleNumber": "4750857",
    "commercialArticleNumber": "8717",
    "name": "Ui met Luikse siroop",
    "description": "*Uienkonfijt met Luikse siroop",
    "brand": "MATERNE",
    "seoBrand": "Materne",
    "thumbNail": "https://static.colruytgroup.com/images/200x200/nl_be/55/85/asset-3305585.jpg",
    "fullImage": "https://static.colruytgroup.com/images/500x500/nl_be/55/85/asset-3305585.jpg",
    "squareImage": "https://static.colruytgroup.com/images/500x500sq/nl_be/55/85/asset-3305585.jpg",
    "content": "210g",
    "walkRouteSequenceNumber": 16627,
    "price": {
      "basicPrice": 2.15,
      "recommendedQuantity": "1.0",
      "measurementUnitPrice": 10.24,
      "measurementUnit": "K",
      "isRedPrice": false,
      "pricePerUOM": 10.24,
      "activationDate": "18-01-2024",
      "isPromoActive": "N",
      "priceChangeCode": "L"
    },
    "isAvailable": true,
    "isPriceAvailable": true,
    "inPromo": false,
    "gtin": [
      "05410046994693",
      "25410046996974"
    ],
    "topCategoryName": "Conserven",
    "topCategoryId": "188",
    "businessDomain": "RETAIL_BE",
    "IsPrivateLabel": false,
    "IsBiffe": false,
    "WeightconversionFactor": "0",
    "IsWeightArticle": false,
    "nutriscoreLabel": "C",
    "IsBio": false,
    "CountryOfOrigin": "BELGIË",
    "IsExclusivelySoldInLuxembourg": false,
    "OrderUnit": "P",
    "ShortName": "MATE UIENKO.LUIK.SI.210",
    "IsNew": false,
    "RecentQuanityOfStockUnits": "1",
    "LongName": "MATERNE Ui met Luikse siroop 210g",
    "AlcoholVolume": "0",
    "FicCode": "E"
  },
  {
    "productId": "674435",
    "technicalArticleNumber": "4389525",
    "commercialArticleNumber": "11714",
    "name": "passata",
    "brand": "VICTORIA",
    "seoBrand": "Victoria",
    "thumbNail": "https://static.colruytgroup.com/images/200x200/std.lang.all/38/27/asset-2323827.jpg",
    "fullImage": "https://static.colruytgroup.com/images/500x500/std.lang.all/38/27/asset-2323827.jpg",
    "squareImage": "https://static.colruytgroup.com/images/500x500sq/std.lang.all/38/27/asset-2323827.jpg",
    "content": "2,650L",
    "walkRouteSequenceNumber": 8465,
    "price": {
      "basicPrice": 5.89,
      "recommendedQuantity": "1.0",
      "measurementUnitPrice": 2.23,
      "measurementUnit": "L",
      "isRedPrice": false,
      "pricePerUOM": 2.23,
      "activationDate": "15-02-2023",
      "isPromoActive": "N",
      "priceChangeCode": "H"
    },
    "isAvailable": true,
    "isPriceAvailable": true,
    "inPromo": false,
    "gtin": [
      "18000483504209",
      "08000483163065"
    ],
    "topCategoryName": "Conserven",
    "topCategoryId": "188",
    "businessDomain": "RETAIL_BE",
    "IsPrivateLabel": false,
    "IsBiffe": false,
    "WeightconversionFactor": "0",
    "IsWeightArticle": false,
    "nutriscoreLabel": "A",
    "IsBio": false,
    "CountryOfOrigin": "ITALIË",
    "IsExclusivelySoldInLuxembourg": false,
    "OrderUnit": "P",
    "ShortName": "VICT PASSATA 2.650L",
    "IsNew": false,
    "EcoscoreLabel": "B",
    "RecentQuanityOfStockUnits": "1,6",
    "LongName": "VICTORIA passata 2,650L",
    "FicCode": "E",
    "EcoscoreValue": "77"
  },
  {
    "productId": "942029",
    "technicalArticleNumber": "4767728",
    "commercialArticleNumber": "4775",
    "name": "Weense worsten | 8 st",
    "brand": "WIKINGER",
    "seoBrand": "Wikinger",
    "thumbNail": "https://static.colruytgroup.com/images/200x200/std.lang.all/36/65/asset-3353665.jpg",
    "fullImage": "https://static.colruytgroup.com/images/500x500/std.lang.all/36/65/asset-3353665.jpg",
    "squareImage": "https://static.colruytgroup.com/images/500x500sq/std.lang.all/36/65/asset-3353665.jpg",
    "content": "240g",
    "walkRouteSequenceNumber": 4606,
    "price": {
      "basicPrice": 2.5,
      "recommendedQuantity": "1.0",
      "measurementUnitPrice": 10.42,
      "measurementUnit": "K",
      "isRedPrice": false,
      "pricePerUOM": 10.42,
      "activationDate": "13-03-2024",
      "recordSource": "Offline",
      "isPromoActive": "N",
      "priceChangeCode": "L"
    },
    "isAvailable": true,
    "isPriceAvailable": true,
    "inPromo": false,
    "gtin": [
      "04010142154307",
      "04010142054300"
    ],
    "topCategoryName": "Conserven",
    "topCategoryId": "188",
    "businessDomain": "RETAIL_BE",
    "IsPrivateLabel": false,
    "IsBiffe": false,
    "WeightconversionFactor": "0",
    "IsWeightArticle": false,
    "IsBio": false,
    "CountryOfOrigin": "DUITSLAND",
    "IsExclusivelySoldInLuxembourg": false,
    "OrderUnit": "P",
    "ShortName": "WIKI 8 WEENSE WORST 240",
    "IsNew": false,
    "RecentQuanityOfStockUnits": "1",
    "LongName": "WIKINGER Weense worsten | 8 st 240g",
    "AlcoholVolume": "0",
    "FicCode": "E"
  },
  {
    "productId": "172358",
    "technicalArticleNumber": "3385585",
    "commercialArticleNumber": "31067",
    "name": "soep kreeftenbisque 1,6l",
    "description": "*Altijd met factuur",
    "brand": "KNORR",
    "seoBrand": "Knorr",
    "thumbNail": "https://static.colruytgroup.com/images/200x200/std.lang.all/64/12/asset-976412.jpg",
    "fullImage": "https://static.colruytgroup.com/images/500x500/std.lang.all/64/12/asset-976412.jpg",
    "squareImage": "https://static.colruytgroup.com/images/500x500sq/std.lang.all/64/12/asset-976412.jpg",
    "content": "1,6L",
    "walkRouteSequenceNumber": 16899,
    "price": {
      "basicPrice": 8.68,
      "recommendedQuantity": "1.0",
      "measurementUnitPrice": 10.85,
      "measurementUnit": "K",
      "isRedPrice": false,
      "pricePerUOM": 10.85,
      "activationDate": "09-01-2024",
      "isPromoActive": "N",
      "priceChangeCode": "H"
    },
    "isAvailable": true,
    "isPriceAvailable": true,
    "inPromo": false,
    "gtin": [
      "05411100444567",
      "05411100205151"
    ],
    "topCategoryName": "Kruidenierswaren/Droge voeding",
    "topCategoryId": "233",
    "businessDomain": "RETAIL_BE",
    "IsPrivateLabel": false,
    "IsBiffe": false,
    "WeightconversionFactor": "0",
    "IsWeightArticle": false,
    "nutriscoreLabel": "D",
    "IsBio": false,
    "CountryOfOrigin": "BELGIË",
    "IsExclusivelySoldInLuxembourg": false,
    "OrderUnit": "P",
    "ShortName": "HC KN BISQ HOM 1.6 800G",
    "InSeason": true,
    "IsNew": false,
    "EcoscoreLabel": "E",
    "RecentQuanityOfStockUnits": "1",
    "LongName": "KNORR soep kreeftenbisque 1,6l 1,6L",
    "AlcoholVolume": "0",
    "StartSeasonDate": "26/09/2016",
    "FicCode": "E",
    "EcoscoreValue": "1"
  },
  {
    "productId": "384311",
    "technicalArticleNumber": "3843783",
    "commercialArticleNumber": "51300",
    "name": "tonijn zonnenbloemolie MSC",
    "brand": "ECONOM",
    "seoBrand": "Econom",
    "thumbNail": "https://static.colruytgroup.com/images/200x200/std.lang.all/44/94/asset-1944494.jpg",
    "fullImage": "https://static.colruytgroup.com/images/500x500/std.lang.all/44/94/asset-1944494.jpg",
    "squareImage": "https://static.colruytgroup.com/images/500x500sq/std.lang.all/44/94/asset-1944494.jpg",
    "content": "1,7kg",
    "walkRouteSequenceNumber": 16730,
    "price": {
      "basicPrice": 10.99,
      "recommendedQuantity": "1.0",
      "measurementUnitPrice": 6.45,
      "measurementUnit": "K",
      "isRedPrice": false,
      "pricePerUOM": 6.45,
      "activationDate": "11-01-2024",
      "isPromoActive": "N",
      "priceChangeCode": "L"
    },
    "isAvailable": true,
    "isPriceAvailable": true,
    "inPromo": false,
    "gtin": [
      "05404009108173",
      "15404009108170",
      "05404009107046",
      "15404009107043",
      "05404009104168",
      "15404009104165"
    ],
    "topCategoryName": "Conserven",
    "topCategoryId": "188",
    "businessDomain": "RETAIL_BE",
    "IsPrivateLabel": true,
    "IsBiffe": false,
    "WeightconversionFactor": "0",
    "IsWeightArticle": false,
    "nutriscoreLabel": "A",
    "IsBio": false,
    "CountryOfOrigin": "PAPOEA-NIEUW-GUINEA",
    "IsExclusivelySoldInLuxembourg": false,
    "OrderUnit": "P",
    "ShortName": "HC ECONOM TON.OL.MSC1.7",
    "InSeason": true,
    "IsNew": false,
    "EcoscoreLabel": "D",
    "RecentQuanityOfStockUnits": "1,6",
    "LongName": "ECONOM tonijn zonnenbloemolie MSC 1,7kg",
    "AlcoholVolume": "0",
    "StartSeasonDate": "06/06/2019",
    "FicCode": "I",
    "EcoscoreValue": "29"
  },
  {
    "productId": "944252",
    "technicalArticleNumber": "4768036",
    "commercialArticleNumber": "7179",
    "name": "Hotdog | 30 st",
    "brand": "WIKINGER",
    "seoBrand": "Wikinger",
    "thumbNail": "https://static.colruytgroup.com/images/200x200/std.lang.all/60/97/asset-3356097.jpg",
    "fullImage": "https://static.colruytgroup.com/images/500x500/std.lang.all/60/97/asset-3356097.jpg",
    "squareImage": "https://static.colruytgroup.com/images/500x500sq/std.lang.all/60/97/asset-3356097.jpg",
    "content": "1,5kg",
    "walkRouteSequenceNumber": 16791,
    "price": {
      "basicPrice": 19.99,
      "recommendedQuantity": "1.0",
      "measurementUnitPrice": 13.33,
      "measurementUnit": "K",
      "isRedPrice": false,
      "pricePerUOM": 13.33,
      "activationDate": "20-10-2023",
      "isPromoActive": "N",
      "priceChangeCode": "E"
    },
    "isAvailable": true,
    "isPriceAvailable": true,
    "inPromo": false,
    "gtin": [
      "04010142031028"
    ],
    "topCategoryName": "Conserven",
    "topCategoryId": "188",
    "businessDomain": "RETAIL_BE",
    "IsPrivateLabel": false,
    "IsBiffe": false,
    "WeightconversionFactor": "0",
    "IsWeightArticle": false,
    "IsBio": false,
    "CountryOfOrigin": "DUITSLAND",
    "IsExclusivelySoldInLuxembourg": false,
    "OrderUnit": "P",
    "ShortName": "WIKI 30 HOT DOGS 1.5KG",
    "IsNew": false,
    "RecentQuanityOfStockUnits": "1",
    "LongName": "WIKINGER Hotdog | 30 st 1,5kg",
    "AlcoholVolume": "0",
    "FicCode": "E"
  },
  {
    "productId": "99344",
    "technicalArticleNumber": "2838439",
    "commercialArticleNumber": "20995",
    "name": "appelcompote stukjes blik",
    "description": "*Appelcompote met\nstukjes",
    "brand": "MATERNE",
    "seoBrand": "Materne",
    "thumbNail": "https://static.colruytgroup.com/images/200x200/std.lang.all/32/47/asset-1733247.jpg",
    "fullImage": "https://static.colruytgroup.com/images/500x500/std.lang.all/32/47/asset-1733247.jpg",
    "squareImage": "https://static.colruytgroup.com/images/500x500sq/std.lang.all/32/47/asset-1733247.jpg",
    "content": "2,7kg",
    "walkRouteSequenceNumber": 16588,
    "price": {
      "basicPrice": 5.89,
      "recommendedQuantity": "1.0",
      "measurementUnitPrice": 2.19,
      "measurementUnit": "K",
      "isRedPrice": false,
      "pricePerUOM": 2.19,
      "activationDate": "13-12-2023",
      "isPromoActive": "N",
      "priceChangeCode": "E"
    },
    "isAvailable": true,
    "isPriceAvailable": true,
    "inPromo": false,
    "gtin": [
      "05410046020606",
      "05410046010546"
    ],
    "topCategoryName": "Conserven",
    "topCategoryId": "188",
    "businessDomain": "RETAIL_BE",
    "IsPrivateLabel": false,
    "IsBiffe": false,
    "WeightconversionFactor": "0",
    "IsWeightArticle": false,
    "nutriscoreLabel": "C",
    "IsBio": false,
    "CountryOfOrigin": "BELGIË",
    "IsExclusivelySoldInLuxembourg": false,
    "OrderUnit": "P",
    "ShortName": "HC MATE APPELCOMP 2.7KG",
    "InSeason": true,
    "IsNew": false,
    "RecentQuanityOfStockUnits": "1,6",
    "LongName": "MATERNE appelcompote stukjes blik 2,7kg",
    "AlcoholVolume": "0",
    "StartSeasonDate": "21/10/2015",
    "FicCode": "E"
  },
  {
    "productId": "161606",
    "technicalArticleNumber": "3288654",
    "commercialArticleNumber": "44801",
    "name": "geraspte wortelen",
    "description": "*Wortelsalade\n*Altijd met factuur",
    "brand": "ECONOM",
    "seoBrand": "Econom",
    "thumbNail": "https://static.colruytgroup.com/images/200x200/std.lang.all/08/69/asset-700869.jpg",
    "fullImage": "https://static.colruytgroup.com/images/500x500/std.lang.all/08/69/asset-700869.jpg",
    "squareImage": "https://static.colruytgroup.com/images/500x500sq/std.lang.all/08/69/asset-700869.jpg",
    "content": "2,65L",
    "walkRouteSequenceNumber": 16378,
    "price": {
      "basicPrice": 5.39,
      "recommendedQuantity": "1.0",
      "measurementUnitPrice": 2.35,
      "measurementUnit": "K",
      "isRedPrice": false,
      "pricePerUOM": 2.35,
      "activationDate": "11-01-2024",
      "isPromoActive": "N",
      "priceChangeCode": "L"
    },
    "isAvailable": true,
    "isPriceAvailable": true,
    "inPromo": false,
    "gtin": [
      "05404009102300",
      "15404009102307"
    ],
    "topCategoryName": "Conserven",
    "topCategoryId": "188",
    "businessDomain": "RETAIL_BE",
    "IsPrivateLabel": true,
    "IsBiffe": false,
    "WeightconversionFactor": "0",
    "IsWeightArticle": false,
    "IsBio": false,
    "CountryOfOrigin": "NEDERLAND",
    "IsExclusivelySoldInLuxembourg": false,
    "OrderUnit": "P",
    "ShortName": "HC ECO WORTELSALADE 2K3",
    "IsNew": false,
    "EcoscoreLabel": "A",
    "RecentQuanityOfStockUnits": "1,2",
    "LongName": "ECONOM geraspte wortelen 2,65L",
    "AlcoholVolume": "0",
    "FicCode": "N",
    "EcoscoreValue": "86"
  },
  {
    "productId": "225405",
    "technicalArticleNumber": "3552815",
    "commercialArticleNumber": "50877",
    "name": "fruitcocktail light blik",
    "description": "*Fruitcocktail met\nzoetstoffen i.p.v.\nsuiker",
    "brand": "BONI",
    "seoBrand": "Boni Selection",
    "thumbNail": "https://static.colruytgroup.com/images/200x200/std.lang.all/73/06/asset-1227306.jpg",
    "fullImage": "https://static.colruytgroup.com/images/500x500/std.lang.all/73/06/asset-1227306.jpg",
    "squareImage": "https://static.colruytgroup.com/images/500x500sq/std.lang.all/73/06/asset-1227306.jpg",
    "content": "200g",
    "walkRouteSequenceNumber": 16558,
    "price": {
      "basicPrice": 1.15,
      "recommendedQuantity": "3.0",
      "measurementUnitPrice": 9.2,
      "measurementUnit": "K",
      "isRedPrice": false,
      "pricePerUOM": 9.2,
      "activationDate": "20-02-2024",
      "recordSource": "Online",
      "isPromoActive": "N",
      "priceChangeCode": "E"
    },
    "isAvailable": true,
    "isPriceAvailable": true,
    "inPromo": false,
    "gtin": [
      "05400141281415",
      "15400141827771",
      "05400141410327",
      "05400141410303",
      "25400141878794",
      "15400141878797",
      "05400141878790"
    ],
    "topCategoryName": "Conserven",
    "topCategoryId": "188",
    "businessDomain": "RETAIL_BE",
    "IsPrivateLabel": true,
    "IsBiffe": false,
    "WeightconversionFactor": "0",
    "IsWeightArticle": false,
    "nutriscoreLabel": "A",
    "IsBio": false,
    "CountryOfOrigin": "BELGIË",
    "IsExclusivelySoldInLuxembourg": false,
    "OrderUnit": "P",
    "ShortName": "BONI FRUITCOCK.LIGHT200",
    "InSeason": true,
    "IsNew": false,
    "EcoscoreLabel": "A",
    "RecentQuanityOfStockUnits": "1,3,3,1",
    "LongName": "BONI fruitcocktail light blik 200g",
    "AlcoholVolume": "0",
    "StartSeasonDate": "26/10/2021",
    "FicCode": "I",
    "EcoscoreValue": "82"
  },
  {
    "productId": "426455",
    "technicalArticleNumber": "3976897",
    "commercialArticleNumber": "3596",
    "name": "fruitcocktail op siroop NG",
    "brand": "ECONOM",
    "seoBrand": "Econom",
    "thumbNail": "https://static.colruytgroup.com/images/200x200/std.lang.all/31/19/asset-1733119.jpg",
    "fullImage": "https://static.colruytgroup.com/images/500x500/std.lang.all/31/19/asset-1733119.jpg",
    "squareImage": "https://static.colruytgroup.com/images/500x500sq/std.lang.all/31/19/asset-1733119.jpg",
    "content": "2,5kg",
    "walkRouteSequenceNumber": 16561,
    "price": {
      "basicPrice": 4.89,
      "recommendedQuantity": "1.0",
      "measurementUnitPrice": 1.96,
      "measurementUnit": "K",
      "isRedPrice": false,
      "pricePerUOM": 1.96,
      "activationDate": "11-01-2024",
      "isPromoActive": "N",
      "priceChangeCode": "L"
    },
    "isAvailable": true,
    "isPriceAvailable": true,
    "inPromo": false,
    "gtin": [
      "05404009103901",
      "15404009103908"
    ],
    "topCategoryName": "Conserven",
    "topCategoryId": "188",
    "businessDomain": "RETAIL_BE",
    "IsPrivateLabel": true,
    "IsBiffe": false,
    "WeightconversionFactor": "0",
    "IsWeightArticle": false,
    "nutriscoreLabel": "B",
    "IsBio": false,
    "CountryOfOrigin": "CHINA (VOLKSREBUPLIEK)",
    "IsExclusivelySoldInLuxembourg": false,
    "OrderUnit": "P",
    "ShortName": "HC ECON FRUITCOCKT.2.5K",
    "InSeason": true,
    "IsNew": false,
    "EcoscoreLabel": "A",
    "RecentQuanityOfStockUnits": "1",
    "LongName": "ECONOM fruitcocktail op siroop NG 2,5kg",
    "StartSeasonDate": "21/01/2019",
    "FicCode": "I",
    "EcoscoreValue": "82"
  },
  {
    "productId": "334405",
    "technicalArticleNumber": "3797124",
    "commercialArticleNumber": "33057",
    "name": "tapas de queso",
    "description": "*Spanje\n*Iberico, Cabra,\nManchego",
    "brand": "GARCIA BAQUERO",
    "seoBrand": "Garcia Baquero",
    "thumbNail": "https://static.colruytgroup.com/images/200x200/std.lang.all/78/55/asset-2067855.jpg",
    "fullImage": "https://static.colruytgroup.com/images/500x500/std.lang.all/78/55/asset-2067855.jpg",
    "squareImage": "https://static.colruytgroup.com/images/500x500sq/std.lang.all/78/55/asset-2067855.jpg",
    "content": "150g",
    "walkRouteSequenceNumber": 5448,
    "price": {
      "basicPrice": 3.99,
      "recommendedQuantity": "1.0",
      "measurementUnitPrice": 26.6,
      "measurementUnit": "K",
      "isRedPrice": false,
      "pricePerUOM": 26.6,
      "activationDate": "01-03-2024",
      "isPromoActive": "N",
      "priceChangeCode": "H"
    },
    "isAvailable": true,
    "isPriceAvailable": true,
    "inPromo": false,
    "gtin": [
      "08412289003740",
      "18412289203741"
    ],
    "topCategoryName": "Chips/Borrelhapjes",
    "topCategoryId": "306",
    "businessDomain": "RETAIL_BE",
    "IsPrivateLabel": false,
    "IsBiffe": false,
    "WeightconversionFactor": "0",
    "IsWeightArticle": false,
    "nutriscoreLabel": "D",
    "IsBio": false,
    "CountryOfOrigin": "SPANJE",
    "IsExclusivelySoldInLuxembourg": false,
    "OrderUnit": "P",
    "ShortName": "G.B.TAPAS QUESO 150G",
    "IsNew": false,
    "EcoscoreLabel": "D",
    "RecentQuanityOfStockUnits": "1",
    "LongName": "GARCIA BAQUERO tapas de queso 150g",
    "AlcoholVolume": "0",
    "FicCode": "E",
    "EcoscoreValue": "27"
  },
  {
    "productId": "820",
    "technicalArticleNumber": "12868",
    "commercialArticleNumber": "12868",
    "name": "tomatenpuree dubbel geconcentr",
    "description": "*Dubbel\ngeconcentreerde\ntomatenpuree\n*28-30 %\ngeconcentreerd",
    "brand": "BONI",
    "seoBrand": "Boni Selection",
    "thumbNail": "https://static.colruytgroup.com/images/200x200/std.lang.all/85/82/asset-3028582.jpg",
    "fullImage": "https://static.colruytgroup.com/images/500x500/std.lang.all/85/82/asset-3028582.jpg",
    "squareImage": "https://static.colruytgroup.com/images/500x500sq/std.lang.all/85/82/asset-3028582.jpg",
    "content": "140g",
    "walkRouteSequenceNumber": 8454,
    "price": {
      "basicPrice": 0.593,
      "recommendedQuantity": "6.0",
      "measurementUnitPrice": 4.24,
      "measurementUnit": "K",
      "isRedPrice": false,
      "pricePerUOM": 4.24,
      "activationDate": "05-03-2024",
      "recordSource": "Offline",
      "isPromoActive": "N",
      "priceChangeCode": "E"
    },
    "isAvailable": true,
    "isPriceAvailable": true,
    "inPromo": false,
    "gtin": [
      "05400141625875",
      "15400141625872",
      "35400141625876",
      "00000025128680",
      "00000025728682",
      "05400141076752",
      "05400141077544",
      "05400141128680",
      "05400141228687",
      "05400141247831",
      "05400141247848",
      "05400141306712",
      "05400141328684",
      "05400141414165",
      "15400141247845",
      "25400141306716"
    ],
    "topCategoryName": "Conserven",
    "topCategoryId": "188",
    "businessDomain": "RETAIL_BE",
    "IsPrivateLabel": true,
    "IsBiffe": false,
    "WeightconversionFactor": "0",
    "IsWeightArticle": false,
    "nutriscoreLabel": "A",
    "IsBio": false,
    "CountryOfOrigin": "ITALIË",
    "IsExclusivelySoldInLuxembourg": false,
    "OrderUnit": "P",
    "ShortName": "BONI TOMATENPUREE 140G",
    "InSeason": true,
    "IsNew": false,
    "EcoscoreLabel": "B",
    "RecentQuanityOfStockUnits": "1",
    "LongName": "BONI tomatenpuree dubbel geconcentr 140g",
    "AlcoholVolume": "0",
    "StartSeasonDate": "27/08/2008",
    "FicCode": "I",
    "EcoscoreValue": "68"
  },
  {
    "productId": "126982",
    "technicalArticleNumber": "3207030",
    "commercialArticleNumber": "13833",
    "name": "frikadellen met tomatensaus",
    "description": "*Vleesballetjes in\ntomatensaus\n*Opwarmen in de pan,\nin de microgolfoven",
    "brand": "ZWAN",
    "seoBrand": "Zwan",
    "thumbNail": "https://static.colruytgroup.com/images/200x200/std.lang.all/99/48/asset-3269948.jpg",
    "fullImage": "https://static.colruytgroup.com/images/500x500/std.lang.all/99/48/asset-3269948.jpg",
    "squareImage": "https://static.colruytgroup.com/images/500x500sq/std.lang.all/99/48/asset-3269948.jpg",
    "content": "537g",
    "walkRouteSequenceNumber": 16815,
    "price": {
      "basicPrice": 6.16,
      "recommendedQuantity": "1.0",
      "measurementUnitPrice": 11.48,
      "measurementUnit": "K",
      "isRedPrice": false,
      "pricePerUOM": 11.48,
      "activationDate": "17-02-2024",
      "recordSource": "Offline",
      "isPromoActive": "N",
      "priceChangeCode": "E"
    },
    "isAvailable": true,
    "isPriceAvailable": true,
    "inPromo": false,
    "gtin": [
      "08712100631672",
      "08712100965036"
    ],
    "topCategoryName": "Conserven",
    "topCategoryId": "188",
    "businessDomain": "RETAIL_BE",
    "IsPrivateLabel": false,
    "IsBiffe": false,
    "WeightconversionFactor": "0",
    "IsWeightArticle": false,
    "nutriscoreLabel": "C",
    "IsBio": false,
    "CountryOfOrigin": "NEDERLAND",
    "IsExclusivelySoldInLuxembourg": false,
    "OrderUnit": "P",
    "ShortName": "ZW FRICAD TOM SAUS 537G",
    "InSeason": true,
    "IsNew": false,
    "EcoscoreLabel": "E",
    "RecentQuanityOfStockUnits": "1",
    "LongName": "ZWAN frikadellen met tomatensaus 537g",
    "AlcoholVolume": "0",
    "StartSeasonDate": "23/09/2022",
    "FicCode": "E",
    "EcoscoreValue": "0"
  },
  {
    "productId": "525719",
    "technicalArticleNumber": "4113337",
    "commercialArticleNumber": "8884",
    "name": "tonijn olijfolie MSC",
    "description": "*Tonijn in olijfolie",
    "brand": "BONI",
    "seoBrand": "Boni Selection",
    "thumbNail": "https://static.colruytgroup.com/images/200x200/std.lang.all/38/63/asset-2043863.jpg",
    "fullImage": "https://static.colruytgroup.com/images/500x500/std.lang.all/38/63/asset-2043863.jpg",
    "squareImage": "https://static.colruytgroup.com/images/500x500sq/std.lang.all/38/63/asset-2043863.jpg",
    "content": "95g",
    "walkRouteSequenceNumber": 16735,
    "price": {
      "basicPrice": 1.06,
      "recommendedQuantity": "2.0",
      "measurementUnitPrice": 14.14,
      "measurementUnit": "K",
      "isRedPrice": false,
      "pricePerUOM": 14.14,
      "activationDate": "02-02-2024",
      "recordSource": "Offline",
      "isPromoActive": "N",
      "priceChangeCode": "E"
    },
    "isAvailable": true,
    "isPriceAvailable": true,
    "inPromo": false,
    "gtin": [
      "15400141446088",
      "25400141293597",
      "25400141446085",
      "15400141293590",
      "05400141293593",
      "05400141446081",
      "25400141433603",
      "05400141433609",
      "15400141433606"
    ],
    "topCategoryName": "Conserven",
    "topCategoryId": "188",
    "businessDomain": "RETAIL_BE",
    "IsPrivateLabel": true,
    "IsBiffe": false,
    "WeightconversionFactor": "0",
    "IsWeightArticle": false,
    "nutriscoreLabel": "A",
    "IsBio": false,
    "CountryOfOrigin": "SPANJE",
    "IsExclusivelySoldInLuxembourg": false,
    "OrderUnit": "P",
    "ShortName": "BONI TON.MSC OLIJFOLI95",
    "IsNew": false,
    "EcoscoreLabel": "C",
    "RecentQuanityOfStockUnits": "1,1",
    "LongName": "BONI tonijn olijfolie MSC 95g",
    "FicCode": "I",
    "EcoscoreValue": "48"
  },
  {
    "productId": "738",
    "technicalArticleNumber": "11315",
    "commercialArticleNumber": "11315",
    "name": "witte bonen tomaten saus",
    "description": "*Witte bonen in\ntomatensaus",
    "brand": "EVERYDAY",
    "seoBrand": "Everyday",
    "thumbNail": "https://static.colruytgroup.com/images/200x200/std.lang.all/65/73/asset-3016573.jpg",
    "fullImage": "https://static.colruytgroup.com/images/500x500/std.lang.all/65/73/asset-3016573.jpg",
    "squareImage": "https://static.colruytgroup.com/images/500x500sq/std.lang.all/65/73/asset-3016573.jpg",
    "content": "400g",
    "walkRouteSequenceNumber": 16468,
    "price": {
      "basicPrice": 0.49,
      "recommendedQuantity": "1.0",
      "quantityPrice": 0.45,
      "quantityPriceQuantity": "2.0",
      "measurementUnitPrice": 1.23,
      "measurementUnitQuantityPrice": 1.13,
      "measurementUnit": "K",
      "isRedPrice": false,
      "pricePerUOM": 1.23,
      "activationDate": "22-03-2024",
      "recordSource": "Offline",
      "isPromoActive": "N",
      "priceChangeCode": "E",
      "quantityPricePerUOM": 1.13,
      "quantityActivationDate": "22-03-2024",
      "quantityPriceChangeCode": "H"
    },
    "isAvailable": true,
    "isPriceAvailable": true,
    "inPromo": false,
    "gtin": [
      "25400141336287",
      "00000024113151",
      "05400141057713",
      "05400141111316",
      "05400141336283",
      "15400141057710",
      "15400141336280",
      "15400141985303",
      "25400141057717",
      "25400141618802",
      "05400141618808",
      "05400141077452"
    ],
    "topCategoryName": "Conserven",
    "topCategoryId": "188",
    "businessDomain": "RETAIL_BE",
    "IsPrivateLabel": true,
    "IsBiffe": false,
    "WeightconversionFactor": "0",
    "IsWeightArticle": false,
    "nutriscoreLabel": "A",
    "IsBio": false,
    "CountryOfOrigin": "BELGIË",
    "IsExclusivelySoldInLuxembourg": false,
    "OrderUnit": "P",
    "ShortName": "EVD BONEN TOMAT 400G",
    "IsNew": false,
    "EcoscoreLabel": "A",
    "RecentQuanityOfStockUnits": "1",
    "LongName": "EVERYDAY witte bonen tomaten saus 400g",
    "AlcoholVolume": "0",
    "FicCode": "I",
    "EcoscoreValue": "90"
  },
  {
    "productId": "416097",
    "technicalArticleNumber": "3937384",
    "commercialArticleNumber": "1241",
    "name": "tomatenpuree dubbel gecon.",
    "description": "*Dubbel geconcentreerd\ntomatenpuree\n*Biologisch gecertificeerd",
    "brand": "BONI BIO",
    "seoBrand": "Boni Selection Bio",
    "thumbNail": "https://static.colruytgroup.com/images/200x200/std.lang.all/16/08/asset-3331608.jpg",
    "fullImage": "https://static.colruytgroup.com/images/500x500/std.lang.all/16/08/asset-3331608.jpg",
    "squareImage": "https://static.colruytgroup.com/images/500x500sq/std.lang.all/16/08/asset-3331608.jpg",
    "content": "140g",
    "walkRouteSequenceNumber": 8451,
    "price": {
      "basicPrice": 0.845,
      "recommendedQuantity": "2.0",
      "measurementUnitPrice": 6.04,
      "measurementUnit": "K",
      "isRedPrice": false,
      "pricePerUOM": 6.04,
      "activationDate": "10-02-2024",
      "recordSource": "Offline",
      "isPromoActive": "N",
      "priceChangeCode": "H"
    },
    "isAvailable": true,
    "isPriceAvailable": true,
    "inPromo": false,
    "gtin": [
      "15400141386735",
      "25400141386732",
      "25400141005954",
      "15400141005957",
      "05400141386738",
      "05400141005950"
    ],
    "topCategoryName": "Conserven",
    "topCategoryId": "188",
    "businessDomain": "RETAIL_BE",
    "IsPrivateLabel": true,
    "IsBiffe": false,
    "WeightconversionFactor": "0",
    "IsWeightArticle": false,
    "nutriscoreLabel": "A",
    "IsBio": true,
    "CountryOfOrigin": "ITALIË",
    "IsExclusivelySoldInLuxembourg": false,
    "OrderUnit": "P",
    "ShortName": "BONI BIO D.C.TOM140",
    "IsNew": false,
    "EcoscoreLabel": "A",
    "RecentQuanityOfStockUnits": "2,1",
    "LongName": "BONI BIO tomatenpuree dubbel gecon. 140g",
    "FicCode": "I",
    "EcoscoreValue": "84"
  }
]