[
  {
    "productId": "138343",
    "technicalArticleNumber": "3176420",
    "commercialArticleNumber": "36743",
    "name": "galetten koffiesmaak suik.vr.",
    "description": "*Suikervrij\n*Met zoetstoffen:\nmaltitol\n*Individueel verpakt",
    "brand": "BONI",
    "seoBrand": "Boni Selection",
    "thumbNail": "https://static.colruytgroup.com/images/200x200/nl_be/80/04/asset-3028004.jpg",
    "fullImage": "https://static.colruytgroup.com/images/500x500/nl_be/80/04/asset-3028004.jpg",
    "squareImage": "https://static.colruytgroup.com/images/500x500sq/nl_be/80/04/asset-3028004.jpg",
    "content": "5x34g",
    "walkRouteSequenceNumber": 2257,
    "price": {
      "basicPrice": 2.43,
      "recommendedQuantity": "1.0",
      "measurementUnitPrice": 14.3,
      "measurementUnit": "K",
      "isRedPrice": false,
      "pricePerUOM": 14.3,
      "activationDate": "17-11-2023",
      "isPromoActive": "N",
      "priceChangeCode": "E"
    },
    "isAvailable": true,
    "isPriceAvailable": true,
    "inPromo": false,
    "gtin": [
      "15400141604112",
      "05400141604115",
      "15400141359661",
      "05400141359664",
      "05400141125016",
      "05400141081107"
    ],
    "topCategoryName": "Dieetvoeding/Voedingssupplementen",
    "topCategoryId": "347",
    "businessDomain": "RETAIL_BE",
    "IsPrivateLabel": true,
    "IsBiffe": false,
    "WeightconversionFactor": "0",
    "IsWeightArticle": false,
    "nutriscoreLabel": "C",
    "IsBio": false,
    "CountryOfOrigin": "BELGIË",
    "IsExclusivelySoldInLuxembourg": false,
    "OrderUnit": "P",
    "ShortName": "BONI KOFFIEGALET SV",
    "IsNew": false,
    "EcoscoreLabel": "A",
    "RecentQuanityOfStockUnits": "1,16",
    "LongName": "BONI galetten koffiesmaak suik.vr. 5x34g",
    "AlcoholVolume": "0",
    "FicCode": "I",
    "EcoscoreValue": "92"
  },
  {
    "productId": "257719",
    "technicalArticleNumber": "3593312",
    "commercialArticleNumber": "13859",
    "name": "chocolate chip cookie SV",
    "description": "*Individueel verpakt",
    "brand": "CÉRÉAL",
    "seoBrand": "Céréal",
    "thumbNail": "https://static.colruytgroup.com/images/200x200/std.lang.all/66/28/asset-3236628.jpg",
    "fullImage": "https://static.colruytgroup.com/images/500x500/std.lang.all/66/28/asset-3236628.jpg",
    "squareImage": "https://static.colruytgroup.com/images/500x500sq/std.lang.all/66/28/asset-3236628.jpg",
    "content": "130g",
    "walkRouteSequenceNumber": 2245,
    "price": {
      "basicPrice": 3.68,
      "recommendedQuantity": "1.0",
      "measurementUnitPrice": 28.31,
      "measurementUnit": "K",
      "isRedPrice": false,
      "pricePerUOM": 28.31,
      "activationDate": "16-03-2024",
      "recordSource": "Offline",
      "isPromoActive": "N",
      "priceChangeCode": "E"
    },
    "isAvailable": true,
    "isPriceAvailable": true,
    "inPromo": false,
    "gtin": [
      "05410063021235",
      "05410063021242",
      "05410063041028"
    ],
    "topCategoryName": "Dieetvoeding/Voedingssupplementen",
    "topCategoryId": "347",
    "businessDomain": "RETAIL_BE",
    "IsPrivateLabel": false,
    "IsBiffe": false,
    "WeightconversionFactor": "0",
    "IsWeightArticle": false,
    "nutriscoreLabel": "A",
    "IsBio": false,
    "CountryOfOrigin": "FRANKRIJK",
    "IsExclusivelySoldInLuxembourg": false,
    "OrderUnit": "P",
    "ShortName": "CERE CHOC.CH.COOKIE130G",
    "IsNew": false,
    "EcoscoreLabel": "B",
    "RecentQuanityOfStockUnits": "1",
    "LongName": "CÉRÉAL chocolate chip cookie SV 130g",
    "AlcoholVolume": "0",
    "FicCode": "E",
    "EcoscoreValue": "77"
  },
  {
    "productId": "113734",
    "technicalArticleNumber": "3084627",
    "commercialArticleNumber": "37278",
    "name": "koeken kokos suikervrij",
    "description": "*Suikvervrij:\nmaltitol\n*Vezelrijk\n*Individueel verpakt",
    "brand": "CÉRÉAL",
    "seoBrand": "Céréal",
    "thumbNail": "https://static.colruytgroup.com/images/200x200/std.lang.all/66/26/asset-3236626.jpg",
    "fullImage": "https://static.colruytgroup.com/images/500x500/std.lang.all/66/26/asset-3236626.jpg",
    "squareImage": "https://static.colruytgroup.com/images/500x500sq/std.lang.all/66/26/asset-3236626.jpg",
    "content": "3x44g",
    "walkRouteSequenceNumber": 2235,
    "price": {
      "basicPrice": 2.99,
      "recommendedQuantity": "1.0",
      "measurementUnitPrice": 22.66,
      "measurementUnit": "K",
      "isRedPrice": false,
      "pricePerUOM": 22.66,
      "activationDate": "14-03-2024",
      "recordSource": "Offline",
      "isPromoActive": "N",
      "priceChangeCode": "E"
    },
    "isAvailable": true,
    "isPriceAvailable": true,
    "inPromo": false,
    "gtin": [
      "05410063021266",
      "05410063021259"
    ],
    "topCategoryName": "Dieetvoeding/Voedingssupplementen",
    "topCategoryId": "347",
    "businessDomain": "RETAIL_BE",
    "IsPrivateLabel": false,
    "IsBiffe": false,
    "WeightconversionFactor": "0",
    "IsWeightArticle": false,
    "nutriscoreLabel": "A",
    "IsBio": false,
    "CountryOfOrigin": "FRANKRIJK",
    "IsExclusivelySoldInLuxembourg": false,
    "OrderUnit": "P",
    "ShortName": "CER KOEK KOKOS SV 132G",
    "IsNew": false,
    "EcoscoreLabel": "B",
    "RecentQuanityOfStockUnits": "1",
    "LongName": "CÉRÉAL koeken kokos suikervrij 3x44g",
    "AlcoholVolume": "0",
    "FicCode": "E",
    "EcoscoreValue": "74"
  },
  {
    "productId": "140012",
    "technicalArticleNumber": "3184395",
    "commercialArticleNumber": "26287",
    "name": "wafels vanillesmaak suikervr.",
    "description": "*Suikervrij\n*Individueel verpakt",
    "brand": "BONI",
    "seoBrand": "Boni Selection",
    "thumbNail": "https://static.colruytgroup.com/images/200x200/std.lang.all/38/64/asset-3433864.jpg",
    "fullImage": "https://static.colruytgroup.com/images/500x500/std.lang.all/38/64/asset-3433864.jpg",
    "squareImage": "https://static.colruytgroup.com/images/500x500sq/std.lang.all/38/64/asset-3433864.jpg",
    "content": "6x25g",
    "walkRouteSequenceNumber": 2246,
    "price": {
      "basicPrice": 2.44,
      "recommendedQuantity": "1.0",
      "measurementUnitPrice": 16.27,
      "measurementUnit": "K",
      "isRedPrice": false,
      "pricePerUOM": 16.27,
      "activationDate": "17-11-2023",
      "isPromoActive": "N",
      "priceChangeCode": "E"
    },
    "isAvailable": true,
    "isPriceAvailable": true,
    "inPromo": false,
    "gtin": [
      "15400141604105",
      "05400141604108",
      "05400141124828",
      "05400141081121",
      "15400141277613",
      "05400141277616"
    ],
    "topCategoryName": "Dieetvoeding/Voedingssupplementen",
    "topCategoryId": "347",
    "businessDomain": "RETAIL_BE",
    "IsPrivateLabel": true,
    "IsBiffe": false,
    "WeightconversionFactor": "0",
    "IsWeightArticle": false,
    "nutriscoreLabel": "C",
    "IsBio": false,
    "CountryOfOrigin": "BELGIË",
    "IsExclusivelySoldInLuxembourg": false,
    "OrderUnit": "P",
    "ShortName": "BONI VANILL.WAFEL SV150",
    "IsNew": false,
    "EcoscoreLabel": "A",
    "RecentQuanityOfStockUnits": "1",
    "LongName": "BONI wafels vanillesmaak suikervr. 6x25g",
    "AlcoholVolume": "0",
    "FicCode": "I",
    "EcoscoreValue": "92"
  },
  {
    "productId": "18453",
    "technicalArticleNumber": "1673537",
    "commercialArticleNumber": "31014",
    "name": "chocoladewafels maltitol",
    "description": "*Suikervrij:\nmaltitol\n*Individueel verpakt",
    "brand": "BONI",
    "seoBrand": "Boni Selection",
    "thumbNail": "https://static.colruytgroup.com/images/200x200/nl_be/83/54/asset-3028354.jpg",
    "fullImage": "https://static.colruytgroup.com/images/500x500/nl_be/83/54/asset-3028354.jpg",
    "squareImage": "https://static.colruytgroup.com/images/500x500sq/nl_be/83/54/asset-3028354.jpg",
    "content": "6x30g",
    "walkRouteSequenceNumber": 2259,
    "price": {
      "basicPrice": 2.85,
      "recommendedQuantity": "1.0",
      "measurementUnitPrice": 15.84,
      "measurementUnit": "K",
      "isRedPrice": false,
      "pricePerUOM": 15.84,
      "activationDate": "17-11-2023",
      "isPromoActive": "N",
      "priceChangeCode": "E"
    },
    "isAvailable": true,
    "isPriceAvailable": true,
    "inPromo": false,
    "gtin": [
      "15400141315995",
      "05400141315998",
      "05400141124682",
      "05400141081114",
      "15400141605690",
      "05400141605693"
    ],
    "topCategoryName": "Dieetvoeding/Voedingssupplementen",
    "topCategoryId": "347",
    "businessDomain": "RETAIL_BE",
    "IsPrivateLabel": true,
    "IsBiffe": false,
    "WeightconversionFactor": "0",
    "IsWeightArticle": false,
    "nutriscoreLabel": "C",
    "IsBio": false,
    "CountryOfOrigin": "BELGIË",
    "IsExclusivelySoldInLuxembourg": false,
    "OrderUnit": "P",
    "ShortName": "BONI CHOC WAFEL SV 180G",
    "IsNew": false,
    "EcoscoreLabel": "A",
    "RecentQuanityOfStockUnits": "1,16",
    "LongName": "BONI chocoladewafels maltitol 6x30g",
    "AlcoholVolume": "0",
    "FicCode": "I",
    "EcoscoreValue": "85"
  },
  {
    "productId": "150011",
    "technicalArticleNumber": "3310729",
    "commercialArticleNumber": "21805",
    "name": "orange delight zonder suiker",
    "description": "Koekjes met chocolade en sinaasappel\nmet 95% minder suiker dan een verge-\nlijkbaar koekje.",
    "brand": "CÉRÉAL",
    "seoBrand": "Céréal",
    "thumbNail": "https://static.colruytgroup.com/images/200x200/std.lang.all/44/22/asset-3244422.jpg",
    "fullImage": "https://static.colruytgroup.com/images/500x500/std.lang.all/44/22/asset-3244422.jpg",
    "squareImage": "https://static.colruytgroup.com/images/500x500sq/std.lang.all/44/22/asset-3244422.jpg",
    "content": "140g",
    "walkRouteSequenceNumber": 2243,
    "price": {
      "basicPrice": 3.75,
      "recommendedQuantity": "1.0",
      "measurementUnitPrice": 26.79,
      "measurementUnit": "K",
      "isRedPrice": false,
      "pricePerUOM": 26.79,
      "activationDate": "14-03-2024",
      "recordSource": "Offline",
      "isPromoActive": "N",
      "priceChangeCode": "E"
    },
    "isAvailable": true,
    "isPriceAvailable": true,
    "inPromo": false,
    "gtin": [
      "05410063027121",
      "05410063027138"
    ],
    "topCategoryName": "Dieetvoeding/Voedingssupplementen",
    "topCategoryId": "347",
    "businessDomain": "RETAIL_BE",
    "IsPrivateLabel": false,
    "IsBiffe": false,
    "WeightconversionFactor": "0",
    "IsWeightArticle": false,
    "nutriscoreLabel": "B",
    "IsBio": false,
    "CountryOfOrigin": "POLEN",
    "IsExclusivelySoldInLuxembourg": false,
    "OrderUnit": "P",
    "ShortName": "CER.OR.DELIGHT Z.S.140G",
    "IsNew": false,
    "EcoscoreLabel": "C",
    "RecentQuanityOfStockUnits": "1",
    "LongName": "CÉRÉAL orange delight zonder suiker 140g",
    "AlcoholVolume": "0",
    "FicCode": "E",
    "EcoscoreValue": "46"
  },
  {
    "productId": "687793",
    "technicalArticleNumber": "4412361",
    "commercialArticleNumber": "1431",
    "name": "rozijnenkoeken",
    "brand": "CÉRÉAL",
    "seoBrand": "Céréal",
    "thumbNail": "https://static.colruytgroup.com/images/200x200/std.lang.all/66/35/asset-3236635.jpg",
    "fullImage": "https://static.colruytgroup.com/images/500x500/std.lang.all/66/35/asset-3236635.jpg",
    "squareImage": "https://static.colruytgroup.com/images/500x500sq/std.lang.all/66/35/asset-3236635.jpg",
    "content": "4x90g",
    "walkRouteSequenceNumber": 2242,
    "price": {
      "basicPrice": 3.95,
      "recommendedQuantity": "1.0",
      "measurementUnitPrice": 10.98,
      "measurementUnit": "K",
      "isRedPrice": false,
      "pricePerUOM": 10.98,
      "activationDate": "14-03-2024",
      "recordSource": "Offline",
      "isPromoActive": "N",
      "priceChangeCode": "E"
    },
    "isAvailable": true,
    "isPriceAvailable": true,
    "inPromo": false,
    "gtin": [
      "08723700009822",
      "08723700009754"
    ],
    "topCategoryName": "Dieetvoeding/Voedingssupplementen",
    "topCategoryId": "347",
    "businessDomain": "RETAIL_BE",
    "IsPrivateLabel": false,
    "IsBiffe": false,
    "WeightconversionFactor": "0",
    "IsWeightArticle": false,
    "nutriscoreLabel": "B",
    "IsBio": false,
    "CountryOfOrigin": "FRANKRIJK",
    "IsExclusivelySoldInLuxembourg": false,
    "OrderUnit": "P",
    "ShortName": "CERE ROZIJNENKOEK.360G",
    "IsNew": false,
    "EcoscoreLabel": "B",
    "RecentQuanityOfStockUnits": "1",
    "LongName": "CÉRÉAL rozijnenkoeken 4x90g",
    "FicCode": "E",
    "EcoscoreValue": "77"
  },
  {
    "productId": "468033",
    "technicalArticleNumber": "4064528",
    "commercialArticleNumber": "7121",
    "name": "koekjes citroen - yuzu",
    "brand": "CÉRÉAL",
    "seoBrand": "Céréal",
    "thumbNail": "https://static.colruytgroup.com/images/200x200/std.lang.all/79/78/asset-3347978.jpg",
    "fullImage": "https://static.colruytgroup.com/images/500x500/std.lang.all/79/78/asset-3347978.jpg",
    "squareImage": "https://static.colruytgroup.com/images/500x500sq/std.lang.all/79/78/asset-3347978.jpg",
    "content": "3x44g",
    "walkRouteSequenceNumber": 2234,
    "price": {
      "basicPrice": 3.59,
      "recommendedQuantity": "1.0",
      "measurementUnitPrice": 27.2,
      "measurementUnit": "K",
      "isRedPrice": false,
      "pricePerUOM": 27.2,
      "activationDate": "14-03-2024",
      "recordSource": "Offline",
      "isPromoActive": "N",
      "priceChangeCode": "E"
    },
    "isAvailable": true,
    "isPriceAvailable": true,
    "inPromo": false,
    "gtin": [
      "05410063033023",
      "05410063033016"
    ],
    "topCategoryName": "Dieetvoeding/Voedingssupplementen",
    "topCategoryId": "347",
    "businessDomain": "RETAIL_BE",
    "IsPrivateLabel": false,
    "IsBiffe": false,
    "WeightconversionFactor": "0",
    "IsWeightArticle": false,
    "nutriscoreLabel": "A",
    "IsBio": false,
    "CountryOfOrigin": "BELGIË",
    "IsExclusivelySoldInLuxembourg": false,
    "OrderUnit": "P",
    "ShortName": "CERE KOEK.CITR.YUZU132G",
    "IsNew": false,
    "EcoscoreLabel": "A",
    "RecentQuanityOfStockUnits": "1",
    "LongName": "CÉRÉAL koekjes citroen - yuzu 3x44g",
    "FicCode": "E",
    "EcoscoreValue": "82"
  },
  {
    "productId": "27393",
    "technicalArticleNumber": "1960052",
    "commercialArticleNumber": "30399",
    "name": "koeken choco del. puur",
    "description": "*Met zoetstoffen:\nmaltitol, sucralose\n*Bron van vezels",
    "brand": "CÉRÉAL",
    "seoBrand": "Céréal",
    "thumbNail": "https://static.colruytgroup.com/images/200x200/std.lang.all/66/40/asset-3236640.jpg",
    "fullImage": "https://static.colruytgroup.com/images/500x500/std.lang.all/66/40/asset-3236640.jpg",
    "squareImage": "https://static.colruytgroup.com/images/500x500sq/std.lang.all/66/40/asset-3236640.jpg",
    "content": "12x10,5g",
    "walkRouteSequenceNumber": 2241,
    "price": {
      "basicPrice": 3.89,
      "recommendedQuantity": "1.0",
      "measurementUnitPrice": 30.88,
      "measurementUnit": "K",
      "isRedPrice": false,
      "pricePerUOM": 30.88,
      "activationDate": "20-03-2024",
      "recordSource": "Offline",
      "isPromoActive": "N",
      "priceChangeCode": "H"
    },
    "isAvailable": true,
    "isPriceAvailable": true,
    "inPromo": false,
    "gtin": [
      "05410063007871",
      "05410063007864"
    ],
    "topCategoryName": "Dieetvoeding/Voedingssupplementen",
    "topCategoryId": "347",
    "businessDomain": "RETAIL_BE",
    "IsPrivateLabel": false,
    "IsBiffe": false,
    "WeightconversionFactor": "0",
    "IsWeightArticle": false,
    "nutriscoreLabel": "C",
    "IsBio": false,
    "CountryOfOrigin": "FRANKRIJK",
    "IsExclusivelySoldInLuxembourg": false,
    "OrderUnit": "P",
    "ShortName": "CEREAL CHOC.DEL. SV126G",
    "IsNew": false,
    "EcoscoreLabel": "B",
    "RecentQuanityOfStockUnits": "1",
    "LongName": "CÉRÉAL koeken choco del. puur 12x10,5g",
    "AlcoholVolume": "0",
    "FicCode": "E",
    "EcoscoreValue": "70"
  },
  {
    "productId": "837337",
    "technicalArticleNumber": "4679828",
    "commercialArticleNumber": "30362",
    "name": "Koeken Abrikoos-pistache",
    "brand": "CEREAL",
    "seoBrand": "Céréal",
    "thumbNail": "https://static.colruytgroup.com/images/200x200/std.lang.all/66/44/asset-3236644.jpg",
    "fullImage": "https://static.colruytgroup.com/images/500x500/std.lang.all/66/44/asset-3236644.jpg",
    "squareImage": "https://static.colruytgroup.com/images/500x500sq/std.lang.all/66/44/asset-3236644.jpg",
    "content": "160g",
    "walkRouteSequenceNumber": 2236,
    "price": {
      "basicPrice": 2.79,
      "recommendedQuantity": "1.0",
      "measurementUnitPrice": 17.44,
      "measurementUnit": "K",
      "isRedPrice": false,
      "pricePerUOM": 17.44,
      "activationDate": "05-03-2024",
      "recordSource": "Offline",
      "isPromoActive": "N",
      "priceChangeCode": "E"
    },
    "isAvailable": true,
    "isPriceAvailable": true,
    "inPromo": false,
    "gtin": [
      "05410063040847",
      "05410063040854"
    ],
    "topCategoryName": "Dieetvoeding/Voedingssupplementen",
    "topCategoryId": "347",
    "businessDomain": "RETAIL_BE",
    "IsPrivateLabel": false,
    "IsBiffe": false,
    "WeightconversionFactor": "0",
    "IsWeightArticle": false,
    "nutriscoreLabel": "A",
    "IsBio": false,
    "CountryOfOrigin": "FRANKRIJK",
    "IsExclusivelySoldInLuxembourg": false,
    "OrderUnit": "P",
    "ShortName": "CERE SA ABRI-PISTA 160G",
    "IsNew": false,
    "EcoscoreLabel": "B",
    "RecentQuanityOfStockUnits": "1",
    "LongName": "CEREAL Koeken Abrikoos-pistache 160g",
    "FicCode": "E",
    "EcoscoreValue": "61"
  },
  {
    "productId": "257725",
    "technicalArticleNumber": "3593325",
    "commercialArticleNumber": "13868",
    "name": "koekjes sesam vanille SV",
    "description": "*Individueel verpakt",
    "brand": "CÉRÉAL",
    "seoBrand": "Céréal",
    "thumbNail": "https://static.colruytgroup.com/images/200x200/std.lang.all/66/29/asset-3236629.jpg",
    "fullImage": "https://static.colruytgroup.com/images/500x500/std.lang.all/66/29/asset-3236629.jpg",
    "squareImage": "https://static.colruytgroup.com/images/500x500sq/std.lang.all/66/29/asset-3236629.jpg",
    "content": "132g",
    "walkRouteSequenceNumber": 2239,
    "price": {
      "basicPrice": 3.45,
      "recommendedQuantity": "1.0",
      "measurementUnitPrice": 26.14,
      "measurementUnit": "K",
      "isRedPrice": false,
      "pricePerUOM": 26.14,
      "activationDate": "14-03-2024",
      "recordSource": "Offline",
      "isPromoActive": "N",
      "priceChangeCode": "E"
    },
    "isAvailable": true,
    "isPriceAvailable": true,
    "inPromo": false,
    "gtin": [
      "05410063024335",
      "05410063024342"
    ],
    "topCategoryName": "Dieetvoeding/Voedingssupplementen",
    "topCategoryId": "347",
    "businessDomain": "RETAIL_BE",
    "IsPrivateLabel": false,
    "IsBiffe": false,
    "WeightconversionFactor": "0",
    "IsWeightArticle": false,
    "nutriscoreLabel": "A",
    "IsBio": false,
    "CountryOfOrigin": "FRANKRIJK",
    "IsExclusivelySoldInLuxembourg": false,
    "OrderUnit": "P",
    "ShortName": "CER.KOEK.SES.Z.SUI.132G",
    "IsNew": false,
    "EcoscoreLabel": "A",
    "RecentQuanityOfStockUnits": "1",
    "LongName": "CÉRÉAL koekjes sesam vanille SV 132g",
    "AlcoholVolume": "0",
    "FicCode": "E",
    "EcoscoreValue": "85"
  },
  {
    "productId": "828603",
    "technicalArticleNumber": "4667305",
    "commercialArticleNumber": "451099",
    "name": "multivitamine bruistablet",
    "brand": "BONI",
    "seoBrand": "Boni Selection",
    "thumbNail": "https://static.colruytgroup.com/images/200x200/std.lang.all/85/98/asset-3028598.jpg",
    "fullImage": "https://static.colruytgroup.com/images/500x500/std.lang.all/85/98/asset-3028598.jpg",
    "squareImage": "https://static.colruytgroup.com/images/500x500sq/std.lang.all/85/98/asset-3028598.jpg",
    "content": "20st",
    "walkRouteSequenceNumber": 13752,
    "price": {
      "basicPrice": 2.24,
      "recommendedQuantity": "1.0",
      "measurementUnitPrice": 0.112,
      "measurementUnit": "S",
      "isRedPrice": false,
      "pricePerUOM": 0.112,
      "activationDate": "12-03-2024",
      "recordSource": "Folder",
      "isPromoActive": "N",
      "priceChangeCode": "L"
    },
    "isAvailable": true,
    "isPriceAvailable": true,
    "inPromo": false,
    "gtin": [
      "15400141236962",
      "05400141236965"
    ],
    "topCategoryName": "Dieetvoeding/Voedingssupplementen",
    "topCategoryId": "347",
    "businessDomain": "NON_FOOD",
    "IsPrivateLabel": true,
    "IsBiffe": false,
    "IsWeightArticle": false,
    "RecentQuanityOfStockUnits": "1",
    "LongName": "BONI multivitamine bruistablet 20st",
    "IsBio": false,
    "CountryOfOrigin": "BELGIË",
    "FicCode": "I",
    "OrderUnit": "P",
    "ShortName": "BONI MULTIVIT BRUIS 20P",
    "IsNew": false
  },
  {
    "productId": "100654",
    "technicalArticleNumber": "2854656",
    "commercialArticleNumber": "34172",
    "name": "koeken speculoos suikervrij",
    "description": "*Suikervrij:\nMaltitol,\nisomalt",
    "brand": "BONI",
    "seoBrand": "Boni Selection",
    "thumbNail": "https://static.colruytgroup.com/images/200x200/std.lang.all/11/62/asset-3361162.jpg",
    "fullImage": "https://static.colruytgroup.com/images/500x500/std.lang.all/11/62/asset-3361162.jpg",
    "squareImage": "https://static.colruytgroup.com/images/500x500sq/std.lang.all/11/62/asset-3361162.jpg",
    "content": "200g",
    "walkRouteSequenceNumber": 2256,
    "price": {
      "basicPrice": 2.39,
      "recommendedQuantity": "1.0",
      "measurementUnitPrice": 11.95,
      "measurementUnit": "K",
      "isRedPrice": false,
      "pricePerUOM": 11.95,
      "activationDate": "03-11-2022",
      "isPromoActive": "N",
      "priceChangeCode": "E"
    },
    "isAvailable": true,
    "isPriceAvailable": true,
    "inPromo": false,
    "gtin": [
      "15400141307570",
      "05400141357752",
      "05400141307573",
      "05400141081091",
      "05400141217490",
      "05400141980325",
      "15400141980322"
    ],
    "topCategoryName": "Dieetvoeding/Voedingssupplementen",
    "topCategoryId": "347",
    "businessDomain": "RETAIL_BE",
    "IsPrivateLabel": true,
    "IsBiffe": false,
    "WeightconversionFactor": "0",
    "IsWeightArticle": false,
    "nutriscoreLabel": "D",
    "IsBio": false,
    "CountryOfOrigin": "BELGIË",
    "IsExclusivelySoldInLuxembourg": false,
    "OrderUnit": "P",
    "ShortName": "BONI SPECULO SV 200G",
    "InSeason": true,
    "IsNew": false,
    "EcoscoreLabel": "B",
    "RecentQuanityOfStockUnits": "1,8,1",
    "LongName": "BONI koeken speculoos suikervrij 200g",
    "AlcoholVolume": "0",
    "StartSeasonDate": "24/04/2018",
    "FicCode": "I",
    "EcoscoreValue": "62"
  },
  {
    "productId": "358190",
    "technicalArticleNumber": "3873405",
    "commercialArticleNumber": "22711",
    "name": "ZS zandkoek choc&orange",
    "brand": "CÉRÉAL",
    "seoBrand": "Céréal",
    "thumbNail": "https://static.colruytgroup.com/images/200x200/std.lang.all/66/32/asset-3236632.jpg",
    "fullImage": "https://static.colruytgroup.com/images/500x500/std.lang.all/66/32/asset-3236632.jpg",
    "squareImage": "https://static.colruytgroup.com/images/500x500sq/std.lang.all/66/32/asset-3236632.jpg",
    "content": "132g",
    "walkRouteSequenceNumber": 2229,
    "price": {
      "basicPrice": 3.85,
      "recommendedQuantity": "1.0",
      "measurementUnitPrice": 29.17,
      "measurementUnit": "K",
      "isRedPrice": false,
      "pricePerUOM": 29.17,
      "activationDate": "14-03-2024",
      "recordSource": "Offline",
      "isPromoActive": "N",
      "priceChangeCode": "E"
    },
    "isAvailable": true,
    "isPriceAvailable": true,
    "inPromo": false,
    "gtin": [
      "05410063034556",
      "05410063034518"
    ],
    "topCategoryName": "Dieetvoeding/Voedingssupplementen",
    "topCategoryId": "347",
    "businessDomain": "RETAIL_BE",
    "IsPrivateLabel": false,
    "IsBiffe": false,
    "WeightconversionFactor": "0",
    "IsWeightArticle": false,
    "nutriscoreLabel": "A",
    "IsBio": false,
    "CountryOfOrigin": "BELGIË",
    "IsExclusivelySoldInLuxembourg": false,
    "OrderUnit": "P",
    "ShortName": "CERE ZS ZANDK.CH.OR.132",
    "IsNew": false,
    "EcoscoreLabel": "A",
    "RecentQuanityOfStockUnits": "1",
    "LongName": "CÉRÉAL ZS zandkoek choc&orange 132g",
    "AlcoholVolume": "0",
    "FicCode": "E",
    "EcoscoreValue": "81"
  },
  {
    "productId": "16728",
    "technicalArticleNumber": "1434924",
    "commercialArticleNumber": "31587",
    "name": "confituur aardbei & framboos",
    "description": "*Met zoetstoffen:\nmaltitol\n*50% vruchten",
    "brand": "CÉRÉAL",
    "seoBrand": "Céréal",
    "thumbNail": "https://static.colruytgroup.com/images/200x200/std.lang.all/13/84/asset-3421384.jpg",
    "fullImage": "https://static.colruytgroup.com/images/500x500/std.lang.all/13/84/asset-3421384.jpg",
    "squareImage": "https://static.colruytgroup.com/images/500x500sq/std.lang.all/13/84/asset-3421384.jpg",
    "content": "270g",
    "walkRouteSequenceNumber": 17961,
    "price": {
      "basicPrice": 3.89,
      "recommendedQuantity": "1.0",
      "measurementUnitPrice": 14.41,
      "measurementUnit": "K",
      "isRedPrice": false,
      "pricePerUOM": 14.41,
      "activationDate": "14-03-2024",
      "recordSource": "Offline",
      "isPromoActive": "N",
      "priceChangeCode": "E"
    },
    "isAvailable": true,
    "isPriceAvailable": true,
    "inPromo": false,
    "gtin": [
      "08723700213663",
      "08723700213670"
    ],
    "topCategoryName": "Dieetvoeding/Voedingssupplementen",
    "topCategoryId": "347",
    "businessDomain": "RETAIL_BE",
    "IsPrivateLabel": false,
    "IsBiffe": false,
    "WeightconversionFactor": "0",
    "IsWeightArticle": false,
    "nutriscoreLabel": "A",
    "IsBio": false,
    "CountryOfOrigin": "BELGIË",
    "IsExclusivelySoldInLuxembourg": false,
    "OrderUnit": "P",
    "ShortName": "CERE CON.AAR&FRA SV270G",
    "IsNew": false,
    "EcoscoreLabel": "A",
    "RecentQuanityOfStockUnits": "1",
    "LongName": "CÉRÉAL confituur aardbei & framboos 270g",
    "AlcoholVolume": "0",
    "FicCode": "E",
    "EcoscoreValue": "84"
  },
  {
    "productId": "828610",
    "technicalArticleNumber": "4667314",
    "commercialArticleNumber": "451100",
    "name": "magnesium bruistablet",
    "brand": "BONI",
    "seoBrand": "Boni Selection",
    "thumbNail": "https://static.colruytgroup.com/images/200x200/std.lang.all/85/99/asset-3028599.jpg",
    "fullImage": "https://static.colruytgroup.com/images/500x500/std.lang.all/85/99/asset-3028599.jpg",
    "squareImage": "https://static.colruytgroup.com/images/500x500sq/std.lang.all/85/99/asset-3028599.jpg",
    "content": "20st",
    "walkRouteSequenceNumber": 13842,
    "price": {
      "basicPrice": 1.45,
      "recommendedQuantity": "1.0",
      "measurementUnitPrice": 0.073,
      "measurementUnit": "S",
      "isRedPrice": false,
      "pricePerUOM": 0.073,
      "activationDate": "31-01-2024",
      "isPromoActive": "N",
      "priceChangeCode": "E"
    },
    "isAvailable": true,
    "isPriceAvailable": true,
    "inPromo": false,
    "gtin": [
      "05400141236989",
      "15400141236986"
    ],
    "topCategoryName": "Dieetvoeding/Voedingssupplementen",
    "topCategoryId": "347",
    "businessDomain": "NON_FOOD",
    "IsPrivateLabel": true,
    "IsBiffe": false,
    "IsWeightArticle": false,
    "RecentQuanityOfStockUnits": "1",
    "LongName": "BONI magnesium bruistablet 20st",
    "IsBio": false,
    "CountryOfOrigin": "HONGARIJE",
    "FicCode": "I",
    "OrderUnit": "P",
    "ShortName": "BONI MAGNESIUM BRUIS 20",
    "IsNew": false
  },
  {
    "productId": "8580",
    "technicalArticleNumber": "1126901",
    "commercialArticleNumber": "31641",
    "name": "koek.vitaliteit melkchoc.",
    "description": "*Met vitamine E, B\n*Individueel verpakt",
    "brand": "CÉRÉAL",
    "seoBrand": "Céréal",
    "thumbNail": "https://static.colruytgroup.com/images/200x200/std.lang.all/44/21/asset-3244421.jpg",
    "fullImage": "https://static.colruytgroup.com/images/500x500/std.lang.all/44/21/asset-3244421.jpg",
    "squareImage": "https://static.colruytgroup.com/images/500x500sq/std.lang.all/44/21/asset-3244421.jpg",
    "content": "4x57,5g",
    "walkRouteSequenceNumber": 2244,
    "price": {
      "basicPrice": 3.89,
      "recommendedQuantity": "1.0",
      "measurementUnitPrice": 16.92,
      "measurementUnit": "K",
      "isRedPrice": false,
      "pricePerUOM": 16.92,
      "activationDate": "08-03-2024",
      "recordSource": "Offline",
      "isPromoActive": "N",
      "priceChangeCode": "E"
    },
    "isAvailable": true,
    "isPriceAvailable": true,
    "inPromo": false,
    "gtin": [
      "08723700213571",
      "08723700213564"
    ],
    "topCategoryName": "Dieetvoeding/Voedingssupplementen",
    "topCategoryId": "347",
    "businessDomain": "RETAIL_BE",
    "IsPrivateLabel": false,
    "IsBiffe": false,
    "WeightconversionFactor": "0",
    "IsWeightArticle": false,
    "nutriscoreLabel": "C",
    "IsBio": false,
    "CountryOfOrigin": "FRANKRIJK",
    "IsExclusivelySoldInLuxembourg": false,
    "OrderUnit": "P",
    "ShortName": "CERE VITAL.MELKCHOC230G",
    "IsNew": false,
    "EcoscoreLabel": "C",
    "RecentQuanityOfStockUnits": "1",
    "LongName": "CÉRÉAL koek.vitaliteit melkchoc. 4x57,5g",
    "AlcoholVolume": "0",
    "FicCode": "E",
    "EcoscoreValue": "59"
  },
  {
    "productId": "584737",
    "technicalArticleNumber": "4239793",
    "commercialArticleNumber": "19276",
    "name": "mini cakes chocoladevulling",
    "brand": "CÉRÉAL",
    "seoBrand": "Céréal",
    "thumbNail": "https://static.colruytgroup.com/images/200x200/std.lang.all/44/29/asset-3244429.jpg",
    "fullImage": "https://static.colruytgroup.com/images/500x500/std.lang.all/44/29/asset-3244429.jpg",
    "squareImage": "https://static.colruytgroup.com/images/500x500sq/std.lang.all/44/29/asset-3244429.jpg",
    "content": "5x30g",
    "walkRouteSequenceNumber": 2240,
    "price": {
      "basicPrice": 4.09,
      "recommendedQuantity": "1.0",
      "measurementUnitPrice": 27.27,
      "measurementUnit": "K",
      "isRedPrice": false,
      "pricePerUOM": 27.27,
      "activationDate": "14-03-2024",
      "recordSource": "Offline",
      "isPromoActive": "N",
      "priceChangeCode": "E"
    },
    "isAvailable": true,
    "isPriceAvailable": true,
    "inPromo": false,
    "gtin": [
      "05410063037144",
      "05410063037038"
    ],
    "topCategoryName": "Dieetvoeding/Voedingssupplementen",
    "topCategoryId": "347",
    "businessDomain": "RETAIL_BE",
    "IsPrivateLabel": false,
    "IsBiffe": false,
    "WeightconversionFactor": "0",
    "IsWeightArticle": false,
    "nutriscoreLabel": "C",
    "IsBio": false,
    "CountryOfOrigin": "FRANKRIJK",
    "IsExclusivelySoldInLuxembourg": false,
    "OrderUnit": "P",
    "ShortName": "CERE MINI CAK.CH.VUL150",
    "IsNew": false,
    "EcoscoreLabel": "D",
    "RecentQuanityOfStockUnits": "1",
    "LongName": "CÉRÉAL mini cakes chocoladevulling 5x30g",
    "FicCode": "E",
    "EcoscoreValue": "26"
  },
  {
    "productId": "689793",
    "technicalArticleNumber": "4415680",
    "commercialArticleNumber": "14744",
    "name": "choco delight melk",
    "brand": "CÉRÉAL",
    "seoBrand": "Céréal",
    "thumbNail": "https://static.colruytgroup.com/images/200x200/std.lang.all/47/51/asset-3424751.jpg",
    "fullImage": "https://static.colruytgroup.com/images/500x500/std.lang.all/47/51/asset-3424751.jpg",
    "squareImage": "https://static.colruytgroup.com/images/500x500sq/std.lang.all/47/51/asset-3424751.jpg",
    "content": "12x10,5g",
    "walkRouteSequenceNumber": 2233,
    "price": {
      "basicPrice": 3.69,
      "recommendedQuantity": "1.0",
      "measurementUnitPrice": 29.29,
      "measurementUnit": "K",
      "isRedPrice": false,
      "pricePerUOM": 29.29,
      "activationDate": "14-03-2024",
      "recordSource": "Offline",
      "isPromoActive": "N",
      "priceChangeCode": "E"
    },
    "isAvailable": true,
    "isPriceAvailable": true,
    "inPromo": false,
    "gtin": [
      "05410063039261",
      "05410063039278"
    ],
    "topCategoryName": "Dieetvoeding/Voedingssupplementen",
    "topCategoryId": "347",
    "businessDomain": "RETAIL_BE",
    "IsPrivateLabel": false,
    "IsBiffe": false,
    "WeightconversionFactor": "0",
    "IsWeightArticle": false,
    "nutriscoreLabel": "C",
    "IsBio": false,
    "CountryOfOrigin": "FRANKRIJK",
    "IsExclusivelySoldInLuxembourg": false,
    "OrderUnit": "P",
    "ShortName": "CERE CHOC.DELIG.MELK126",
    "IsNew": false,
    "EcoscoreLabel": "C",
    "RecentQuanityOfStockUnits": "1",
    "LongName": "CÉRÉAL choco delight melk 12x10,5g",
    "FicCode": "E",
    "EcoscoreValue": "46"
  },
  {
    "productId": "148685",
    "technicalArticleNumber": "3311942",
    "commercialArticleNumber": "21881",
    "name": "cookies gv lv",
    "description": "*Glutenvrij\n*Lactosevrij\n*Individueel verpakt",
    "brand": "CÉRÉAL",
    "seoBrand": "Céréal",
    "thumbNail": "https://static.colruytgroup.com/images/200x200/std.lang.all/44/23/asset-3244423.jpg",
    "fullImage": "https://static.colruytgroup.com/images/500x500/std.lang.all/44/23/asset-3244423.jpg",
    "squareImage": "https://static.colruytgroup.com/images/500x500sq/std.lang.all/44/23/asset-3244423.jpg",
    "content": "3x50g",
    "walkRouteSequenceNumber": 2253,
    "price": {
      "basicPrice": 4.96,
      "recommendedQuantity": "1.0",
      "measurementUnitPrice": 33.07,
      "measurementUnit": "K",
      "isRedPrice": false,
      "pricePerUOM": 33.07,
      "activationDate": "14-03-2024",
      "recordSource": "Offline",
      "isPromoActive": "N",
      "priceChangeCode": "E"
    },
    "isAvailable": true,
    "isPriceAvailable": true,
    "inPromo": false,
    "gtin": [
      "05410063023956",
      "05410063024083"
    ],
    "topCategoryName": "Dieetvoeding/Voedingssupplementen",
    "topCategoryId": "347",
    "businessDomain": "RETAIL_BE",
    "IsPrivateLabel": false,
    "IsBiffe": false,
    "WeightconversionFactor": "0",
    "IsWeightArticle": false,
    "nutriscoreLabel": "C",
    "IsBio": false,
    "CountryOfOrigin": "FRANKRIJK",
    "IsExclusivelySoldInLuxembourg": false,
    "OrderUnit": "P",
    "ShortName": "CER.GV COOKI.CHOC.150GR",
    "InSeason": true,
    "IsNew": false,
    "EcoscoreLabel": "C",
    "RecentQuanityOfStockUnits": "1",
    "LongName": "CÉRÉAL cookies gv lv 3x50g",
    "AlcoholVolume": "0",
    "StartSeasonDate": "24/11/2016",
    "FicCode": "E",
    "EcoscoreValue": "55"
  },
  {
    "productId": "134447",
    "technicalArticleNumber": "3175113",
    "commercialArticleNumber": "44221",
    "name": "pure chocolade maltitol",
    "description": "*Met zoetstoffen\n*Minstens 58%\ncacaobestanddelen\n*Belgische chocolade",
    "brand": "BONI",
    "seoBrand": "Boni Selection",
    "thumbNail": "https://static.colruytgroup.com/images/200x200/std.lang.all/40/95/asset-2294095.jpg",
    "fullImage": "https://static.colruytgroup.com/images/500x500/std.lang.all/40/95/asset-2294095.jpg",
    "squareImage": "https://static.colruytgroup.com/images/500x500sq/std.lang.all/40/95/asset-2294095.jpg",
    "content": "85g",
    "walkRouteSequenceNumber": 1314,
    "price": {
      "basicPrice": 1.69,
      "recommendedQuantity": "1.0",
      "measurementUnitPrice": 19.89,
      "measurementUnit": "K",
      "isRedPrice": false,
      "pricePerUOM": 19.89,
      "activationDate": "01-02-2024",
      "isPromoActive": "N",
      "priceChangeCode": "H"
    },
    "isAvailable": true,
    "isPriceAvailable": true,
    "inPromo": false,
    "gtin": [
      "05400141057676",
      "05400141193015",
      "05400141415407",
      "15400141415404",
      "25400141415401"
    ],
    "topCategoryName": "Dieetvoeding/Voedingssupplementen",
    "topCategoryId": "347",
    "businessDomain": "RETAIL_BE",
    "IsPrivateLabel": true,
    "IsBiffe": false,
    "WeightconversionFactor": "0",
    "IsWeightArticle": false,
    "nutriscoreLabel": "C",
    "IsBio": false,
    "CountryOfOrigin": "BELGIË",
    "IsExclusivelySoldInLuxembourg": false,
    "OrderUnit": "P",
    "ShortName": "BONI CHOC PUUR SV 85G",
    "InSeason": true,
    "IsNew": false,
    "EcoscoreLabel": "C",
    "RecentQuanityOfStockUnits": "1,12",
    "LongName": "BONI pure chocolade maltitol 85g",
    "AlcoholVolume": "0",
    "StartSeasonDate": "29/07/2020",
    "FicCode": "I",
    "EcoscoreValue": "48"
  },
  {
    "productId": "293286",
    "technicalArticleNumber": "3698881",
    "commercialArticleNumber": "31097",
    "name": "mini cakes chocoladestukjes",
    "description": "* Zonder suiker",
    "brand": "CÉRÉAL",
    "seoBrand": "Céréal",
    "thumbNail": "https://static.colruytgroup.com/images/200x200/std.lang.all/66/30/asset-3236630.jpg",
    "fullImage": "https://static.colruytgroup.com/images/500x500/std.lang.all/66/30/asset-3236630.jpg",
    "squareImage": "https://static.colruytgroup.com/images/500x500sq/std.lang.all/66/30/asset-3236630.jpg",
    "content": "196g",
    "walkRouteSequenceNumber": 2230,
    "price": {
      "basicPrice": 4.55,
      "recommendedQuantity": "1.0",
      "measurementUnitPrice": 23.22,
      "measurementUnit": "K",
      "isRedPrice": false,
      "pricePerUOM": 23.22,
      "activationDate": "14-03-2024",
      "recordSource": "Offline",
      "isPromoActive": "N",
      "priceChangeCode": "E"
    },
    "isAvailable": true,
    "isPriceAvailable": true,
    "inPromo": false,
    "gtin": [
      "05410063033078",
      "05410063033085"
    ],
    "topCategoryName": "Dieetvoeding/Voedingssupplementen",
    "topCategoryId": "347",
    "businessDomain": "RETAIL_BE",
    "IsPrivateLabel": false,
    "IsBiffe": false,
    "WeightconversionFactor": "0",
    "IsWeightArticle": false,
    "nutriscoreLabel": "B",
    "IsBio": false,
    "CountryOfOrigin": "FRANKRIJK",
    "IsExclusivelySoldInLuxembourg": false,
    "OrderUnit": "P",
    "ShortName": "CERE MINI CAKES CHO196G",
    "IsNew": false,
    "EcoscoreLabel": "C",
    "RecentQuanityOfStockUnits": "1",
    "LongName": "CÉRÉAL mini cakes chocoladestukjes 196g",
    "AlcoholVolume": "0",
    "FicCode": "E",
    "EcoscoreValue": "51"
  },
  {
    "productId": "134444",
    "technicalArticleNumber": "3175105",
    "commercialArticleNumber": "44220",
    "name": "melkchocolade maltitol",
    "description": "*Met zoetstoffen\n*Belgische chocolade",
    "brand": "BONI",
    "seoBrand": "Boni Selection",
    "thumbNail": "https://static.colruytgroup.com/images/200x200/std.lang.all/11/63/asset-3361163.jpg",
    "fullImage": "https://static.colruytgroup.com/images/500x500/std.lang.all/11/63/asset-3361163.jpg",
    "squareImage": "https://static.colruytgroup.com/images/500x500sq/std.lang.all/11/63/asset-3361163.jpg",
    "content": "85g",
    "walkRouteSequenceNumber": 1313,
    "price": {
      "basicPrice": 1.69,
      "recommendedQuantity": "1.0",
      "measurementUnitPrice": 19.89,
      "measurementUnit": "K",
      "isRedPrice": false,
      "pricePerUOM": 19.89,
      "activationDate": "01-02-2024",
      "isPromoActive": "N",
      "priceChangeCode": "H"
    },
    "isAvailable": true,
    "isPriceAvailable": true,
    "inPromo": false,
    "gtin": [
      "25400141413377",
      "05400141193886",
      "25400141193880",
      "15400141413370",
      "05400141251944",
      "05400141413373"
    ],
    "topCategoryName": "Dieetvoeding/Voedingssupplementen",
    "topCategoryId": "347",
    "businessDomain": "RETAIL_BE",
    "IsPrivateLabel": true,
    "IsBiffe": false,
    "WeightconversionFactor": "0",
    "IsWeightArticle": false,
    "nutriscoreLabel": "D",
    "IsBio": false,
    "CountryOfOrigin": "BELGIË",
    "IsExclusivelySoldInLuxembourg": false,
    "OrderUnit": "P",
    "ShortName": "BONI CHOC MELK SV 85G",
    "InSeason": true,
    "IsNew": false,
    "EcoscoreLabel": "C",
    "RecentQuanityOfStockUnits": "1,12",
    "LongName": "BONI melkchocolade maltitol 85g",
    "AlcoholVolume": "0",
    "StartSeasonDate": "29/07/2020",
    "FicCode": "I",
    "EcoscoreValue": "56"
  },
  {
    "productId": "16727",
    "technicalArticleNumber": "1434916",
    "commercialArticleNumber": "31586",
    "name": "confituur abrikoos & perzik",
    "description": "*Met zoetstoffen:\nmaltitol\n*50% vruchten",
    "brand": "CÉRÉAL",
    "seoBrand": "Céréal",
    "thumbNail": "https://static.colruytgroup.com/images/200x200/std.lang.all/13/83/asset-3421383.jpg",
    "fullImage": "https://static.colruytgroup.com/images/500x500/std.lang.all/13/83/asset-3421383.jpg",
    "squareImage": "https://static.colruytgroup.com/images/500x500sq/std.lang.all/13/83/asset-3421383.jpg",
    "content": "270g",
    "walkRouteSequenceNumber": 17962,
    "price": {
      "basicPrice": 3.89,
      "recommendedQuantity": "1.0",
      "measurementUnitPrice": 14.41,
      "measurementUnit": "K",
      "isRedPrice": false,
      "pricePerUOM": 14.41,
      "activationDate": "14-03-2024",
      "recordSource": "Offline",
      "isPromoActive": "N",
      "priceChangeCode": "E"
    },
    "isAvailable": true,
    "isPriceAvailable": true,
    "inPromo": false,
    "gtin": [
      "08723700213687",
      "08723700213694",
      "08723700213762",
      "08723700213755"
    ],
    "topCategoryName": "Dieetvoeding/Voedingssupplementen",
    "topCategoryId": "347",
    "businessDomain": "RETAIL_BE",
    "IsPrivateLabel": false,
    "IsBiffe": false,
    "WeightconversionFactor": "0",
    "IsWeightArticle": false,
    "nutriscoreLabel": "B",
    "IsBio": false,
    "CountryOfOrigin": "FRANKRIJK",
    "IsExclusivelySoldInLuxembourg": false,
    "OrderUnit": "P",
    "ShortName": "CERE CON.ABR&PER SV270G",
    "IsNew": false,
    "EcoscoreLabel": "B",
    "RecentQuanityOfStockUnits": "1",
    "LongName": "CÉRÉAL confituur abrikoos & perzik 270g",
    "AlcoholVolume": "0",
    "FicCode": "E",
    "EcoscoreValue": "73"
  },
  {
    "productId": "584745",
    "technicalArticleNumber": "4239801",
    "commercialArticleNumber": "19282",
    "name": "mini cakes aardbeivulling",
    "brand": "CÉRÉAL",
    "seoBrand": "Céréal",
    "thumbNail": "https://static.colruytgroup.com/images/200x200/std.lang.all/66/34/asset-3236634.jpg",
    "fullImage": "https://static.colruytgroup.com/images/500x500/std.lang.all/66/34/asset-3236634.jpg",
    "squareImage": "https://static.colruytgroup.com/images/500x500sq/std.lang.all/66/34/asset-3236634.jpg",
    "content": "6x35g",
    "walkRouteSequenceNumber": 2237,
    "price": {
      "basicPrice": 5.65,
      "recommendedQuantity": "1.0",
      "measurementUnitPrice": 26.91,
      "measurementUnit": "K",
      "isRedPrice": false,
      "pricePerUOM": 26.91,
      "activationDate": "14-03-2024",
      "recordSource": "Offline",
      "isPromoActive": "N",
      "priceChangeCode": "E"
    },
    "isAvailable": true,
    "isPriceAvailable": true,
    "inPromo": false,
    "gtin": [
      "05410063026605",
      "05410063026629"
    ],
    "topCategoryName": "Dieetvoeding/Voedingssupplementen",
    "topCategoryId": "347",
    "businessDomain": "RETAIL_BE",
    "IsPrivateLabel": false,
    "IsBiffe": false,
    "WeightconversionFactor": "0",
    "IsWeightArticle": false,
    "nutriscoreLabel": "C",
    "IsBio": false,
    "CountryOfOrigin": "FRANKRIJK",
    "IsExclusivelySoldInLuxembourg": false,
    "OrderUnit": "P",
    "ShortName": "CERE M.CAK.AARD.V.GV210",
    "IsNew": false,
    "EcoscoreLabel": "C",
    "RecentQuanityOfStockUnits": "1",
    "LongName": "CÉRÉAL mini cakes aardbeivulling 6x35g",
    "FicCode": "E",
    "EcoscoreValue": "56"
  },
  {
    "productId": "272554",
    "technicalArticleNumber": "3627877",
    "commercialArticleNumber": "19187",
    "name": "chocopasta 13%hazeln. sa",
    "brand": "BOERINNEKE",
    "seoBrand": "Boerinneke",
    "thumbNail": "https://static.colruytgroup.com/images/200x200/std.lang.all/04/63/asset-1550463.jpg",
    "fullImage": "https://static.colruytgroup.com/images/500x500/std.lang.all/04/63/asset-1550463.jpg",
    "squareImage": "https://static.colruytgroup.com/images/500x500sq/std.lang.all/04/63/asset-1550463.jpg",
    "content": "400g",
    "walkRouteSequenceNumber": 17624,
    "price": {
      "basicPrice": 8.29,
      "recommendedQuantity": "1.0",
      "measurementUnitPrice": 20.73,
      "measurementUnit": "K",
      "isRedPrice": false,
      "pricePerUOM": 20.73,
      "activationDate": "05-01-2024",
      "recordSource": "Offline",
      "isPromoActive": "N",
      "priceChangeCode": "H"
    },
    "isAvailable": true,
    "isPriceAvailable": true,
    "inPromo": false,
    "gtin": [
      "05411146223782",
      "05411146223775"
    ],
    "topCategoryName": "Dieetvoeding/Voedingssupplementen",
    "topCategoryId": "347",
    "businessDomain": "RETAIL_BE",
    "IsPrivateLabel": false,
    "IsBiffe": false,
    "WeightconversionFactor": "0",
    "IsWeightArticle": false,
    "nutriscoreLabel": "C",
    "IsBio": false,
    "CountryOfOrigin": "BELGIË",
    "IsExclusivelySoldInLuxembourg": false,
    "OrderUnit": "P",
    "ShortName": "BOERIN HAZELPAS.SA 400G",
    "IsNew": false,
    "EcoscoreLabel": "D",
    "RecentQuanityOfStockUnits": "1",
    "LongName": "BOERINNEKE chocopasta 13%hazeln. sa 400g",
    "AlcoholVolume": "0",
    "FicCode": "E",
    "EcoscoreValue": "31"
  },
  {
    "productId": "689796",
    "technicalArticleNumber": "4415683",
    "commercialArticleNumber": "14808",
    "name": "fruity delight framboos",
    "brand": "CÉRÉAL",
    "seoBrand": "Céréal",
    "thumbNail": "https://static.colruytgroup.com/images/200x200/std.lang.all/47/52/asset-3424752.jpg",
    "fullImage": "https://static.colruytgroup.com/images/500x500/std.lang.all/47/52/asset-3424752.jpg",
    "squareImage": "https://static.colruytgroup.com/images/500x500sq/std.lang.all/47/52/asset-3424752.jpg",
    "content": "144g",
    "walkRouteSequenceNumber": 2232,
    "price": {
      "basicPrice": 3.95,
      "recommendedQuantity": "1.0",
      "measurementUnitPrice": 27.44,
      "measurementUnit": "K",
      "isRedPrice": false,
      "pricePerUOM": 27.44,
      "activationDate": "13-03-2024",
      "recordSource": "Offline",
      "isPromoActive": "N",
      "priceChangeCode": "H"
    },
    "isAvailable": true,
    "isPriceAvailable": true,
    "inPromo": false,
    "gtin": [
      "05410063039247",
      "05410063039254"
    ],
    "topCategoryName": "Dieetvoeding/Voedingssupplementen",
    "topCategoryId": "347",
    "businessDomain": "RETAIL_BE",
    "IsPrivateLabel": false,
    "IsBiffe": false,
    "WeightconversionFactor": "0",
    "IsWeightArticle": false,
    "nutriscoreLabel": "C",
    "IsBio": false,
    "CountryOfOrigin": "FRANKRIJK",
    "IsExclusivelySoldInLuxembourg": false,
    "OrderUnit": "P",
    "ShortName": "CERE FR.DELIG.FRAMB144",
    "IsNew": false,
    "EcoscoreLabel": "C",
    "RecentQuanityOfStockUnits": "1",
    "LongName": "CÉRÉAL fruity delight framboos 144g",
    "FicCode": "E",
    "EcoscoreValue": "55"
  },
  {
    "productId": "825183",
    "technicalArticleNumber": "4661807",
    "commercialArticleNumber": "451093",
    "name": "vitamine C bruistablet",
    "brand": "BIOVER",
    "seoBrand": "Biover",
    "thumbNail": "https://static.colruytgroup.com/images/200x200/std.lang.all/93/18/asset-2809318.jpg",
    "fullImage": "https://static.colruytgroup.com/images/500x500/std.lang.all/93/18/asset-2809318.jpg",
    "squareImage": "https://static.colruytgroup.com/images/500x500sq/std.lang.all/93/18/asset-2809318.jpg",
    "content": "20st",
    "walkRouteSequenceNumber": 13754,
    "price": {
      "basicPrice": 1.99,
      "recommendedQuantity": "1.0",
      "measurementUnitPrice": 0.1,
      "measurementUnit": "S",
      "isRedPrice": false,
      "pricePerUOM": 0.1,
      "activationDate": "23-03-2024",
      "recordSource": "Folder",
      "isPromoActive": "N",
      "priceChangeCode": "E"
    },
    "isAvailable": true,
    "isPriceAvailable": true,
    "inPromo": false,
    "gtin": [
      "05412141230140",
      "05412141230294",
      "05412141221964"
    ],
    "topCategoryName": "Dieetvoeding/Voedingssupplementen",
    "topCategoryId": "347",
    "businessDomain": "NON_FOOD",
    "IsPrivateLabel": false,
    "IsBiffe": false,
    "IsWeightArticle": false,
    "RecentQuanityOfStockUnits": "1",
    "LongName": "BIOVER vitamine C bruistablet 20st",
    "IsBio": false,
    "CountryOfOrigin": "DUITSLAND",
    "FicCode": "E",
    "OrderUnit": "P",
    "ShortName": "BIOV VIT.C BRUIS 20ST",
    "IsNew": false
  },
  {
    "productId": "824468",
    "technicalArticleNumber": "4660604",
    "commercialArticleNumber": "451055",
    "name": "multivitamines",
    "brand": "BIOVER",
    "seoBrand": "Biover",
    "thumbNail": "https://static.colruytgroup.com/images/200x200/std.lang.all/60/88/asset-2856088.jpg",
    "fullImage": "https://static.colruytgroup.com/images/500x500/std.lang.all/60/88/asset-2856088.jpg",
    "squareImage": "https://static.colruytgroup.com/images/500x500sq/std.lang.all/60/88/asset-2856088.jpg",
    "content": "30st",
    "walkRouteSequenceNumber": 13750,
    "price": {
      "basicPrice": 6.1,
      "recommendedQuantity": "1.0",
      "measurementUnitPrice": 0.204,
      "measurementUnit": "S",
      "isRedPrice": false,
      "pricePerUOM": 0.204,
      "activationDate": "13-03-2024",
      "recordSource": "Folder",
      "isPromoActive": "N",
      "priceChangeCode": "L"
    },
    "isAvailable": true,
    "isPriceAvailable": true,
    "inPromo": false,
    "gtin": [
      "05412141230393",
      "05412141230089",
      "05412141230232"
    ],
    "topCategoryName": "Dieetvoeding/Voedingssupplementen",
    "topCategoryId": "347",
    "businessDomain": "NON_FOOD",
    "IsPrivateLabel": false,
    "IsBiffe": false,
    "IsWeightArticle": false,
    "RecentQuanityOfStockUnits": "1",
    "LongName": "BIOVER multivitamines 30st",
    "IsBio": false,
    "CountryOfOrigin": "BELGIË",
    "FicCode": "E",
    "OrderUnit": "P",
    "ShortName": "BIOV MULTIVITAMINES 30P",
    "IsNew": false
  },
  {
    "productId": "148692",
    "technicalArticleNumber": "3311956",
    "commercialArticleNumber": "21871",
    "name": "Madeleines gv lv",
    "description": "*Glutenvrij\n*Lactosevrij\n*Individueel verpakt",
    "brand": "CÉRÉAL",
    "seoBrand": "Céréal",
    "thumbNail": "https://static.colruytgroup.com/images/200x200/std.lang.all/66/27/asset-3236627.jpg",
    "fullImage": "https://static.colruytgroup.com/images/500x500/std.lang.all/66/27/asset-3236627.jpg",
    "squareImage": "https://static.colruytgroup.com/images/500x500sq/std.lang.all/66/27/asset-3236627.jpg",
    "content": "6x30g",
    "walkRouteSequenceNumber": 2238,
    "price": {
      "basicPrice": 5.65,
      "recommendedQuantity": "1.0",
      "measurementUnitPrice": 31.39,
      "measurementUnit": "K",
      "isRedPrice": false,
      "pricePerUOM": 31.39,
      "activationDate": "14-03-2024",
      "recordSource": "Offline",
      "isPromoActive": "N",
      "priceChangeCode": "E"
    },
    "isAvailable": true,
    "isPriceAvailable": true,
    "inPromo": false,
    "gtin": [
      "05410063024052",
      "05410063023925"
    ],
    "topCategoryName": "Dieetvoeding/Voedingssupplementen",
    "topCategoryId": "347",
    "businessDomain": "RETAIL_BE",
    "IsPrivateLabel": false,
    "IsBiffe": false,
    "WeightconversionFactor": "0",
    "IsWeightArticle": false,
    "nutriscoreLabel": "C",
    "IsBio": false,
    "CountryOfOrigin": "FRANKRIJK",
    "IsExclusivelySoldInLuxembourg": false,
    "OrderUnit": "P",
    "ShortName": "CER.GV MADELEINES 180GR",
    "InSeason": true,
    "IsNew": false,
    "EcoscoreLabel": "D",
    "RecentQuanityOfStockUnits": "1",
    "LongName": "CÉRÉAL Madeleines gv lv 6x30g",
    "AlcoholVolume": "0",
    "StartSeasonDate": "24/11/2016",
    "FicCode": "E",
    "EcoscoreValue": "39"
  },
  {
    "productId": "16086",
    "technicalArticleNumber": "1466338",
    "commercialArticleNumber": "31006",
    "name": "cakejes suikerarm",
    "description": "*Suikerarm: maltitol",
    "brand": "BONI",
    "seoBrand": "Boni Selection",
    "thumbNail": "https://static.colruytgroup.com/images/200x200/std.lang.all/78/21/asset-3247821.jpg",
    "fullImage": "https://static.colruytgroup.com/images/500x500/std.lang.all/78/21/asset-3247821.jpg",
    "squareImage": "https://static.colruytgroup.com/images/500x500sq/std.lang.all/78/21/asset-3247821.jpg",
    "content": "7x25g",
    "walkRouteSequenceNumber": 2247,
    "price": {
      "basicPrice": 2.99,
      "recommendedQuantity": "1.0",
      "measurementUnitPrice": 17.09,
      "measurementUnit": "K",
      "isRedPrice": false,
      "pricePerUOM": 17.09,
      "activationDate": "14-11-2023",
      "isPromoActive": "N",
      "priceChangeCode": "E"
    },
    "isAvailable": true,
    "isPriceAvailable": true,
    "inPromo": false,
    "gtin": [
      "05400141069631",
      "05400141382761",
      "15400141836223",
      "05400141308075",
      "15400141308072",
      "05400141456820",
      "15400141456827"
    ],
    "topCategoryName": "Dieetvoeding/Voedingssupplementen",
    "topCategoryId": "347",
    "businessDomain": "RETAIL_BE",
    "IsPrivateLabel": true,
    "IsBiffe": false,
    "WeightconversionFactor": "0",
    "IsWeightArticle": false,
    "nutriscoreLabel": "D",
    "IsBio": false,
    "CountryOfOrigin": "BELGIË",
    "IsExclusivelySoldInLuxembourg": false,
    "OrderUnit": "P",
    "ShortName": "BONI CAKE SA 175G",
    "IsNew": false,
    "EcoscoreLabel": "B",
    "RecentQuanityOfStockUnits": "1,1",
    "LongName": "BONI cakejes suikerarm 7x25g",
    "AlcoholVolume": "0",
    "FicCode": "I",
    "EcoscoreValue": "78"
  },
  {
    "productId": "239717",
    "technicalArticleNumber": "3542654",
    "commercialArticleNumber": "50754",
    "name": "aardbeien",
    "brand": "CÉRÉAL GLUCOREGUL",
    "seoBrand": "Céréal Glucoregul",
    "thumbNail": "https://static.colruytgroup.com/images/200x200/std.lang.all/13/90/asset-3421390.jpg",
    "fullImage": "https://static.colruytgroup.com/images/500x500/std.lang.all/13/90/asset-3421390.jpg",
    "squareImage": "https://static.colruytgroup.com/images/500x500sq/std.lang.all/13/90/asset-3421390.jpg",
    "content": "320g",
    "walkRouteSequenceNumber": 17963,
    "price": {
      "basicPrice": 4.69,
      "recommendedQuantity": "1.0",
      "measurementUnitPrice": 14.66,
      "measurementUnit": "K",
      "isRedPrice": false,
      "pricePerUOM": 14.66,
      "activationDate": "14-03-2024",
      "recordSource": "Offline",
      "isPromoActive": "N",
      "priceChangeCode": "E"
    },
    "isAvailable": true,
    "isPriceAvailable": true,
    "inPromo": false,
    "gtin": [
      "05410063001190",
      "05410063001183"
    ],
    "topCategoryName": "Dieetvoeding/Voedingssupplementen",
    "topCategoryId": "347",
    "businessDomain": "RETAIL_BE",
    "IsPrivateLabel": false,
    "IsBiffe": false,
    "WeightconversionFactor": "0",
    "IsWeightArticle": false,
    "nutriscoreLabel": "A",
    "IsBio": false,
    "CountryOfOrigin": "NEDERLAND",
    "IsExclusivelySoldInLuxembourg": false,
    "OrderUnit": "P",
    "ShortName": "CERE GLUCOR.CON.AARD320",
    "IsNew": false,
    "EcoscoreLabel": "B",
    "RecentQuanityOfStockUnits": "1",
    "LongName": "CÉRÉAL GLUCOREGUL aardbeien 320g",
    "AlcoholVolume": "0",
    "FicCode": "E",
    "EcoscoreValue": "73"
  },
  {
    "productId": "824710",
    "technicalArticleNumber": "4661201",
    "commercialArticleNumber": "451071",
    "name": "magnesium forte",
    "brand": "BIOVER",
    "seoBrand": "Biover",
    "thumbNail": "https://static.colruytgroup.com/images/200x200/std.lang.all/58/49/asset-3405849.jpg",
    "fullImage": "https://static.colruytgroup.com/images/500x500/std.lang.all/58/49/asset-3405849.jpg",
    "squareImage": "https://static.colruytgroup.com/images/500x500sq/std.lang.all/58/49/asset-3405849.jpg",
    "content": "45st",
    "walkRouteSequenceNumber": 13833,
    "price": {
      "basicPrice": 6.5,
      "recommendedQuantity": "1.0",
      "measurementUnitPrice": 0.145,
      "measurementUnit": "S",
      "isRedPrice": false,
      "pricePerUOM": 0.145,
      "activationDate": "13-03-2024",
      "recordSource": "Folder",
      "isPromoActive": "N",
      "priceChangeCode": "L"
    },
    "isAvailable": true,
    "isPriceAvailable": true,
    "inPromo": false,
    "gtin": [
      "05412141230409",
      "05412141230096",
      "05412141212498",
      "05412141230249"
    ],
    "topCategoryName": "Dieetvoeding/Voedingssupplementen",
    "topCategoryId": "347",
    "businessDomain": "NON_FOOD",
    "IsPrivateLabel": false,
    "IsBiffe": false,
    "IsWeightArticle": false,
    "RecentQuanityOfStockUnits": "1",
    "LongName": "BIOVER magnesium forte 45st",
    "IsBio": false,
    "CountryOfOrigin": "BELGIË",
    "FicCode": "E",
    "OrderUnit": "P",
    "ShortName": "BIOV MAGNESIUM FORT.45P",
    "IsNew": false
  },
  {
    "productId": "825202",
    "technicalArticleNumber": "4661876",
    "commercialArticleNumber": "451098",
    "name": "multivitamine + bruistablet",
    "brand": "BIOVER",
    "seoBrand": "Biover",
    "thumbNail": "https://static.colruytgroup.com/images/200x200/std.lang.all/08/02/asset-1020802.jpg",
    "fullImage": "https://static.colruytgroup.com/images/500x500/std.lang.all/08/02/asset-1020802.jpg",
    "squareImage": "https://static.colruytgroup.com/images/500x500sq/std.lang.all/08/02/asset-1020802.jpg",
    "content": "20st",
    "walkRouteSequenceNumber": 13753,
    "price": {
      "basicPrice": 1.99,
      "recommendedQuantity": "1.0",
      "measurementUnitPrice": 0.1,
      "measurementUnit": "S",
      "isRedPrice": false,
      "pricePerUOM": 0.1,
      "activationDate": "23-03-2024",
      "recordSource": "Folder",
      "isPromoActive": "N",
      "priceChangeCode": "E"
    },
    "isAvailable": true,
    "isPriceAvailable": true,
    "inPromo": false,
    "gtin": [
      "05412141226457",
      "05412141226105",
      "05412141226112"
    ],
    "topCategoryName": "Dieetvoeding/Voedingssupplementen",
    "topCategoryId": "347",
    "businessDomain": "NON_FOOD",
    "IsPrivateLabel": false,
    "IsBiffe": false,
    "IsWeightArticle": false,
    "RecentQuanityOfStockUnits": "1",
    "LongName": "BIOVER multivitamine + bruistablet 20st",
    "IsBio": false,
    "CountryOfOrigin": "DUITSLAND",
    "FicCode": "E",
    "OrderUnit": "P",
    "ShortName": "BIOV.MULTIVITAMINE+ 20P",
    "IsNew": false
  },
  {
    "productId": "829003",
    "technicalArticleNumber": "4667896",
    "commercialArticleNumber": "451103",
    "name": "vlierbessensiroop FT",
    "brand": "'T VLIERBOS",
    "seoBrand": "'t Vlierbos",
    "thumbNail": "https://static.colruytgroup.com/images/200x200/std.lang.all/17/35/asset-3361735.jpg",
    "fullImage": "https://static.colruytgroup.com/images/500x500/std.lang.all/17/35/asset-3361735.jpg",
    "squareImage": "https://static.colruytgroup.com/images/500x500sq/std.lang.all/17/35/asset-3361735.jpg",
    "content": "200ml",
    "walkRouteSequenceNumber": 13651,
    "price": {
      "basicPrice": 3.19,
      "recommendedQuantity": "1.0",
      "measurementUnitPrice": 15.95,
      "measurementUnit": "L",
      "isRedPrice": false,
      "pricePerUOM": 15.95,
      "activationDate": "09-11-2022",
      "isPromoActive": "N",
      "priceChangeCode": "E"
    },
    "isAvailable": true,
    "isPriceAvailable": true,
    "inPromo": false,
    "gtin": [
      "05425008133751",
      "05425008132143"
    ],
    "topCategoryName": "Dieetvoeding/Voedingssupplementen",
    "topCategoryId": "347",
    "businessDomain": "NON_FOOD",
    "IsPrivateLabel": false,
    "IsBiffe": false,
    "IsWeightArticle": false,
    "RecentQuanityOfStockUnits": "1",
    "LongName": "'T VLIERBOS vlierbessensiroop FT 200ml",
    "IsBio": false,
    "CountryOfOrigin": "BELGIË",
    "FicCode": "E",
    "OrderUnit": "P",
    "ShortName": "VLIERB.BIO VLIERB.SI200",
    "IsNew": false
  },
  {
    "productId": "608100",
    "technicalArticleNumber": "4279377",
    "commercialArticleNumber": "5494",
    "name": "chocolade 70% puur sv",
    "brand": "SWEET SWITCH",
    "seoBrand": "Sweet-Switch",
    "thumbNail": "https://static.colruytgroup.com/images/200x200/std.lang.all/19/76/asset-2271976.jpg",
    "fullImage": "https://static.colruytgroup.com/images/500x500/std.lang.all/19/76/asset-2271976.jpg",
    "squareImage": "https://static.colruytgroup.com/images/500x500sq/std.lang.all/19/76/asset-2271976.jpg",
    "content": "100g",
    "walkRouteSequenceNumber": 1316,
    "price": {
      "basicPrice": 3.39,
      "recommendedQuantity": "1.0",
      "measurementUnitPrice": 33.9,
      "measurementUnit": "K",
      "isRedPrice": false,
      "pricePerUOM": 33.9,
      "activationDate": "14-03-2024",
      "recordSource": "Offline",
      "isPromoActive": "N",
      "priceChangeCode": "E"
    },
    "isAvailable": true,
    "isPriceAvailable": true,
    "inPromo": false,
    "gtin": [
      "05425032430963",
      "05425032430970"
    ],
    "topCategoryName": "Dieetvoeding/Voedingssupplementen",
    "topCategoryId": "347",
    "businessDomain": "RETAIL_BE",
    "IsPrivateLabel": false,
    "IsBiffe": false,
    "WeightconversionFactor": "0",
    "IsWeightArticle": false,
    "nutriscoreLabel": "C",
    "IsBio": false,
    "CountryOfOrigin": "BELGIË",
    "IsExclusivelySoldInLuxembourg": false,
    "OrderUnit": "P",
    "ShortName": "SWSW 70% PUUR 100G",
    "IsNew": false,
    "EcoscoreLabel": "E",
    "RecentQuanityOfStockUnits": "1",
    "LongName": "SWEET SWITCH chocolade 70% puur sv 100g",
    "FicCode": "E",
    "EcoscoreValue": "15"
  },
  {
    "productId": "822862",
    "technicalArticleNumber": "4657996",
    "commercialArticleNumber": "451000",
    "name": "magnesium tabletten",
    "brand": "BONI",
    "seoBrand": "Boni Selection",
    "thumbNail": "https://static.colruytgroup.com/images/200x200/std.lang.all/77/95/asset-2857795.jpg",
    "fullImage": "https://static.colruytgroup.com/images/500x500/std.lang.all/77/95/asset-2857795.jpg",
    "squareImage": "https://static.colruytgroup.com/images/500x500sq/std.lang.all/77/95/asset-2857795.jpg",
    "content": "60st",
    "walkRouteSequenceNumber": 13841,
    "price": {
      "basicPrice": 7.39,
      "recommendedQuantity": "1.0",
      "measurementUnitPrice": 0.124,
      "measurementUnit": "S",
      "isRedPrice": false,
      "pricePerUOM": 0.124,
      "activationDate": "14-11-2022",
      "isPromoActive": "N",
      "priceChangeCode": "E"
    },
    "isAvailable": true,
    "isPriceAvailable": true,
    "inPromo": false,
    "gtin": [
      "05400141605020",
      "15400141605027",
      "05400141150797"
    ],
    "topCategoryName": "Dieetvoeding/Voedingssupplementen",
    "topCategoryId": "347",
    "businessDomain": "NON_FOOD",
    "IsPrivateLabel": true,
    "IsBiffe": false,
    "IsWeightArticle": false,
    "RecentQuanityOfStockUnits": "1",
    "LongName": "BONI magnesium tabletten 60st",
    "IsBio": false,
    "CountryOfOrigin": "BELGIË",
    "FicCode": "I",
    "OrderUnit": "P",
    "ShortName": "BONI MAGNESIUM 60ST",
    "IsNew": false
  },
  {
    "productId": "824486",
    "technicalArticleNumber": "4660622",
    "commercialArticleNumber": "451060",
    "name": "energie bruistablet",
    "brand": "BIOVER",
    "seoBrand": "Biover",
    "thumbNail": "https://static.colruytgroup.com/images/200x200/std.lang.all/66/07/asset-2406607.jpg",
    "fullImage": "https://static.colruytgroup.com/images/500x500/std.lang.all/66/07/asset-2406607.jpg",
    "squareImage": "https://static.colruytgroup.com/images/500x500sq/std.lang.all/66/07/asset-2406607.jpg",
    "content": "20st",
    "walkRouteSequenceNumber": 13751,
    "price": {
      "basicPrice": 2.14,
      "recommendedQuantity": "1.0",
      "measurementUnitPrice": 0.107,
      "measurementUnit": "S",
      "isRedPrice": false,
      "pricePerUOM": 0.107,
      "activationDate": "23-03-2024",
      "recordSource": "Folder",
      "isPromoActive": "N",
      "priceChangeCode": "E"
    },
    "isAvailable": true,
    "isPriceAvailable": true,
    "inPromo": false,
    "gtin": [
      "05412141229588",
      "05412141229595"
    ],
    "topCategoryName": "Dieetvoeding/Voedingssupplementen",
    "topCategoryId": "347",
    "businessDomain": "NON_FOOD",
    "IsPrivateLabel": false,
    "IsBiffe": false,
    "IsWeightArticle": false,
    "RecentQuanityOfStockUnits": "1",
    "LongName": "BIOVER energie bruistablet 20st",
    "IsBio": false,
    "CountryOfOrigin": "BELGIË",
    "FicCode": "E",
    "OrderUnit": "P",
    "ShortName": "BIOV ENERGIE BRUIS 20ST",
    "IsNew": false
  },
  {
    "productId": "608114",
    "technicalArticleNumber": "4279391",
    "commercialArticleNumber": "5803",
    "name": "puur amandel zeezout",
    "brand": "SWEET SWITCH",
    "seoBrand": "Sweet-Switch",
    "thumbNail": "https://static.colruytgroup.com/images/200x200/std.lang.all/24/10/asset-2272410.jpg",
    "fullImage": "https://static.colruytgroup.com/images/500x500/std.lang.all/24/10/asset-2272410.jpg",
    "squareImage": "https://static.colruytgroup.com/images/500x500sq/std.lang.all/24/10/asset-2272410.jpg",
    "content": "100g",
    "walkRouteSequenceNumber": 1317,
    "price": {
      "basicPrice": 4.09,
      "recommendedQuantity": "1.0",
      "measurementUnitPrice": 40.9,
      "measurementUnit": "K",
      "isRedPrice": false,
      "pricePerUOM": 40.9,
      "activationDate": "14-03-2024",
      "recordSource": "Offline",
      "isPromoActive": "N",
      "priceChangeCode": "E"
    },
    "isAvailable": true,
    "isPriceAvailable": true,
    "inPromo": false,
    "gtin": [
      "05425032431748",
      "05425032431731"
    ],
    "topCategoryName": "Dieetvoeding/Voedingssupplementen",
    "topCategoryId": "347",
    "businessDomain": "RETAIL_BE",
    "IsPrivateLabel": false,
    "IsBiffe": false,
    "WeightconversionFactor": "0",
    "IsWeightArticle": false,
    "nutriscoreLabel": "D",
    "IsBio": false,
    "CountryOfOrigin": "BELGIË",
    "IsExclusivelySoldInLuxembourg": false,
    "OrderUnit": "P",
    "ShortName": "SWSW PUUR AMAN.ZEEZO100",
    "IsNew": false,
    "EcoscoreLabel": "E",
    "RecentQuanityOfStockUnits": "1",
    "LongName": "SWEET SWITCH puur amandel zeezout 100g",
    "FicCode": "E",
    "EcoscoreValue": "15"
  },
  {
    "productId": "823580",
    "technicalArticleNumber": "4659174",
    "commercialArticleNumber": "451013",
    "name": "maiswafels ui-bieslook",
    "brand": "GERLINÉA",
    "seoBrand": "Gerlinéa",
    "thumbNail": "https://static.colruytgroup.com/images/200x200/std.lang.all/21/73/asset-2172173.jpg",
    "fullImage": "https://static.colruytgroup.com/images/500x500/std.lang.all/21/73/asset-2172173.jpg",
    "squareImage": "https://static.colruytgroup.com/images/500x500sq/std.lang.all/21/73/asset-2172173.jpg",
    "content": "12st",
    "walkRouteSequenceNumber": 13529,
    "price": {
      "basicPrice": 2.3,
      "recommendedQuantity": "1.0",
      "measurementUnitPrice": 0.192,
      "measurementUnit": "S",
      "isRedPrice": false,
      "pricePerUOM": 0.192,
      "activationDate": "28-02-2024",
      "recordSource": "Offline",
      "isPromoActive": "N",
      "priceChangeCode": "E"
    },
    "isAvailable": true,
    "isPriceAvailable": true,
    "inPromo": false,
    "gtin": [
      "05410063038431",
      "05410063038424"
    ],
    "topCategoryName": "Dieetvoeding/Voedingssupplementen",
    "topCategoryId": "347",
    "businessDomain": "NON_FOOD",
    "IsPrivateLabel": false,
    "IsBiffe": false,
    "IsWeightArticle": false,
    "RecentQuanityOfStockUnits": "1",
    "LongName": "GERLINÉA maiswafels ui-bieslook 12st",
    "IsBio": false,
    "CountryOfOrigin": "SPANJE",
    "FicCode": "E",
    "OrderUnit": "P",
    "ShortName": "GERL MAISW.UI-BIESL 12P",
    "IsNew": false
  },
  {
    "productId": "824797",
    "technicalArticleNumber": "4661370",
    "commercialArticleNumber": "451079",
    "name": "vitamine D3",
    "brand": "BIOVER",
    "seoBrand": "Biover",
    "thumbNail": "https://static.colruytgroup.com/images/200x200/std.lang.all/92/62/asset-2809262.jpg",
    "fullImage": "https://static.colruytgroup.com/images/500x500/std.lang.all/92/62/asset-2809262.jpg",
    "squareImage": "https://static.colruytgroup.com/images/500x500sq/std.lang.all/92/62/asset-2809262.jpg",
    "content": "30st",
    "walkRouteSequenceNumber": 13779,
    "price": {
      "basicPrice": 7.69,
      "recommendedQuantity": "1.0",
      "measurementUnitPrice": 0.257,
      "measurementUnit": "S",
      "isRedPrice": false,
      "pricePerUOM": 0.257,
      "activationDate": "14-03-2024",
      "recordSource": "Offline",
      "isPromoActive": "N",
      "priceChangeCode": "E"
    },
    "isAvailable": true,
    "isPriceAvailable": true,
    "inPromo": false,
    "gtin": [
      "05412141230263",
      "05412141230119",
      "05412141230423"
    ],
    "topCategoryName": "Dieetvoeding/Voedingssupplementen",
    "topCategoryId": "347",
    "businessDomain": "NON_FOOD",
    "IsPrivateLabel": false,
    "IsBiffe": false,
    "IsWeightArticle": false,
    "RecentQuanityOfStockUnits": "1",
    "LongName": "BIOVER vitamine D3 30st",
    "IsBio": false,
    "CountryOfOrigin": "BELGIË",
    "FicCode": "E",
    "OrderUnit": "P",
    "ShortName": "BIOV VITAMINE D3 30ST",
    "IsNew": false
  },
  {
    "productId": "824173",
    "technicalArticleNumber": "4660119",
    "commercialArticleNumber": "451051",
    "name": "triple magnesium",
    "brand": "BIOVER",
    "seoBrand": "Biover",
    "thumbNail": "https://static.colruytgroup.com/images/200x200/std.lang.all/13/63/asset-2831363.jpg",
    "fullImage": "https://static.colruytgroup.com/images/500x500/std.lang.all/13/63/asset-2831363.jpg",
    "squareImage": "https://static.colruytgroup.com/images/500x500sq/std.lang.all/13/63/asset-2831363.jpg",
    "content": "30st",
    "walkRouteSequenceNumber": 13832,
    "price": {
      "basicPrice": 10.12,
      "recommendedQuantity": "1.0",
      "measurementUnitPrice": 0.338,
      "measurementUnit": "S",
      "isRedPrice": false,
      "pricePerUOM": 0.338,
      "activationDate": "13-03-2024",
      "recordSource": "Folder",
      "isPromoActive": "N",
      "priceChangeCode": "L"
    },
    "isAvailable": true,
    "isPriceAvailable": true,
    "inPromo": false,
    "gtin": [
      "05412141230317",
      "05412141230164",
      "05412141228772"
    ],
    "topCategoryName": "Dieetvoeding/Voedingssupplementen",
    "topCategoryId": "347",
    "businessDomain": "NON_FOOD",
    "IsPrivateLabel": false,
    "IsBiffe": false,
    "IsWeightArticle": false,
    "RecentQuanityOfStockUnits": "1",
    "LongName": "BIOVER triple magnesium 30st",
    "IsBio": false,
    "CountryOfOrigin": "ITALIË",
    "FicCode": "E",
    "OrderUnit": "P",
    "ShortName": "BIOV TRI.MAGNESIUM 30ST",
    "IsNew": false
  },
  {
    "productId": "824497",
    "technicalArticleNumber": "4660633",
    "commercialArticleNumber": "451062",
    "name": "Eucalyptus keelpastilles",
    "description": "*Verzacht de keel",
    "brand": "BIOVER",
    "seoBrand": "Biover",
    "thumbNail": "https://static.colruytgroup.com/images/200x200/std.lang.all/23/51/asset-2672351.jpg",
    "fullImage": "https://static.colruytgroup.com/images/500x500/std.lang.all/23/51/asset-2672351.jpg",
    "squareImage": "https://static.colruytgroup.com/images/500x500sq/std.lang.all/23/51/asset-2672351.jpg",
    "content": "45g",
    "walkRouteSequenceNumber": 13683,
    "price": {
      "basicPrice": 6.99,
      "recommendedQuantity": "1.0",
      "measurementUnitPrice": 155.34,
      "measurementUnit": "K",
      "isRedPrice": false,
      "pricePerUOM": 155.34,
      "activationDate": "30-01-2024",
      "recordSource": "Offline",
      "isPromoActive": "N",
      "priceChangeCode": "E"
    },
    "isAvailable": true,
    "isPriceAvailable": true,
    "inPromo": false,
    "gtin": [
      "05412141224521",
      "05412141224507",
      "05412141224514"
    ],
    "topCategoryName": "Dieetvoeding/Voedingssupplementen",
    "topCategoryId": "347",
    "businessDomain": "NON_FOOD",
    "IsPrivateLabel": false,
    "IsBiffe": false,
    "IsWeightArticle": false,
    "RecentQuanityOfStockUnits": "1",
    "LongName": "BIOVER Eucalyptus keelpastilles 45g",
    "IsBio": false,
    "AlcoholVolume": "0",
    "CountryOfOrigin": "FRANKRIJK",
    "FicCode": "E",
    "OrderUnit": "P",
    "ShortName": "BIOV EUCALYPT.PAST. 45G",
    "IsNew": false
  },
  {
    "productId": "823883",
    "technicalArticleNumber": "4659293",
    "commercialArticleNumber": "451036",
    "name": "afslank Shake vanille",
    "brand": "GERLINÉA",
    "seoBrand": "Gerlinéa",
    "thumbNail": "https://static.colruytgroup.com/images/200x200/std.lang.all/00/81/asset-3030081.jpg",
    "fullImage": "https://static.colruytgroup.com/images/500x500/std.lang.all/00/81/asset-3030081.jpg",
    "squareImage": "https://static.colruytgroup.com/images/500x500sq/std.lang.all/00/81/asset-3030081.jpg",
    "content": "436g",
    "walkRouteSequenceNumber": 13541,
    "price": {
      "basicPrice": 16.39,
      "recommendedQuantity": "1.0",
      "measurementUnitPrice": 37.6,
      "measurementUnit": "K",
      "isRedPrice": false,
      "pricePerUOM": 37.6,
      "activationDate": "09-03-2024",
      "recordSource": "Offline",
      "isPromoActive": "N",
      "priceChangeCode": "H"
    },
    "isAvailable": true,
    "isPriceAvailable": true,
    "inPromo": false,
    "gtin": [
      "05410063030657",
      "05410063030688"
    ],
    "topCategoryName": "Dieetvoeding/Voedingssupplementen",
    "topCategoryId": "347",
    "businessDomain": "NON_FOOD",
    "IsPrivateLabel": false,
    "IsBiffe": false,
    "IsWeightArticle": false,
    "RecentQuanityOfStockUnits": "1",
    "LongName": "GERLINÉA afslank Shake vanille 436g",
    "IsBio": false,
    "AlcoholVolume": "0",
    "CountryOfOrigin": "FRANKRIJK",
    "FicCode": "E",
    "OrderUnit": "P",
    "ShortName": "GERL SHAKE VANILLE 436G",
    "IsNew": false
  },
  {
    "productId": "824174",
    "technicalArticleNumber": "4660120",
    "commercialArticleNumber": "451052",
    "name": "vitamine C + zink",
    "description": "*Weerstand",
    "brand": "BIOVER",
    "seoBrand": "Biover",
    "thumbNail": "https://static.colruytgroup.com/images/200x200/nl_be/13/54/asset-2831354.jpg",
    "fullImage": "https://static.colruytgroup.com/images/500x500/nl_be/13/54/asset-2831354.jpg",
    "squareImage": "https://static.colruytgroup.com/images/500x500sq/nl_be/13/54/asset-2831354.jpg",
    "content": "60st",
    "walkRouteSequenceNumber": 13769,
    "price": {
      "basicPrice": 6.63,
      "recommendedQuantity": "1.0",
      "measurementUnitPrice": 0.111,
      "measurementUnit": "S",
      "isRedPrice": false,
      "pricePerUOM": 0.111,
      "activationDate": "13-03-2024",
      "recordSource": "Folder",
      "isPromoActive": "N",
      "priceChangeCode": "L"
    },
    "isAvailable": true,
    "isPriceAvailable": true,
    "inPromo": false,
    "gtin": [
      "05412141230430",
      "05412141230126"
    ],
    "topCategoryName": "Dieetvoeding/Voedingssupplementen",
    "topCategoryId": "347",
    "businessDomain": "NON_FOOD",
    "IsPrivateLabel": false,
    "IsBiffe": false,
    "IsWeightArticle": false,
    "RecentQuanityOfStockUnits": "1",
    "LongName": "BIOVER vitamine C + zink 60st",
    "IsBio": false,
    "CountryOfOrigin": "DUITSLAND",
    "FicCode": "E",
    "OrderUnit": "P",
    "ShortName": "BIOV VIT.C + ZINK 60ST",
    "IsNew": false
  },
  {
    "productId": "822871",
    "technicalArticleNumber": "4658010",
    "commercialArticleNumber": "451001",
    "name": "Omega 3 capsules",
    "brand": "BONI",
    "seoBrand": "Boni Selection",
    "thumbNail": "https://static.colruytgroup.com/images/200x200/nl_be/41/59/asset-2064159.jpg",
    "fullImage": "https://static.colruytgroup.com/images/500x500/nl_be/41/59/asset-2064159.jpg",
    "squareImage": "https://static.colruytgroup.com/images/500x500sq/nl_be/41/59/asset-2064159.jpg",
    "content": "60st",
    "walkRouteSequenceNumber": 13816,
    "price": {
      "basicPrice": 5.39,
      "recommendedQuantity": "1.0",
      "measurementUnitPrice": 0.09,
      "measurementUnit": "S",
      "isRedPrice": false,
      "pricePerUOM": 0.09,
      "activationDate": "23-03-2024",
      "recordSource": "Folder",
      "isPromoActive": "N",
      "priceChangeCode": "E"
    },
    "isAvailable": true,
    "isPriceAvailable": true,
    "inPromo": false,
    "gtin": [
      "05400141150773",
      "15400141150770",
      "05400141806458"
    ],
    "topCategoryName": "Dieetvoeding/Voedingssupplementen",
    "topCategoryId": "347",
    "businessDomain": "NON_FOOD",
    "IsPrivateLabel": true,
    "IsBiffe": false,
    "IsWeightArticle": false,
    "RecentQuanityOfStockUnits": "1,1",
    "LongName": "BONI Omega 3 capsules 60st",
    "IsBio": false,
    "CountryOfOrigin": "BELGIË",
    "FicCode": "I",
    "OrderUnit": "P",
    "ShortName": "BONI OMEGA 3 60ST",
    "IsNew": false
  },
  {
    "productId": "608123",
    "technicalArticleNumber": "4279400",
    "commercialArticleNumber": "5840",
    "name": "melkchoc.gez.karamel",
    "brand": "SWEET-SWITCH",
    "seoBrand": "Sweet-Switch",
    "thumbNail": "https://static.colruytgroup.com/images/200x200/std.lang.all/19/77/asset-2271977.jpg",
    "fullImage": "https://static.colruytgroup.com/images/500x500/std.lang.all/19/77/asset-2271977.jpg",
    "squareImage": "https://static.colruytgroup.com/images/500x500sq/std.lang.all/19/77/asset-2271977.jpg",
    "content": "100g",
    "walkRouteSequenceNumber": 1315,
    "price": {
      "basicPrice": 3.95,
      "recommendedQuantity": "1.0",
      "measurementUnitPrice": 39.5,
      "measurementUnit": "K",
      "isRedPrice": false,
      "pricePerUOM": 39.5,
      "activationDate": "01-03-2024",
      "recordSource": "Offline",
      "isPromoActive": "N",
      "priceChangeCode": "H"
    },
    "isAvailable": true,
    "isPriceAvailable": true,
    "inPromo": false,
    "gtin": [
      "05425032431335",
      "05425032431342"
    ],
    "topCategoryName": "Dieetvoeding/Voedingssupplementen",
    "topCategoryId": "347",
    "businessDomain": "RETAIL_BE",
    "IsPrivateLabel": false,
    "IsBiffe": false,
    "WeightconversionFactor": "0",
    "IsWeightArticle": false,
    "nutriscoreLabel": "D",
    "IsBio": false,
    "CountryOfOrigin": "BELGIË",
    "IsExclusivelySoldInLuxembourg": false,
    "OrderUnit": "P",
    "ShortName": "SWSW MELKCHO.GEZ.KAR100",
    "IsNew": false,
    "EcoscoreLabel": "E",
    "RecentQuanityOfStockUnits": "1",
    "LongName": "SWEET-SWITCH melkchoc.gez.karamel 100g",
    "FicCode": "E",
    "EcoscoreValue": "18"
  },
  {
    "productId": "824749",
    "technicalArticleNumber": "4661309",
    "commercialArticleNumber": "451077",
    "name": "omega 3 visolie",
    "brand": "BIOVER",
    "seoBrand": "Biover",
    "thumbNail": "https://static.colruytgroup.com/images/200x200/std.lang.all/93/66/asset-2809366.jpg",
    "fullImage": "https://static.colruytgroup.com/images/500x500/std.lang.all/93/66/asset-2809366.jpg",
    "squareImage": "https://static.colruytgroup.com/images/500x500sq/std.lang.all/93/66/asset-2809366.jpg",
    "content": "60st",
    "walkRouteSequenceNumber": 13817,
    "price": {
      "basicPrice": 8.23,
      "recommendedQuantity": "1.0",
      "measurementUnitPrice": 0.138,
      "measurementUnit": "S",
      "isRedPrice": false,
      "pricePerUOM": 0.138,
      "activationDate": "13-03-2024",
      "recordSource": "Folder",
      "isPromoActive": "N",
      "priceChangeCode": "L"
    },
    "isAvailable": true,
    "isPriceAvailable": true,
    "inPromo": false,
    "gtin": [
      "05412141230416",
      "05412141230256",
      "05412141230102"
    ],
    "topCategoryName": "Dieetvoeding/Voedingssupplementen",
    "topCategoryId": "347",
    "businessDomain": "NON_FOOD",
    "IsPrivateLabel": false,
    "IsBiffe": false,
    "IsWeightArticle": false,
    "RecentQuanityOfStockUnits": "1",
    "LongName": "BIOVER omega 3 visolie 60st",
    "IsBio": false,
    "CountryOfOrigin": "BELGIË",
    "FicCode": "E",
    "OrderUnit": "P",
    "ShortName": "BIOV OMEGA3 VISOLIE 60P",
    "IsNew": false
  },
  {
    "productId": "823884",
    "technicalArticleNumber": "4659294",
    "commercialArticleNumber": "451037",
    "name": "afslank Shake chocolade",
    "brand": "GERLINÉA",
    "seoBrand": "Gerlinéa",
    "thumbNail": "https://static.colruytgroup.com/images/200x200/std.lang.all/82/28/asset-3178228.jpg",
    "fullImage": "https://static.colruytgroup.com/images/500x500/std.lang.all/82/28/asset-3178228.jpg",
    "squareImage": "https://static.colruytgroup.com/images/500x500sq/std.lang.all/82/28/asset-3178228.jpg",
    "content": "436g",
    "walkRouteSequenceNumber": 13540,
    "price": {
      "basicPrice": 13.88,
      "recommendedQuantity": "1.0",
      "measurementUnitPrice": 31.84,
      "measurementUnit": "K",
      "isRedPrice": false,
      "pricePerUOM": 31.84,
      "activationDate": "22-03-2024",
      "recordSource": "Offline",
      "isPromoActive": "N",
      "priceChangeCode": "L"
    },
    "isAvailable": true,
    "isPriceAvailable": true,
    "inPromo": false,
    "gtin": [
      "05410063030671",
      "05410063030640"
    ],
    "topCategoryName": "Dieetvoeding/Voedingssupplementen",
    "topCategoryId": "347",
    "businessDomain": "NON_FOOD",
    "IsPrivateLabel": false,
    "IsBiffe": false,
    "IsWeightArticle": false,
    "RecentQuanityOfStockUnits": "1",
    "LongName": "GERLINÉA afslank Shake chocolade 436g",
    "IsBio": false,
    "AlcoholVolume": "0",
    "CountryOfOrigin": "FRANKRIJK",
    "FicCode": "E",
    "OrderUnit": "P",
    "ShortName": "GERL SHAKE CHOC 436G",
    "IsNew": false
  },
  {
    "productId": "825111",
    "technicalArticleNumber": "4661728",
    "commercialArticleNumber": "451086",
    "name": "dennensiroop",
    "brand": "BIOVER",
    "seoBrand": "Biover",
    "thumbNail": "https://static.colruytgroup.com/images/200x200/std.lang.all/60/57/asset-3326057.jpg",
    "fullImage": "https://static.colruytgroup.com/images/500x500/std.lang.all/60/57/asset-3326057.jpg",
    "squareImage": "https://static.colruytgroup.com/images/500x500sq/std.lang.all/60/57/asset-3326057.jpg",
    "content": "150ml",
    "walkRouteSequenceNumber": 13640,
    "price": {
      "basicPrice": 10.49,
      "recommendedQuantity": "1.0",
      "measurementUnitPrice": 69.94,
      "measurementUnit": "L",
      "isRedPrice": false,
      "pricePerUOM": 69.94,
      "activationDate": "02-03-2024",
      "recordSource": "Offline",
      "isPromoActive": "N",
      "priceChangeCode": "H"
    },
    "isAvailable": true,
    "isPriceAvailable": true,
    "inPromo": false,
    "gtin": [
      "05412141227379",
      "05412141227485",
      "05412141227478"
    ],
    "topCategoryName": "Dieetvoeding/Voedingssupplementen",
    "topCategoryId": "347",
    "businessDomain": "NON_FOOD",
    "IsPrivateLabel": false,
    "IsBiffe": false,
    "IsWeightArticle": false,
    "RecentQuanityOfStockUnits": "1",
    "LongName": "BIOVER dennensiroop 150ml",
    "IsBio": true,
    "AlcoholVolume": "0",
    "CountryOfOrigin": "BELGIË",
    "FicCode": "E",
    "OrderUnit": "P",
    "ShortName": "BIOV.DENNENSIROOP 150ML",
    "IsNew": false
  },
  {
    "productId": "823610",
    "technicalArticleNumber": "4659234",
    "commercialArticleNumber": "451023",
    "name": "rijstwaf. choco-hazelnoten",
    "description": "*Mijn pauze",
    "brand": "GERLINÉA",
    "seoBrand": "Gerlinéa",
    "thumbNail": "https://static.colruytgroup.com/images/200x200/std.lang.all/88/14/asset-3028814.jpg",
    "fullImage": "https://static.colruytgroup.com/images/500x500/std.lang.all/88/14/asset-3028814.jpg",
    "squareImage": "https://static.colruytgroup.com/images/500x500sq/std.lang.all/88/14/asset-3028814.jpg",
    "content": "142g",
    "walkRouteSequenceNumber": 13528,
    "price": {
      "basicPrice": 2.78,
      "recommendedQuantity": "1.0",
      "measurementUnitPrice": 19.58,
      "measurementUnit": "K",
      "isRedPrice": false,
      "pricePerUOM": 19.58,
      "activationDate": "24-02-2024",
      "recordSource": "Offline",
      "isPromoActive": "N",
      "priceChangeCode": "L"
    },
    "isAvailable": true,
    "isPriceAvailable": true,
    "inPromo": false,
    "gtin": [
      "05410063038448",
      "05410063038455"
    ],
    "topCategoryName": "Dieetvoeding/Voedingssupplementen",
    "topCategoryId": "347",
    "businessDomain": "NON_FOOD",
    "IsPrivateLabel": false,
    "IsBiffe": false,
    "IsWeightArticle": false,
    "RecentQuanityOfStockUnits": "1",
    "LongName": "GERLINÉA rijstwaf. choco-hazelnoten 142g",
    "IsBio": false,
    "CountryOfOrigin": "SPANJE",
    "FicCode": "E",
    "OrderUnit": "P",
    "ShortName": "GERL RIJSTW.CH-NOT 142G",
    "IsNew": false
  },
  {
    "productId": "822959",
    "technicalArticleNumber": "4658315",
    "commercialArticleNumber": "451009",
    "name": "Echinacea bonbons",
    "brand": "A.VOGEL",
    "seoBrand": "A.Vogel",
    "thumbNail": "https://static.colruytgroup.com/images/200x200/std.lang.all/67/96/asset-2616796.jpg",
    "fullImage": "https://static.colruytgroup.com/images/500x500/std.lang.all/67/96/asset-2616796.jpg",
    "squareImage": "https://static.colruytgroup.com/images/500x500sq/std.lang.all/67/96/asset-2616796.jpg",
    "content": "75g",
    "walkRouteSequenceNumber": 13437,
    "price": {
      "basicPrice": 3.15,
      "recommendedQuantity": "1.0",
      "measurementUnitPrice": 42,
      "measurementUnit": "K",
      "isRedPrice": false,
      "pricePerUOM": 42,
      "activationDate": "08-03-2024",
      "recordSource": "Online",
      "isPromoActive": "N",
      "priceChangeCode": "L"
    },
    "isAvailable": true,
    "isPriceAvailable": true,
    "inPromo": false,
    "gtin": [
      "07610313701391",
      "07610313414895"
    ],
    "topCategoryName": "Dieetvoeding/Voedingssupplementen",
    "topCategoryId": "347",
    "businessDomain": "NON_FOOD",
    "IsPrivateLabel": false,
    "IsBiffe": false,
    "IsWeightArticle": false,
    "RecentQuanityOfStockUnits": "1",
    "LongName": "A.VOGEL Echinacea bonbons 75g",
    "IsBio": false,
    "CountryOfOrigin": "BELGIË",
    "FicCode": "E",
    "OrderUnit": "P",
    "ShortName": "A.VOGEL ECHINACEA 75G",
    "IsNew": false
  },
  {
    "productId": "824495",
    "technicalArticleNumber": "4660631",
    "commercialArticleNumber": "451061",
    "name": "Echinacea weerstand pastillen",
    "description": "*Weerstand",
    "brand": "BIOVER",
    "seoBrand": "Biover",
    "thumbNail": "https://static.colruytgroup.com/images/200x200/std.lang.all/36/72/asset-2723672.jpg",
    "fullImage": "https://static.colruytgroup.com/images/500x500/std.lang.all/36/72/asset-2723672.jpg",
    "squareImage": "https://static.colruytgroup.com/images/500x500sq/std.lang.all/36/72/asset-2723672.jpg",
    "content": "45g",
    "walkRouteSequenceNumber": 13684,
    "price": {
      "basicPrice": 6.99,
      "recommendedQuantity": "1.0",
      "measurementUnitPrice": 155.34,
      "measurementUnit": "K",
      "isRedPrice": false,
      "pricePerUOM": 155.34,
      "activationDate": "14-03-2024",
      "recordSource": "Offline",
      "isPromoActive": "N",
      "priceChangeCode": "E"
    },
    "isAvailable": true,
    "isPriceAvailable": true,
    "inPromo": false,
    "gtin": [
      "05412141224439",
      "05412141224415",
      "05412141224422"
    ],
    "topCategoryName": "Dieetvoeding/Voedingssupplementen",
    "topCategoryId": "347",
    "businessDomain": "NON_FOOD",
    "IsPrivateLabel": false,
    "IsBiffe": false,
    "IsWeightArticle": false,
    "RecentQuanityOfStockUnits": "1,12",
    "LongName": "BIOVER Echinacea weerstand pastillen 45g",
    "IsBio": false,
    "AlcoholVolume": "0",
    "CountryOfOrigin": "FRANKRIJK",
    "FicCode": "E",
    "OrderUnit": "P",
    "ShortName": "BIOV ECHINACEA PAST.45G",
    "IsNew": false
  },
  {
    "productId": "824814",
    "technicalArticleNumber": "4661392",
    "commercialArticleNumber": "451084",
    "name": "100% natuurbiergist",
    "brand": "BIOVER",
    "seoBrand": "Biover",
    "thumbNail": "https://static.colruytgroup.com/images/200x200/std.lang.all/61/31/asset-376131.jpg",
    "fullImage": "https://static.colruytgroup.com/images/500x500/std.lang.all/61/31/asset-376131.jpg",
    "squareImage": "https://static.colruytgroup.com/images/500x500sq/std.lang.all/61/31/asset-376131.jpg",
    "content": "275g",
    "walkRouteSequenceNumber": 13797,
    "price": {
      "basicPrice": 11.99,
      "recommendedQuantity": "1.0",
      "measurementUnitPrice": 43.6,
      "measurementUnit": "K",
      "isRedPrice": false,
      "pricePerUOM": 43.6,
      "activationDate": "09-01-2024",
      "recordSource": "Offline",
      "isPromoActive": "N",
      "priceChangeCode": "L"
    },
    "isAvailable": true,
    "isPriceAvailable": true,
    "inPromo": false,
    "gtin": [
      "05412141004468",
      "05412141001023"
    ],
    "topCategoryName": "Dieetvoeding/Voedingssupplementen",
    "topCategoryId": "347",
    "businessDomain": "NON_FOOD",
    "IsPrivateLabel": false,
    "IsBiffe": false,
    "IsWeightArticle": false,
    "RecentQuanityOfStockUnits": "1",
    "LongName": "BIOVER 100% natuurbiergist 275g",
    "IsBio": false,
    "AlcoholVolume": "0",
    "CountryOfOrigin": "BELGIË",
    "FicCode": "E",
    "OrderUnit": "P",
    "ShortName": "BIOV BIERGIST 275G",
    "IsNew": false
  },
  {
    "productId": "823882",
    "technicalArticleNumber": "4659291",
    "commercialArticleNumber": "451035",
    "name": "afslankdrink koffie",
    "description": "*1 drank=1 maaltijd",
    "brand": "GERLINÉA",
    "seoBrand": "Gerlinéa",
    "thumbNail": "https://static.colruytgroup.com/images/200x200/std.lang.all/85/95/asset-3028595.jpg",
    "fullImage": "https://static.colruytgroup.com/images/500x500/std.lang.all/85/95/asset-3028595.jpg",
    "squareImage": "https://static.colruytgroup.com/images/500x500sq/std.lang.all/85/95/asset-3028595.jpg",
    "content": "4x236ml",
    "walkRouteSequenceNumber": 13548,
    "price": {
      "basicPrice": 11.4,
      "recommendedQuantity": "1.0",
      "measurementUnitPrice": 12.08,
      "measurementUnit": "L",
      "isRedPrice": false,
      "pricePerUOM": 12.08,
      "activationDate": "19-03-2024",
      "recordSource": "Offline",
      "isPromoActive": "N",
      "priceChangeCode": "L"
    },
    "isAvailable": true,
    "isPriceAvailable": true,
    "inPromo": false,
    "gtin": [
      "05410063007451",
      "03175681015739",
      "05410063007468"
    ],
    "topCategoryName": "Dieetvoeding/Voedingssupplementen",
    "topCategoryId": "347",
    "businessDomain": "NON_FOOD",
    "IsPrivateLabel": false,
    "IsBiffe": false,
    "IsWeightArticle": false,
    "RecentQuanityOfStockUnits": "1",
    "LongName": "GERLINÉA afslankdrink koffie 4x236ml",
    "IsBio": false,
    "CountryOfOrigin": "FRANKRIJK",
    "FicCode": "E",
    "OrderUnit": "P",
    "ShortName": "GERL AFSL.DR.KOF4X236ML",
    "IsNew": false
  },
  {
    "productId": "824470",
    "technicalArticleNumber": "4660606",
    "commercialArticleNumber": "451056",
    "name": "valeriana forte",
    "brand": "BIOVER",
    "seoBrand": "Biover",
    "thumbNail": "https://static.colruytgroup.com/images/200x200/std.lang.all/54/19/asset-3365419.jpg",
    "fullImage": "https://static.colruytgroup.com/images/500x500/std.lang.all/54/19/asset-3365419.jpg",
    "squareImage": "https://static.colruytgroup.com/images/500x500sq/std.lang.all/54/19/asset-3365419.jpg",
    "content": "45st",
    "walkRouteSequenceNumber": 13811,
    "price": {
      "basicPrice": 9.26,
      "recommendedQuantity": "1.0",
      "measurementUnitPrice": 0.206,
      "measurementUnit": "S",
      "isRedPrice": false,
      "pricePerUOM": 0.206,
      "activationDate": "13-03-2024",
      "recordSource": "Folder",
      "isPromoActive": "N",
      "priceChangeCode": "L"
    },
    "isAvailable": true,
    "isPriceAvailable": true,
    "inPromo": false,
    "gtin": [
      "05412141230867",
      "05412141230935",
      "05412141230799"
    ],
    "topCategoryName": "Dieetvoeding/Voedingssupplementen",
    "topCategoryId": "347",
    "businessDomain": "NON_FOOD",
    "IsPrivateLabel": false,
    "IsBiffe": false,
    "IsWeightArticle": false,
    "RecentQuanityOfStockUnits": "1",
    "LongName": "BIOVER valeriana forte 45st",
    "IsBio": false,
    "CountryOfOrigin": "BELGIË",
    "FicCode": "E",
    "OrderUnit": "P",
    "ShortName": "BIOV VALERIANA FORT.45P",
    "IsNew": false
  },
  {
    "productId": "823630",
    "technicalArticleNumber": "4659254",
    "commercialArticleNumber": "451026",
    "name": "chocoladepudding",
    "description": "*1 pudding=1maaltijd",
    "brand": "GERLINÉA",
    "seoBrand": "Gerlinéa",
    "thumbNail": "https://static.colruytgroup.com/images/200x200/std.lang.all/88/15/asset-3028815.jpg",
    "fullImage": "https://static.colruytgroup.com/images/500x500/std.lang.all/88/15/asset-3028815.jpg",
    "squareImage": "https://static.colruytgroup.com/images/500x500sq/std.lang.all/88/15/asset-3028815.jpg",
    "content": "2x210g",
    "walkRouteSequenceNumber": 13551,
    "price": {
      "basicPrice": 6.59,
      "recommendedQuantity": "1.0",
      "measurementUnitPrice": 15.7,
      "measurementUnit": "K",
      "isRedPrice": false,
      "pricePerUOM": 15.7,
      "activationDate": "16-02-2024",
      "recordSource": "Offline",
      "isPromoActive": "N",
      "priceChangeCode": "H"
    },
    "isAvailable": true,
    "isPriceAvailable": true,
    "inPromo": false,
    "gtin": [
      "05410063017573",
      "05410063017566"
    ],
    "topCategoryName": "Dieetvoeding/Voedingssupplementen",
    "topCategoryId": "347",
    "businessDomain": "NON_FOOD",
    "IsPrivateLabel": false,
    "IsBiffe": false,
    "IsWeightArticle": false,
    "RecentQuanityOfStockUnits": "1",
    "LongName": "GERLINÉA chocoladepudding 2x210g",
    "IsBio": false,
    "AlcoholVolume": "0",
    "CountryOfOrigin": "BELGIË",
    "FicCode": "E",
    "OrderUnit": "P",
    "ShortName": "GERL PUDDING CHO 2X210G",
    "IsNew": false
  },
  {
    "productId": "824509",
    "technicalArticleNumber": "4660645",
    "commercialArticleNumber": "451064",
    "name": "propolis spray den bio",
    "description": "*Verzacht de keel",
    "brand": "BIOVER",
    "seoBrand": "Biover",
    "thumbNail": "https://static.colruytgroup.com/images/200x200/std.lang.all/22/73/asset-2702273.jpg",
    "fullImage": "https://static.colruytgroup.com/images/500x500/std.lang.all/22/73/asset-2702273.jpg",
    "squareImage": "https://static.colruytgroup.com/images/500x500sq/std.lang.all/22/73/asset-2702273.jpg",
    "content": "23ml",
    "walkRouteSequenceNumber": 13641,
    "price": {
      "basicPrice": 8.19,
      "recommendedQuantity": "1.0",
      "measurementUnitPrice": 356.09,
      "measurementUnit": "L",
      "isRedPrice": false,
      "pricePerUOM": 356.09,
      "activationDate": "02-03-2024",
      "recordSource": "Offline",
      "isPromoActive": "N",
      "priceChangeCode": "H"
    },
    "isAvailable": true,
    "isPriceAvailable": true,
    "inPromo": false,
    "gtin": [
      "05412141227447",
      "05412141227454",
      "05412141227409"
    ],
    "topCategoryName": "Dieetvoeding/Voedingssupplementen",
    "topCategoryId": "347",
    "businessDomain": "NON_FOOD",
    "IsPrivateLabel": false,
    "IsBiffe": false,
    "IsWeightArticle": false,
    "RecentQuanityOfStockUnits": "1",
    "LongName": "BIOVER propolis spray den bio 23ml",
    "IsBio": true,
    "AlcoholVolume": "0",
    "CountryOfOrigin": "BELGIË",
    "FicCode": "E",
    "OrderUnit": "P",
    "ShortName": "BIOV BIO PROPOLIS 23ML",
    "IsNew": false
  },
  {
    "productId": "823880",
    "technicalArticleNumber": "4659288",
    "commercialArticleNumber": "451033",
    "name": "afslankdrink chocolade",
    "description": "*1 drank=1 maaltijd",
    "brand": "GERLINÉA",
    "seoBrand": "Gerlinéa",
    "thumbNail": "https://static.colruytgroup.com/images/200x200/std.lang.all/85/93/asset-3028593.jpg",
    "fullImage": "https://static.colruytgroup.com/images/500x500/std.lang.all/85/93/asset-3028593.jpg",
    "squareImage": "https://static.colruytgroup.com/images/500x500sq/std.lang.all/85/93/asset-3028593.jpg",
    "content": "4x236ml",
    "walkRouteSequenceNumber": 13550,
    "price": {
      "basicPrice": 11.44,
      "recommendedQuantity": "1.0",
      "measurementUnitPrice": 12.12,
      "measurementUnit": "L",
      "isRedPrice": false,
      "pricePerUOM": 12.12,
      "activationDate": "20-02-2024",
      "recordSource": "Offline",
      "isPromoActive": "N",
      "priceChangeCode": "H"
    },
    "isAvailable": true,
    "isPriceAvailable": true,
    "inPromo": false,
    "gtin": [
      "03175681852006",
      "05410063002913",
      "05410063002906"
    ],
    "topCategoryName": "Dieetvoeding/Voedingssupplementen",
    "topCategoryId": "347",
    "businessDomain": "NON_FOOD",
    "IsPrivateLabel": false,
    "IsBiffe": false,
    "IsWeightArticle": false,
    "RecentQuanityOfStockUnits": "1",
    "LongName": "GERLINÉA afslankdrink chocolade 4x236ml",
    "IsBio": false,
    "CountryOfOrigin": "FRANKRIJK",
    "FicCode": "E",
    "OrderUnit": "P",
    "ShortName": "GERL AFSL.DR.CH 4X236ML",
    "IsNew": false
  },
  {
    "productId": "822951",
    "technicalArticleNumber": "4658304",
    "commercialArticleNumber": "451007",
    "name": "Multivitaminen gummies",
    "description": "*Vanaf 3 jaar",
    "brand": "CARS",
    "seoBrand": "Disney Cars",
    "thumbNail": "https://static.colruytgroup.com/images/200x200/std.lang.all/82/18/asset-2088218.jpg",
    "fullImage": "https://static.colruytgroup.com/images/500x500/std.lang.all/82/18/asset-2088218.jpg",
    "squareImage": "https://static.colruytgroup.com/images/500x500sq/std.lang.all/82/18/asset-2088218.jpg",
    "content": "60st",
    "walkRouteSequenceNumber": 13719,
    "price": {
      "basicPrice": 13.95,
      "recommendedQuantity": "1.0",
      "measurementUnitPrice": 0.233,
      "measurementUnit": "S",
      "isRedPrice": false,
      "pricePerUOM": 0.233,
      "activationDate": "22-03-2024",
      "recordSource": "Offline",
      "isPromoActive": "N",
      "priceChangeCode": "E"
    },
    "isAvailable": true,
    "isPriceAvailable": true,
    "inPromo": false,
    "gtin": [
      "08718503010588",
      "08718503010595"
    ],
    "topCategoryName": "Dieetvoeding/Voedingssupplementen",
    "topCategoryId": "347",
    "businessDomain": "NON_FOOD",
    "IsPrivateLabel": false,
    "IsBiffe": false,
    "IsWeightArticle": false,
    "RecentQuanityOfStockUnits": "1",
    "LongName": "CARS Multivitaminen gummies 60st",
    "IsBio": false,
    "CountryOfOrigin": "TSJECHIË (REPUBLIEK)",
    "FicCode": "E",
    "OrderUnit": "P",
    "ShortName": "CARS MULTIVIT.GUM 60ST",
    "IsNew": false
  },
  {
    "productId": "824506",
    "technicalArticleNumber": "4660642",
    "commercialArticleNumber": "451063",
    "name": "Echinacea Forte",
    "description": "*Weerstand",
    "brand": "BIOVER",
    "seoBrand": "Biover",
    "thumbNail": "https://static.colruytgroup.com/images/200x200/std.lang.all/61/30/asset-2836130.jpg",
    "fullImage": "https://static.colruytgroup.com/images/500x500/std.lang.all/61/30/asset-2836130.jpg",
    "squareImage": "https://static.colruytgroup.com/images/500x500sq/std.lang.all/61/30/asset-2836130.jpg",
    "content": "30st",
    "walkRouteSequenceNumber": 13758,
    "price": {
      "basicPrice": 6.3,
      "recommendedQuantity": "1.0",
      "measurementUnitPrice": 0.21,
      "measurementUnit": "S",
      "isRedPrice": false,
      "pricePerUOM": 0.21,
      "activationDate": "13-03-2024",
      "recordSource": "Folder",
      "isPromoActive": "N",
      "priceChangeCode": "L"
    },
    "isAvailable": true,
    "isPriceAvailable": true,
    "inPromo": false,
    "gtin": [
      "05412141230447",
      "05412141230133",
      "05412141230287"
    ],
    "topCategoryName": "Dieetvoeding/Voedingssupplementen",
    "topCategoryId": "347",
    "businessDomain": "NON_FOOD",
    "IsPrivateLabel": false,
    "IsBiffe": false,
    "IsWeightArticle": false,
    "RecentQuanityOfStockUnits": "1",
    "LongName": "BIOVER Echinacea Forte 30st",
    "IsBio": false,
    "CountryOfOrigin": "BELGIË",
    "FicCode": "E",
    "OrderUnit": "P",
    "ShortName": "BIOV ECHINACEA FORT.30P",
    "IsNew": false
  },
  {
    "productId": "823581",
    "technicalArticleNumber": "4659179",
    "commercialArticleNumber": "451014",
    "name": "Easy Go choco crisp reep",
    "description": "*1 reep = 1 maaltijd",
    "brand": "GERLINÉA",
    "seoBrand": "Gerlinéa",
    "thumbNail": "https://static.colruytgroup.com/images/200x200/std.lang.all/91/79/asset-3029179.jpg",
    "fullImage": "https://static.colruytgroup.com/images/500x500/std.lang.all/91/79/asset-3029179.jpg",
    "squareImage": "https://static.colruytgroup.com/images/500x500sq/std.lang.all/91/79/asset-3029179.jpg",
    "content": "2x58g",
    "walkRouteSequenceNumber": 13539,
    "price": {
      "basicPrice": 3.99,
      "recommendedQuantity": "1.0",
      "measurementUnitPrice": 34.4,
      "measurementUnit": "K",
      "isRedPrice": false,
      "pricePerUOM": 34.4,
      "activationDate": "20-02-2024",
      "recordSource": "Offline",
      "isPromoActive": "N",
      "priceChangeCode": "H"
    },
    "isAvailable": true,
    "isPriceAvailable": true,
    "inPromo": false,
    "gtin": [
      "05410063028159",
      "05410063028227"
    ],
    "topCategoryName": "Dieetvoeding/Voedingssupplementen",
    "topCategoryId": "347",
    "businessDomain": "NON_FOOD",
    "IsPrivateLabel": false,
    "IsBiffe": false,
    "IsWeightArticle": false,
    "RecentQuanityOfStockUnits": "1",
    "LongName": "GERLINÉA Easy Go choco crisp reep 2x58g",
    "IsBio": false,
    "AlcoholVolume": "0",
    "CountryOfOrigin": "FRANKRIJK",
    "FicCode": "E",
    "OrderUnit": "P",
    "ShortName": "GERL EAS.GO CHOCO 2X58G",
    "IsNew": false
  },
  {
    "productId": "823636",
    "technicalArticleNumber": "4659275",
    "commercialArticleNumber": "451029",
    "name": "sinaas-pure choc.reep",
    "description": "*Mijn pauze",
    "brand": "GERLINÉA",
    "seoBrand": "Gerlinéa",
    "thumbNail": "https://static.colruytgroup.com/images/200x200/std.lang.all/85/90/asset-3028590.jpg",
    "fullImage": "https://static.colruytgroup.com/images/500x500/std.lang.all/85/90/asset-3028590.jpg",
    "squareImage": "https://static.colruytgroup.com/images/500x500sq/std.lang.all/85/90/asset-3028590.jpg",
    "content": "12x31g",
    "walkRouteSequenceNumber": 13534,
    "price": {
      "basicPrice": 13.59,
      "recommendedQuantity": "1.0",
      "measurementUnitPrice": 36.54,
      "measurementUnit": "K",
      "isRedPrice": false,
      "pricePerUOM": 36.54,
      "activationDate": "27-02-2024",
      "recordSource": "Offline",
      "isPromoActive": "N",
      "priceChangeCode": "H"
    },
    "isAvailable": true,
    "isPriceAvailable": true,
    "inPromo": false,
    "gtin": [
      "08723700973864",
      "05410063036673"
    ],
    "topCategoryName": "Dieetvoeding/Voedingssupplementen",
    "topCategoryId": "347",
    "businessDomain": "NON_FOOD",
    "IsPrivateLabel": false,
    "IsBiffe": false,
    "IsWeightArticle": false,
    "RecentQuanityOfStockUnits": "1",
    "LongName": "GERLINÉA sinaas-pure choc.reep 12x31g",
    "IsBio": false,
    "AlcoholVolume": "0",
    "CountryOfOrigin": "BELGIË",
    "FicCode": "E",
    "OrderUnit": "P",
    "ShortName": "GERL MP SIN-PUUR 12X31G",
    "IsNew": false
  },
  {
    "productId": "822963",
    "technicalArticleNumber": "4658319",
    "commercialArticleNumber": "451010",
    "name": "Melkwei conc.",
    "description": "*Lactosevrij\n*Caloriearm",
    "brand": "A.VOGEL MOLKOSAN",
    "seoBrand": "A.Vogel Molkosan",
    "thumbNail": "https://static.colruytgroup.com/images/200x200/std.lang.all/18/77/asset-931877.jpg",
    "fullImage": "https://static.colruytgroup.com/images/500x500/std.lang.all/18/77/asset-931877.jpg",
    "squareImage": "https://static.colruytgroup.com/images/500x500sq/std.lang.all/18/77/asset-931877.jpg",
    "content": "500ml",
    "walkRouteSequenceNumber": 13868,
    "price": {
      "basicPrice": 9.64,
      "recommendedQuantity": "1.0",
      "measurementUnitPrice": 19.28,
      "measurementUnit": "L",
      "isRedPrice": false,
      "pricePerUOM": 19.28,
      "activationDate": "23-03-2024",
      "recordSource": "Folder",
      "isPromoActive": "N",
      "priceChangeCode": "E"
    },
    "isAvailable": true,
    "isPriceAvailable": true,
    "inPromo": false,
    "gtin": [
      "08711596580082",
      "08711596006551"
    ],
    "topCategoryName": "Dieetvoeding/Voedingssupplementen",
    "topCategoryId": "347",
    "businessDomain": "NON_FOOD",
    "IsPrivateLabel": false,
    "IsBiffe": false,
    "IsWeightArticle": false,
    "RecentQuanityOfStockUnits": "1",
    "LongName": "A.VOGEL MOLKOSAN Melkwei conc. 500ml",
    "IsBio": false,
    "AlcoholVolume": "0",
    "CountryOfOrigin": "ZWITSERLAND",
    "FicCode": "E",
    "OrderUnit": "P",
    "ShortName": "A.VOGEL MOLKOSAN 500ML",
    "IsNew": false
  },
  {
    "productId": "823632",
    "technicalArticleNumber": "4659271",
    "commercialArticleNumber": "451027",
    "name": "puur-wit chocolade reep",
    "description": "*Mijn pauze",
    "brand": "GERLINÉA",
    "seoBrand": "Gerlinéa",
    "thumbNail": "https://static.colruytgroup.com/images/200x200/std.lang.all/88/16/asset-3028816.jpg",
    "fullImage": "https://static.colruytgroup.com/images/500x500/std.lang.all/88/16/asset-3028816.jpg",
    "squareImage": "https://static.colruytgroup.com/images/500x500sq/std.lang.all/88/16/asset-3028816.jpg",
    "content": "12x31g",
    "walkRouteSequenceNumber": 13535,
    "price": {
      "basicPrice": 13.59,
      "recommendedQuantity": "1.0",
      "measurementUnitPrice": 36.54,
      "measurementUnit": "K",
      "isRedPrice": false,
      "pricePerUOM": 36.54,
      "activationDate": "01-03-2024",
      "recordSource": "Offline",
      "isPromoActive": "N",
      "priceChangeCode": "H"
    },
    "isAvailable": true,
    "isPriceAvailable": true,
    "inPromo": false,
    "gtin": [
      "08723700016691",
      "05410063036666"
    ],
    "topCategoryName": "Dieetvoeding/Voedingssupplementen",
    "topCategoryId": "347",
    "businessDomain": "NON_FOOD",
    "IsPrivateLabel": false,
    "IsBiffe": false,
    "IsWeightArticle": false,
    "RecentQuanityOfStockUnits": "1",
    "LongName": "GERLINÉA puur-wit chocolade reep 12x31g",
    "IsBio": false,
    "AlcoholVolume": "0",
    "CountryOfOrigin": "BELGIË",
    "FicCode": "E",
    "OrderUnit": "P",
    "ShortName": "GERL MP PUUR-WIT 12X31G",
    "IsNew": false
  },
  {
    "productId": "824250",
    "technicalArticleNumber": "4660310",
    "commercialArticleNumber": "451054",
    "name": "huid, haar & nagels",
    "description": "*Voedingssupplement",
    "brand": "BIOVER",
    "seoBrand": "Biover",
    "thumbNail": "https://static.colruytgroup.com/images/200x200/std.lang.all/69/99/asset-2856999.jpg",
    "fullImage": "https://static.colruytgroup.com/images/500x500/std.lang.all/69/99/asset-2856999.jpg",
    "squareImage": "https://static.colruytgroup.com/images/500x500sq/std.lang.all/69/99/asset-2856999.jpg",
    "content": "45st",
    "walkRouteSequenceNumber": 13796,
    "price": {
      "basicPrice": 9.43,
      "recommendedQuantity": "1.0",
      "measurementUnitPrice": 0.21,
      "measurementUnit": "S",
      "isRedPrice": false,
      "pricePerUOM": 0.21,
      "activationDate": "22-03-2024",
      "recordSource": "Folder",
      "isPromoActive": "N",
      "priceChangeCode": "H"
    },
    "isAvailable": true,
    "isPriceAvailable": true,
    "inPromo": false,
    "gtin": [
      "05412141231055",
      "05412141231079",
      "05412141231062"
    ],
    "topCategoryName": "Dieetvoeding/Voedingssupplementen",
    "topCategoryId": "347",
    "businessDomain": "NON_FOOD",
    "IsPrivateLabel": false,
    "IsBiffe": false,
    "IsWeightArticle": false,
    "RecentQuanityOfStockUnits": "1",
    "LongName": "BIOVER huid, haar & nagels 45st",
    "IsBio": false,
    "CountryOfOrigin": "BELGIË",
    "FicCode": "E",
    "OrderUnit": "P",
    "ShortName": "BIOV HUID HAAR-NAG.45ST",
    "IsNew": false
  },
  {
    "productId": "824730",
    "technicalArticleNumber": "4661222",
    "commercialArticleNumber": "451073",
    "name": "B-complex",
    "brand": "BIOVER",
    "seoBrand": "Biover",
    "thumbNail": "https://static.colruytgroup.com/images/200x200/std.lang.all/34/55/asset-593455.jpg",
    "fullImage": "https://static.colruytgroup.com/images/500x500/std.lang.all/34/55/asset-593455.jpg",
    "squareImage": "https://static.colruytgroup.com/images/500x500sq/std.lang.all/34/55/asset-593455.jpg",
    "content": "45st",
    "walkRouteSequenceNumber": 13835,
    "price": {
      "basicPrice": 7.19,
      "recommendedQuantity": "1.0",
      "measurementUnitPrice": 0.16,
      "measurementUnit": "S",
      "isRedPrice": false,
      "pricePerUOM": 0.16,
      "activationDate": "13-03-2024",
      "recordSource": "Folder",
      "isPromoActive": "N",
      "priceChangeCode": "L"
    },
    "isAvailable": true,
    "isPriceAvailable": true,
    "inPromo": false,
    "gtin": [
      "05412141230782",
      "05412141230775",
      "05412141230768"
    ],
    "topCategoryName": "Dieetvoeding/Voedingssupplementen",
    "topCategoryId": "347",
    "businessDomain": "NON_FOOD",
    "IsPrivateLabel": false,
    "IsBiffe": false,
    "IsWeightArticle": false,
    "RecentQuanityOfStockUnits": "1",
    "LongName": "BIOVER B-complex 45st",
    "IsBio": false,
    "CountryOfOrigin": "BELGIË",
    "FicCode": "E",
    "OrderUnit": "P",
    "ShortName": "BIOV B-COMPLEX 45ST",
    "IsNew": false
  },
  {
    "productId": "822916",
    "technicalArticleNumber": "4658044",
    "commercialArticleNumber": "451004",
    "name": "voed.sup.zw.kr.bitter",
    "description": "*Vanaf 12 jaar",
    "brand": "JACOB HOOY",
    "seoBrand": "Jacob Hooy",
    "thumbNail": "https://static.colruytgroup.com/images/200x200/std.lang.all/82/49/asset-348249.jpg",
    "fullImage": "https://static.colruytgroup.com/images/500x500/std.lang.all/82/49/asset-348249.jpg",
    "squareImage": "https://static.colruytgroup.com/images/500x500sq/std.lang.all/82/49/asset-348249.jpg",
    "content": "500ml",
    "walkRouteSequenceNumber": 13869,
    "price": {
      "basicPrice": 21.99,
      "recommendedQuantity": "1.0",
      "measurementUnitPrice": 43.98,
      "measurementUnit": "L",
      "isRedPrice": false,
      "pricePerUOM": 43.98,
      "activationDate": "15-03-2024",
      "isPromoActive": "N",
      "priceChangeCode": "H"
    },
    "isAvailable": true,
    "isPriceAvailable": true,
    "inPromo": false,
    "gtin": [
      "08712053577089",
      "18712053577086"
    ],
    "topCategoryName": "Dieetvoeding/Voedingssupplementen",
    "topCategoryId": "347",
    "businessDomain": "NON_FOOD",
    "IsPrivateLabel": false,
    "IsBiffe": false,
    "IsWeightArticle": false,
    "RecentQuanityOfStockUnits": "1",
    "LongName": "JACOB HOOY voed.sup.zw.kr.bitter 500ml",
    "IsBio": false,
    "AlcoholVolume": "0",
    "CountryOfOrigin": "BELGIË",
    "FicCode": "E",
    "OrderUnit": "P",
    "ShortName": "HOOY ZW.BITTER 500ML",
    "IsNew": false
  },
  {
    "productId": "823634",
    "technicalArticleNumber": "4659273",
    "commercialArticleNumber": "451028",
    "name": "reep chocolade",
    "description": "*2 repen=1 maaltijd",
    "brand": "GERLINÉA",
    "seoBrand": "Gerlinéa",
    "thumbNail": "https://static.colruytgroup.com/images/200x200/std.lang.all/91/89/asset-3029189.jpg",
    "fullImage": "https://static.colruytgroup.com/images/500x500/std.lang.all/91/89/asset-3029189.jpg",
    "squareImage": "https://static.colruytgroup.com/images/500x500sq/std.lang.all/91/89/asset-3029189.jpg",
    "content": "12x31g",
    "walkRouteSequenceNumber": 13536,
    "price": {
      "basicPrice": 13.59,
      "recommendedQuantity": "1.0",
      "measurementUnitPrice": 36.54,
      "measurementUnit": "K",
      "isRedPrice": false,
      "pricePerUOM": 36.54,
      "activationDate": "15-03-2024",
      "recordSource": "Offline",
      "isPromoActive": "N",
      "priceChangeCode": "E"
    },
    "isAvailable": true,
    "isPriceAvailable": true,
    "inPromo": false,
    "gtin": [
      "05410063036284",
      "08723700020018"
    ],
    "topCategoryName": "Dieetvoeding/Voedingssupplementen",
    "topCategoryId": "347",
    "businessDomain": "NON_FOOD",
    "IsPrivateLabel": false,
    "IsBiffe": false,
    "IsWeightArticle": false,
    "RecentQuanityOfStockUnits": "1",
    "LongName": "GERLINÉA reep chocolade 12x31g",
    "IsBio": false,
    "CountryOfOrigin": "BELGIË",
    "FicCode": "E",
    "OrderUnit": "P",
    "ShortName": "GERL MT CHOCO 12X31G",
    "IsNew": false
  },
  {
    "productId": "823616",
    "technicalArticleNumber": "4659240",
    "commercialArticleNumber": "451024",
    "name": "rijstw.w.choco-rode vrucht",
    "description": "*Mijn pauze",
    "brand": "GERLINÉA",
    "seoBrand": "Gerlinéa",
    "thumbNail": "https://static.colruytgroup.com/images/200x200/std.lang.all/91/87/asset-3029187.jpg",
    "fullImage": "https://static.colruytgroup.com/images/500x500/std.lang.all/91/87/asset-3029187.jpg",
    "squareImage": "https://static.colruytgroup.com/images/500x500sq/std.lang.all/91/87/asset-3029187.jpg",
    "content": "132g",
    "walkRouteSequenceNumber": 13527,
    "price": {
      "basicPrice": 4.07,
      "recommendedQuantity": "1.0",
      "measurementUnitPrice": 30.84,
      "measurementUnit": "K",
      "isRedPrice": false,
      "pricePerUOM": 30.84,
      "activationDate": "15-01-2024",
      "isPromoActive": "N",
      "priceChangeCode": "H"
    },
    "isAvailable": true,
    "isPriceAvailable": true,
    "inPromo": false,
    "gtin": [
      "05410063038479",
      "05410063038462"
    ],
    "topCategoryName": "Dieetvoeding/Voedingssupplementen",
    "topCategoryId": "347",
    "businessDomain": "NON_FOOD",
    "IsPrivateLabel": false,
    "IsBiffe": false,
    "IsWeightArticle": false,
    "RecentQuanityOfStockUnits": "1",
    "LongName": "GERLINÉA rijstw.w.choco-rode vrucht 132g",
    "IsBio": false,
    "CountryOfOrigin": "SPANJE",
    "FicCode": "E",
    "OrderUnit": "P",
    "ShortName": "GERL RIJSTW.CH-VR 132G",
    "IsNew": false
  },
  {
    "productId": "823881",
    "technicalArticleNumber": "4659289",
    "commercialArticleNumber": "451034",
    "name": "afslankdrink vanille",
    "description": "*1 drank=1 maaltijd",
    "brand": "GERLINÉA",
    "seoBrand": "Gerlinéa",
    "thumbNail": "https://static.colruytgroup.com/images/200x200/std.lang.all/85/94/asset-3028594.jpg",
    "fullImage": "https://static.colruytgroup.com/images/500x500/std.lang.all/85/94/asset-3028594.jpg",
    "squareImage": "https://static.colruytgroup.com/images/500x500sq/std.lang.all/85/94/asset-3028594.jpg",
    "content": "4x236ml",
    "walkRouteSequenceNumber": 13549,
    "price": {
      "basicPrice": 11.4,
      "recommendedQuantity": "1.0",
      "measurementUnitPrice": 12.08,
      "measurementUnit": "L",
      "isRedPrice": false,
      "pricePerUOM": 12.08,
      "activationDate": "19-03-2024",
      "recordSource": "Offline",
      "isPromoActive": "N",
      "priceChangeCode": "L"
    },
    "isAvailable": true,
    "isPriceAvailable": true,
    "inPromo": false,
    "gtin": [
      "05410063002883",
      "05410063002890",
      "03175681852013"
    ],
    "topCategoryName": "Dieetvoeding/Voedingssupplementen",
    "topCategoryId": "347",
    "businessDomain": "NON_FOOD",
    "IsPrivateLabel": false,
    "IsBiffe": false,
    "IsWeightArticle": false,
    "RecentQuanityOfStockUnits": "1",
    "LongName": "GERLINÉA afslankdrink vanille 4x236ml",
    "IsBio": false,
    "CountryOfOrigin": "FRANKRIJK",
    "FicCode": "E",
    "OrderUnit": "P",
    "ShortName": "GERL AFSL.DR.VA 4X236ML",
    "IsNew": false
  },
  {
    "productId": "822950",
    "technicalArticleNumber": "4658303",
    "commercialArticleNumber": "451006",
    "name": "multivitamine gummies",
    "description": "*Vanaf 3 jaar",
    "brand": "FROZEN",
    "seoBrand": "Disney Frozen",
    "thumbNail": "https://static.colruytgroup.com/images/200x200/std.lang.all/10/29/asset-2081029.jpg",
    "fullImage": "https://static.colruytgroup.com/images/500x500/std.lang.all/10/29/asset-2081029.jpg",
    "squareImage": "https://static.colruytgroup.com/images/500x500sq/std.lang.all/10/29/asset-2081029.jpg",
    "content": "60st",
    "walkRouteSequenceNumber": 13718,
    "price": {
      "basicPrice": 10.46,
      "recommendedQuantity": "1.0",
      "measurementUnitPrice": 0.175,
      "measurementUnit": "S",
      "isRedPrice": false,
      "pricePerUOM": 0.175,
      "activationDate": "23-03-2024",
      "recordSource": "Folder",
      "isPromoActive": "N",
      "priceChangeCode": "E"
    },
    "isAvailable": true,
    "isPriceAvailable": true,
    "inPromo": false,
    "gtin": [
      "08718503010502",
      "08718503010496"
    ],
    "topCategoryName": "Dieetvoeding/Voedingssupplementen",
    "topCategoryId": "347",
    "businessDomain": "NON_FOOD",
    "IsPrivateLabel": false,
    "IsBiffe": false,
    "IsWeightArticle": false,
    "RecentQuanityOfStockUnits": "1",
    "LongName": "FROZEN multivitamine gummies 60st",
    "IsBio": false,
    "CountryOfOrigin": "TSJECHIË (REPUBLIEK)",
    "FicCode": "E",
    "OrderUnit": "P",
    "ShortName": "FROZEN MULTIVIT.GUM 60P",
    "IsNew": false
  },
  {
    "productId": "824473",
    "technicalArticleNumber": "4660609",
    "commercialArticleNumber": "451057",
    "name": "cholesterol",
    "brand": "BIOVER",
    "seoBrand": "Biover",
    "thumbNail": "https://static.colruytgroup.com/images/200x200/std.lang.all/13/64/asset-2831364.jpg",
    "fullImage": "https://static.colruytgroup.com/images/500x500/std.lang.all/13/64/asset-2831364.jpg",
    "squareImage": "https://static.colruytgroup.com/images/500x500sq/std.lang.all/13/64/asset-2831364.jpg",
    "content": "45st",
    "walkRouteSequenceNumber": 13892,
    "price": {
      "basicPrice": 8.9,
      "recommendedQuantity": "1.0",
      "measurementUnitPrice": 0.198,
      "measurementUnit": "S",
      "isRedPrice": false,
      "pricePerUOM": 0.198,
      "activationDate": "13-03-2024",
      "recordSource": "Folder",
      "isPromoActive": "N",
      "priceChangeCode": "L"
    },
    "isAvailable": true,
    "isPriceAvailable": true,
    "inPromo": false,
    "gtin": [
      "05412141230201",
      "05412141230492",
      "05412141230355"
    ],
    "topCategoryName": "Dieetvoeding/Voedingssupplementen",
    "topCategoryId": "347",
    "businessDomain": "NON_FOOD",
    "IsPrivateLabel": false,
    "IsBiffe": false,
    "IsWeightArticle": false,
    "RecentQuanityOfStockUnits": "1",
    "LongName": "BIOVER cholesterol 45st",
    "IsBio": false,
    "CountryOfOrigin": "BELGIË",
    "FicCode": "E",
    "OrderUnit": "P",
    "ShortName": "BIOV CHOLESTEROL 45ST",
    "IsNew": false
  },
  {
    "productId": "825188",
    "technicalArticleNumber": "4661812",
    "commercialArticleNumber": "451094",
    "name": "etherische olie Lavandin",
    "brand": "BIOVER",
    "seoBrand": "Biover",
    "thumbNail": "https://static.colruytgroup.com/images/200x200/nl_be/70/51/asset-1997051.jpg",
    "fullImage": "https://static.colruytgroup.com/images/500x500/nl_be/70/51/asset-1997051.jpg",
    "squareImage": "https://static.colruytgroup.com/images/500x500sq/nl_be/70/51/asset-1997051.jpg",
    "content": "50ml",
    "walkRouteSequenceNumber": 14063,
    "price": {
      "basicPrice": 13.84,
      "recommendedQuantity": "1.0",
      "measurementUnitPrice": 276.8,
      "measurementUnit": "L",
      "isRedPrice": false,
      "pricePerUOM": 276.8,
      "activationDate": "30-01-2024",
      "recordSource": "Online",
      "isPromoActive": "N",
      "priceChangeCode": "H"
    },
    "isAvailable": true,
    "isPriceAvailable": true,
    "inPromo": false,
    "gtin": [
      "05412141220882",
      "05412141220868",
      "05412141220875"
    ],
    "topCategoryName": "Dieetvoeding/Voedingssupplementen",
    "topCategoryId": "347",
    "businessDomain": "NON_FOOD",
    "IsPrivateLabel": false,
    "IsBiffe": false,
    "IsWeightArticle": false,
    "RecentQuanityOfStockUnits": "1",
    "LongName": "BIOVER etherische olie Lavandin 50ml",
    "IsBio": false,
    "CountryOfOrigin": "BELGIË",
    "FicCode": "N",
    "OrderUnit": "P",
    "ShortName": "BIOV LAVANDIN 50ML",
    "IsNew": false
  },
  {
    "productId": "823637",
    "technicalArticleNumber": "4659284",
    "commercialArticleNumber": "451030",
    "name": "chocolade-hazelnoot reep",
    "description": "*Mijn pauze",
    "brand": "GERLINÉA",
    "seoBrand": "Gerlinéa",
    "thumbNail": "https://static.colruytgroup.com/images/200x200/std.lang.all/85/91/asset-3028591.jpg",
    "fullImage": "https://static.colruytgroup.com/images/500x500/std.lang.all/85/91/asset-3028591.jpg",
    "squareImage": "https://static.colruytgroup.com/images/500x500sq/std.lang.all/85/91/asset-3028591.jpg",
    "content": "8x20g",
    "walkRouteSequenceNumber": 13533,
    "price": {
      "basicPrice": 7.14,
      "recommendedQuantity": "1.0",
      "measurementUnitPrice": 44.63,
      "measurementUnit": "K",
      "isRedPrice": false,
      "pricePerUOM": 44.63,
      "activationDate": "20-02-2024",
      "recordSource": "Offline",
      "isPromoActive": "N",
      "priceChangeCode": "H"
    },
    "isAvailable": true,
    "isPriceAvailable": true,
    "inPromo": false,
    "gtin": [
      "05410063009004",
      "05410063009011"
    ],
    "topCategoryName": "Dieetvoeding/Voedingssupplementen",
    "topCategoryId": "347",
    "businessDomain": "NON_FOOD",
    "IsPrivateLabel": false,
    "IsBiffe": false,
    "IsWeightArticle": false,
    "RecentQuanityOfStockUnits": "1",
    "LongName": "GERLINÉA chocolade-hazelnoot reep 8x20g",
    "IsBio": false,
    "AlcoholVolume": "0",
    "CountryOfOrigin": "FRANKRIJK",
    "FicCode": "E",
    "OrderUnit": "P",
    "ShortName": "GERL MP CH-NOTEN 8X20G",
    "IsNew": false
  },
  {
    "productId": "824481",
    "technicalArticleNumber": "4660617",
    "commercialArticleNumber": "451059",
    "name": "jun.multivit.ext.D framboos",
    "description": "*Framboos",
    "brand": "BIOVER",
    "seoBrand": "Biover",
    "thumbNail": "https://static.colruytgroup.com/images/200x200/std.lang.all/86/15/asset-2838615.jpg",
    "fullImage": "https://static.colruytgroup.com/images/500x500/std.lang.all/86/15/asset-2838615.jpg",
    "squareImage": "https://static.colruytgroup.com/images/500x500sq/std.lang.all/86/15/asset-2838615.jpg",
    "content": "120st",
    "walkRouteSequenceNumber": 13742,
    "price": {
      "basicPrice": 17.8,
      "recommendedQuantity": "1.0",
      "measurementUnitPrice": 0.149,
      "measurementUnit": "S",
      "isRedPrice": false,
      "pricePerUOM": 0.149,
      "activationDate": "14-03-2024",
      "recordSource": "Online",
      "isPromoActive": "N",
      "priceChangeCode": "E"
    },
    "isAvailable": true,
    "isPriceAvailable": true,
    "inPromo": false,
    "gtin": [
      "05412141229625",
      "05412141229618"
    ],
    "topCategoryName": "Dieetvoeding/Voedingssupplementen",
    "topCategoryId": "347",
    "businessDomain": "NON_FOOD",
    "IsPrivateLabel": false,
    "IsBiffe": false,
    "IsWeightArticle": false,
    "RecentQuanityOfStockUnits": "1",
    "LongName": "BIOVER jun.multivit.ext.D framboos 120st",
    "IsBio": false,
    "CountryOfOrigin": "BELGIË",
    "FicCode": "E",
    "OrderUnit": "P",
    "ShortName": "BIOV JNR MULTIV.D 120ST",
    "IsNew": false
  },
  {
    "productId": "824178",
    "technicalArticleNumber": "4660124",
    "commercialArticleNumber": "451053",
    "name": "geheugen & concentratie",
    "brand": "BIOVER",
    "seoBrand": "Biover",
    "thumbNail": "https://static.colruytgroup.com/images/200x200/std.lang.all/69/98/asset-2856998.jpg",
    "fullImage": "https://static.colruytgroup.com/images/500x500/std.lang.all/69/98/asset-2856998.jpg",
    "squareImage": "https://static.colruytgroup.com/images/500x500sq/std.lang.all/69/98/asset-2856998.jpg",
    "content": "45st",
    "walkRouteSequenceNumber": 13818,
    "price": {
      "basicPrice": 9.59,
      "recommendedQuantity": "1.0",
      "measurementUnitPrice": 0.214,
      "measurementUnit": "S",
      "isRedPrice": false,
      "pricePerUOM": 0.214,
      "activationDate": "13-03-2024",
      "recordSource": "Folder",
      "isPromoActive": "N",
      "priceChangeCode": "L"
    },
    "isAvailable": true,
    "isPriceAvailable": true,
    "inPromo": false,
    "gtin": [
      "05412141230188",
      "05412141230478",
      "05412141230331"
    ],
    "topCategoryName": "Dieetvoeding/Voedingssupplementen",
    "topCategoryId": "347",
    "businessDomain": "NON_FOOD",
    "IsPrivateLabel": false,
    "IsBiffe": false,
    "IsWeightArticle": false,
    "RecentQuanityOfStockUnits": "1",
    "LongName": "BIOVER geheugen & concentratie 45st",
    "IsBio": false,
    "CountryOfOrigin": "BELGIË",
    "FicCode": "E",
    "OrderUnit": "P",
    "ShortName": "BIOV GEHEUG-CONCENT.45P",
    "IsNew": false
  },
  {
    "productId": "823879",
    "technicalArticleNumber": "4659287",
    "commercialArticleNumber": "451032",
    "name": "pudding vanille-karamel",
    "description": "*1 pudding=1maaltijd",
    "brand": "GERLINÉA",
    "seoBrand": "Gerlinéa",
    "thumbNail": "https://static.colruytgroup.com/images/200x200/std.lang.all/70/23/asset-2047023.jpg",
    "fullImage": "https://static.colruytgroup.com/images/500x500/std.lang.all/70/23/asset-2047023.jpg",
    "squareImage": "https://static.colruytgroup.com/images/500x500sq/std.lang.all/70/23/asset-2047023.jpg",
    "content": "2x210g",
    "walkRouteSequenceNumber": 13552,
    "price": {
      "basicPrice": 6.59,
      "recommendedQuantity": "1.0",
      "measurementUnitPrice": 15.7,
      "measurementUnit": "K",
      "isRedPrice": false,
      "pricePerUOM": 15.7,
      "activationDate": "22-03-2024",
      "recordSource": "Offline",
      "isPromoActive": "N",
      "priceChangeCode": "L"
    },
    "isAvailable": true,
    "isPriceAvailable": true,
    "inPromo": false,
    "gtin": [
      "05410063024137",
      "05410063024144"
    ],
    "topCategoryName": "Dieetvoeding/Voedingssupplementen",
    "topCategoryId": "347",
    "businessDomain": "NON_FOOD",
    "IsPrivateLabel": false,
    "IsBiffe": false,
    "IsWeightArticle": false,
    "RecentQuanityOfStockUnits": "1",
    "LongName": "GERLINÉA pudding vanille-karamel 2x210g",
    "IsBio": false,
    "CountryOfOrigin": "FRANKRIJK",
    "FicCode": "E",
    "OrderUnit": "P",
    "ShortName": "GERL PUDD.VA-KAR 2X210G",
    "IsNew": false
  },
  {
    "productId": "825190",
    "technicalArticleNumber": "4661814",
    "commercialArticleNumber": "451095",
    "name": "etherische olie eucalyptus",
    "brand": "BIOVER",
    "seoBrand": "Biover",
    "thumbNail": "https://static.colruytgroup.com/images/200x200/nl_be/70/52/asset-1997052.jpg",
    "fullImage": "https://static.colruytgroup.com/images/500x500/nl_be/70/52/asset-1997052.jpg",
    "squareImage": "https://static.colruytgroup.com/images/500x500sq/nl_be/70/52/asset-1997052.jpg",
    "content": "50ml",
    "walkRouteSequenceNumber": 14062,
    "price": {
      "basicPrice": 15.29,
      "recommendedQuantity": "1.0",
      "measurementUnitPrice": 305.8,
      "measurementUnit": "L",
      "isRedPrice": false,
      "pricePerUOM": 305.8,
      "activationDate": "23-03-2024",
      "recordSource": "Offline",
      "isPromoActive": "N",
      "priceChangeCode": "H"
    },
    "isAvailable": true,
    "isPriceAvailable": true,
    "inPromo": false,
    "gtin": [
      "05412141220974",
      "05412141220981",
      "05412141220967"
    ],
    "topCategoryName": "Dieetvoeding/Voedingssupplementen",
    "topCategoryId": "347",
    "businessDomain": "NON_FOOD",
    "IsPrivateLabel": false,
    "IsBiffe": false,
    "IsWeightArticle": false,
    "RecentQuanityOfStockUnits": "1",
    "LongName": "BIOVER etherische olie eucalyptus 50ml",
    "IsBio": false,
    "CountryOfOrigin": "BELGIË",
    "FicCode": "N",
    "OrderUnit": "P",
    "ShortName": "BIOV EUCALYPTUS 50ML",
    "IsNew": false
  },
  {
    "productId": "823589",
    "technicalArticleNumber": "4659207",
    "commercialArticleNumber": "451017",
    "name": "CRHP repen banaan&choco.",
    "description": "*Mijn pauze",
    "brand": "GERLINÉA",
    "seoBrand": "Gerlinéa",
    "thumbNail": "https://static.colruytgroup.com/images/200x200/std.lang.all/48/74/asset-3424874.jpg",
    "fullImage": "https://static.colruytgroup.com/images/500x500/std.lang.all/48/74/asset-3424874.jpg",
    "squareImage": "https://static.colruytgroup.com/images/500x500sq/std.lang.all/48/74/asset-3424874.jpg",
    "content": "12x31g",
    "walkRouteSequenceNumber": 13530,
    "price": {
      "basicPrice": 13.71,
      "recommendedQuantity": "1.0",
      "measurementUnitPrice": 36.86,
      "measurementUnit": "K",
      "isRedPrice": false,
      "pricePerUOM": 36.86,
      "activationDate": "20-02-2024",
      "recordSource": "Offline",
      "isPromoActive": "N",
      "priceChangeCode": "H"
    },
    "isAvailable": true,
    "isPriceAvailable": true,
    "inPromo": false,
    "gtin": [
      "05410063035782",
      "05410063036291"
    ],
    "topCategoryName": "Dieetvoeding/Voedingssupplementen",
    "topCategoryId": "347",
    "businessDomain": "NON_FOOD",
    "IsPrivateLabel": false,
    "IsBiffe": false,
    "IsWeightArticle": false,
    "RecentQuanityOfStockUnits": "1",
    "LongName": "GERLINÉA CRHP repen banaan&choco. 12x31g",
    "IsBio": false,
    "CountryOfOrigin": "FRANKRIJK",
    "FicCode": "E",
    "OrderUnit": "P",
    "ShortName": "GERL MP BAN-CHOC 12X31G",
    "IsNew": false
  },
  {
    "productId": "823595",
    "technicalArticleNumber": "4659213",
    "commercialArticleNumber": "451019",
    "name": "Shake vanille",
    "description": "*Mijn pauze",
    "brand": "GERLINÉA",
    "seoBrand": "Gerlinéa",
    "thumbNail": "https://static.colruytgroup.com/images/200x200/std.lang.all/91/83/asset-3029183.jpg",
    "fullImage": "https://static.colruytgroup.com/images/500x500/std.lang.all/91/83/asset-3029183.jpg",
    "squareImage": "https://static.colruytgroup.com/images/500x500sq/std.lang.all/91/83/asset-3029183.jpg",
    "content": "240g",
    "walkRouteSequenceNumber": 13545,
    "price": {
      "basicPrice": 6,
      "recommendedQuantity": "1.0",
      "measurementUnitPrice": 25,
      "measurementUnit": "K",
      "isRedPrice": false,
      "pricePerUOM": 25,
      "activationDate": "22-02-2024",
      "isPromoActive": "Y",
      "priceChangeCode": "E"
    },
    "isAvailable": true,
    "isPriceAvailable": true,
    "inPromo": false,
    "gtin": [
      "05410063038790",
      "05410063038806"
    ],
    "topCategoryName": "Dieetvoeding/Voedingssupplementen",
    "topCategoryId": "347",
    "businessDomain": "NON_FOOD",
    "IsPrivateLabel": false,
    "IsBiffe": true,
    "IsWeightArticle": false,
    "BiffeDate": "16/02/2024",
    "RecentQuanityOfStockUnits": "1",
    "LongName": "GERLINÉA Shake vanille 240g",
    "IsBio": false,
    "CountryOfOrigin": "FRANKRIJK",
    "FicCode": "E",
    "OrderUnit": "P",
    "ShortName": "GERL MP SHAKE VANILL240",
    "IsNew": false
  },
  {
    "productId": "823638",
    "technicalArticleNumber": "4659285",
    "commercialArticleNumber": "451031",
    "name": "afslanken tabletten",
    "brand": "GERLINÉA",
    "seoBrand": "Gerlinéa",
    "thumbNail": "https://static.colruytgroup.com/images/200x200/std.lang.all/85/92/asset-3028592.jpg",
    "fullImage": "https://static.colruytgroup.com/images/500x500/std.lang.all/85/92/asset-3028592.jpg",
    "squareImage": "https://static.colruytgroup.com/images/500x500sq/std.lang.all/85/92/asset-3028592.jpg",
    "content": "28st",
    "walkRouteSequenceNumber": 13519,
    "price": {
      "basicPrice": 11.29,
      "recommendedQuantity": "1.0",
      "measurementUnitPrice": 0.404,
      "measurementUnit": "S",
      "isRedPrice": true,
      "redPriceReason": "Promo",
      "referencePrice": 13.91,
      "retentionPeriod": 30,
      "pricePerUOM": 0.404,
      "activationDate": "15-01-2024",
      "isPromoActive": "Y",
      "priceChangeCode": "L"
    },
    "isAvailable": true,
    "isPriceAvailable": true,
    "inPromo": false,
    "gtin": [
      "05410063004092",
      "05410063007307"
    ],
    "topCategoryName": "Dieetvoeding/Voedingssupplementen",
    "topCategoryId": "347",
    "businessDomain": "NON_FOOD",
    "IsPrivateLabel": false,
    "IsBiffe": false,
    "IsWeightArticle": false,
    "RecentQuanityOfStockUnits": "1",
    "LongName": "GERLINÉA afslanken tabletten 28st",
    "IsBio": false,
    "AlcoholVolume": "0",
    "CountryOfOrigin": "FRANKRIJK",
    "FicCode": "E",
    "OrderUnit": "P",
    "ShortName": "GERL AFSLANKEN 4X4 28ST",
    "IsNew": false
  },
  {
    "productId": "824745",
    "technicalArticleNumber": "4661239",
    "commercialArticleNumber": "451076",
    "name": "spier en gewrichten",
    "brand": "BIOVER",
    "seoBrand": "Biover",
    "thumbNail": "https://static.colruytgroup.com/images/200x200/std.lang.all/69/96/asset-2856996.jpg",
    "fullImage": "https://static.colruytgroup.com/images/500x500/std.lang.all/69/96/asset-2856996.jpg",
    "squareImage": "https://static.colruytgroup.com/images/500x500sq/std.lang.all/69/96/asset-2856996.jpg",
    "content": "45st",
    "walkRouteSequenceNumber": 13834,
    "price": {
      "basicPrice": 10.26,
      "recommendedQuantity": "1.0",
      "measurementUnitPrice": 0.228,
      "measurementUnit": "S",
      "isRedPrice": false,
      "pricePerUOM": 0.228,
      "activationDate": "13-03-2024",
      "recordSource": "Folder",
      "isPromoActive": "N",
      "priceChangeCode": "L"
    },
    "isAvailable": true,
    "isPriceAvailable": true,
    "inPromo": false,
    "gtin": [
      "05412141230461",
      "05412141230324",
      "05412141230171"
    ],
    "topCategoryName": "Dieetvoeding/Voedingssupplementen",
    "topCategoryId": "347",
    "businessDomain": "NON_FOOD",
    "IsPrivateLabel": false,
    "IsBiffe": false,
    "IsWeightArticle": false,
    "RecentQuanityOfStockUnits": "1",
    "LongName": "BIOVER spier en gewrichten 45st",
    "IsBio": false,
    "CountryOfOrigin": "BELGIË",
    "FicCode": "E",
    "OrderUnit": "P",
    "ShortName": "BIOV SPIER GEWRICHT 45P",
    "IsNew": false
  },
  {
    "productId": "823590",
    "technicalArticleNumber": "4659208",
    "commercialArticleNumber": "451018",
    "name": "afslankreep karamel",
    "description": "*2 repen=1 maaltijd",
    "brand": "GERLINÉA",
    "seoBrand": "Gerlinéa",
    "thumbNail": "https://static.colruytgroup.com/images/200x200/std.lang.all/91/82/asset-3029182.jpg",
    "fullImage": "https://static.colruytgroup.com/images/500x500/std.lang.all/91/82/asset-3029182.jpg",
    "squareImage": "https://static.colruytgroup.com/images/500x500sq/std.lang.all/91/82/asset-3029182.jpg",
    "content": "12x31g",
    "walkRouteSequenceNumber": 13537,
    "price": {
      "basicPrice": 13.59,
      "recommendedQuantity": "1.0",
      "measurementUnitPrice": 36.54,
      "measurementUnit": "K",
      "isRedPrice": false,
      "pricePerUOM": 36.54,
      "activationDate": "01-03-2024",
      "recordSource": "Offline",
      "isPromoActive": "N",
      "priceChangeCode": "H"
    },
    "isAvailable": true,
    "isPriceAvailable": true,
    "inPromo": false,
    "gtin": [
      "05410063036277",
      "08723700020070"
    ],
    "topCategoryName": "Dieetvoeding/Voedingssupplementen",
    "topCategoryId": "347",
    "businessDomain": "NON_FOOD",
    "IsPrivateLabel": false,
    "IsBiffe": false,
    "IsWeightArticle": false,
    "RecentQuanityOfStockUnits": "1",
    "LongName": "GERLINÉA afslankreep karamel 12x31g",
    "IsBio": false,
    "CountryOfOrigin": "FRANKRIJK",
    "FicCode": "E",
    "OrderUnit": "P",
    "ShortName": "GERL MT KARAMEL 12X31G",
    "IsNew": false
  },
  {
    "productId": "824731",
    "technicalArticleNumber": "4661223",
    "commercialArticleNumber": "451074",
    "name": "vitamine E",
    "brand": "BIOVER",
    "seoBrand": "Biover",
    "thumbNail": "https://static.colruytgroup.com/images/200x200/std.lang.all/69/28/asset-2966928.jpg",
    "fullImage": "https://static.colruytgroup.com/images/500x500/std.lang.all/69/28/asset-2966928.jpg",
    "squareImage": "https://static.colruytgroup.com/images/500x500sq/std.lang.all/69/28/asset-2966928.jpg",
    "content": "100st",
    "walkRouteSequenceNumber": 13770,
    "price": {
      "basicPrice": 9.26,
      "recommendedQuantity": "1.0",
      "measurementUnitPrice": 0.093,
      "measurementUnit": "S",
      "isRedPrice": false,
      "pricePerUOM": 0.093,
      "activationDate": "13-03-2024",
      "recordSource": "Folder",
      "isPromoActive": "N",
      "priceChangeCode": "L"
    },
    "isAvailable": true,
    "isPriceAvailable": true,
    "inPromo": false,
    "gtin": [
      "05412141000286",
      "05412141212832",
      "05412141003614"
    ],
    "topCategoryName": "Dieetvoeding/Voedingssupplementen",
    "topCategoryId": "347",
    "businessDomain": "NON_FOOD",
    "IsPrivateLabel": false,
    "IsBiffe": false,
    "IsWeightArticle": false,
    "RecentQuanityOfStockUnits": "1",
    "LongName": "BIOVER vitamine E 100st",
    "IsBio": false,
    "CountryOfOrigin": "BELGIË",
    "FicCode": "E",
    "OrderUnit": "P",
    "ShortName": "BIOV VITAMINE E 100ST",
    "IsNew": false
  },
  {
    "productId": "823596",
    "technicalArticleNumber": "4659214",
    "commercialArticleNumber": "451020",
    "name": "CRHP repen frambo&choco.",
    "description": "*Mijn pauze",
    "brand": "GERLINÉA",
    "seoBrand": "Gerlinéa",
    "thumbNail": "https://static.colruytgroup.com/images/200x200/std.lang.all/48/75/asset-3424875.jpg",
    "fullImage": "https://static.colruytgroup.com/images/500x500/std.lang.all/48/75/asset-3424875.jpg",
    "squareImage": "https://static.colruytgroup.com/images/500x500sq/std.lang.all/48/75/asset-3424875.jpg",
    "content": "12x31g",
    "walkRouteSequenceNumber": 13531,
    "price": {
      "basicPrice": 13.7,
      "recommendedQuantity": "1.0",
      "measurementUnitPrice": 36.83,
      "measurementUnit": "K",
      "isRedPrice": false,
      "pricePerUOM": 36.83,
      "activationDate": "14-03-2024",
      "recordSource": "Offline",
      "isPromoActive": "N",
      "priceChangeCode": "L"
    },
    "isAvailable": true,
    "isPriceAvailable": true,
    "inPromo": false,
    "gtin": [
      "05410063036307",
      "05410063035799"
    ],
    "topCategoryName": "Dieetvoeding/Voedingssupplementen",
    "topCategoryId": "347",
    "businessDomain": "NON_FOOD",
    "IsPrivateLabel": false,
    "IsBiffe": false,
    "IsWeightArticle": false,
    "RecentQuanityOfStockUnits": "1",
    "LongName": "GERLINÉA CRHP repen frambo&choco. 12x31g",
    "IsBio": false,
    "CountryOfOrigin": "FRANKRIJK",
    "FicCode": "E",
    "OrderUnit": "P",
    "ShortName": "GERL MP FRA-CHOC 12X31G",
    "IsNew": false
  },
  {
    "productId": "824794",
    "technicalArticleNumber": "4661365",
    "commercialArticleNumber": "451078",
    "name": "soepele gewrichten",
    "brand": "BIOVER",
    "seoBrand": "Biover",
    "thumbNail": "https://static.colruytgroup.com/images/200x200/std.lang.all/69/29/asset-2966929.jpg",
    "fullImage": "https://static.colruytgroup.com/images/500x500/std.lang.all/69/29/asset-2966929.jpg",
    "squareImage": "https://static.colruytgroup.com/images/500x500sq/std.lang.all/69/29/asset-2966929.jpg",
    "content": "45st",
    "walkRouteSequenceNumber": 13785,
    "price": {
      "basicPrice": 15.81,
      "recommendedQuantity": "1.0",
      "measurementUnitPrice": 0.352,
      "measurementUnit": "S",
      "isRedPrice": false,
      "pricePerUOM": 0.352,
      "activationDate": "14-03-2024",
      "recordSource": "Online",
      "isPromoActive": "N",
      "priceChangeCode": "E"
    },
    "isAvailable": true,
    "isPriceAvailable": true,
    "inPromo": false,
    "gtin": [
      "05412141230485",
      "05412141230195",
      "05412141230348"
    ],
    "topCategoryName": "Dieetvoeding/Voedingssupplementen",
    "topCategoryId": "347",
    "businessDomain": "NON_FOOD",
    "IsPrivateLabel": false,
    "IsBiffe": false,
    "IsWeightArticle": false,
    "RecentQuanityOfStockUnits": "1",
    "LongName": "BIOVER soepele gewrichten 45st",
    "IsBio": false,
    "CountryOfOrigin": "BELGIË",
    "FicCode": "E",
    "OrderUnit": "P",
    "ShortName": "BIOV SOEPEL GEWRICHT 45",
    "IsNew": false
  },
  {
    "productId": "824020",
    "technicalArticleNumber": "4659819",
    "commercialArticleNumber": "451044",
    "name": "triple energy",
    "brand": "BIOVER",
    "seoBrand": "Biover",
    "thumbNail": "https://static.colruytgroup.com/images/200x200/std.lang.all/76/93/asset-2877693.jpg",
    "fullImage": "https://static.colruytgroup.com/images/500x500/std.lang.all/76/93/asset-2877693.jpg",
    "squareImage": "https://static.colruytgroup.com/images/500x500sq/std.lang.all/76/93/asset-2877693.jpg",
    "content": "20st",
    "walkRouteSequenceNumber": 13748,
    "price": {
      "basicPrice": 14.49,
      "recommendedQuantity": "1.0",
      "measurementUnitPrice": 0.73,
      "measurementUnit": "S",
      "isRedPrice": false,
      "pricePerUOM": 0.73,
      "activationDate": "14-03-2024",
      "recordSource": "Offline",
      "isPromoActive": "N",
      "priceChangeCode": "E"
    },
    "isAvailable": true,
    "isPriceAvailable": true,
    "inPromo": false,
    "gtin": [
      "05412141227720",
      "05412141227782"
    ],
    "topCategoryName": "Dieetvoeding/Voedingssupplementen",
    "topCategoryId": "347",
    "businessDomain": "NON_FOOD",
    "IsPrivateLabel": false,
    "IsBiffe": false,
    "IsWeightArticle": false,
    "RecentQuanityOfStockUnits": "1",
    "LongName": "BIOVER triple energy 20st",
    "IsBio": false,
    "CountryOfOrigin": "ITALIË",
    "FicCode": "E",
    "OrderUnit": "P",
    "ShortName": "BIOV TRIPLE ENERGY 20ST",
    "IsNew": false
  },
  {
    "productId": "823904",
    "technicalArticleNumber": "4659609",
    "commercialArticleNumber": "451041",
    "name": "gewichtsverlies",
    "description": "*Vermindert vet",
    "brand": "XL-S",
    "seoBrand": "XL-S",
    "thumbNail": "https://static.colruytgroup.com/images/200x200/std.lang.all/50/22/asset-2435022.jpg",
    "fullImage": "https://static.colruytgroup.com/images/500x500/std.lang.all/50/22/asset-2435022.jpg",
    "squareImage": "https://static.colruytgroup.com/images/500x500sq/std.lang.all/50/22/asset-2435022.jpg",
    "content": "150st",
    "walkRouteSequenceNumber": 13522,
    "price": {
      "basicPrice": 30.19,
      "recommendedQuantity": "1.0",
      "measurementUnitPrice": 0.202,
      "measurementUnit": "S",
      "isRedPrice": false,
      "pricePerUOM": 0.202,
      "activationDate": "23-03-2024",
      "recordSource": "Offline",
      "isPromoActive": "N",
      "priceChangeCode": "L"
    },
    "isAvailable": true,
    "isPriceAvailable": true,
    "inPromo": false,
    "gtin": [
      "05414969016142",
      "05414969010171",
      "05412141229458"
    ],
    "topCategoryName": "Dieetvoeding/Voedingssupplementen",
    "topCategoryId": "347",
    "businessDomain": "NON_FOOD",
    "IsPrivateLabel": false,
    "IsBiffe": false,
    "IsWeightArticle": false,
    "RecentQuanityOfStockUnits": "1",
    "LongName": "XL-S gewichtsverlies 150st",
    "IsBio": false,
    "CountryOfOrigin": "DUITSLAND",
    "FicCode": "E",
    "OrderUnit": "P",
    "ShortName": "XLS GEWICHTSVERLIES 150",
    "IsNew": false
  },
  {
    "productId": "823601",
    "technicalArticleNumber": "4659219",
    "commercialArticleNumber": "451022",
    "name": "reep appel-blauwe bes",
    "description": "*2 repen=1 maaltijd",
    "brand": "GERLINÉA",
    "seoBrand": "Gerlinéa",
    "thumbNail": "https://static.colruytgroup.com/images/200x200/std.lang.all/91/86/asset-3029186.jpg",
    "fullImage": "https://static.colruytgroup.com/images/500x500/std.lang.all/91/86/asset-3029186.jpg",
    "squareImage": "https://static.colruytgroup.com/images/500x500sq/std.lang.all/91/86/asset-3029186.jpg",
    "content": "8x45g",
    "walkRouteSequenceNumber": 13538,
    "price": {
      "basicPrice": 14.41,
      "recommendedQuantity": "1.0",
      "measurementUnitPrice": 40.03,
      "measurementUnit": "K",
      "isRedPrice": false,
      "pricePerUOM": 40.03,
      "activationDate": "19-03-2024",
      "recordSource": "Offline",
      "isPromoActive": "N",
      "priceChangeCode": "L"
    },
    "isAvailable": true,
    "isPriceAvailable": true,
    "inPromo": false,
    "gtin": [
      "05410063026117",
      "05410063025868"
    ],
    "topCategoryName": "Dieetvoeding/Voedingssupplementen",
    "topCategoryId": "347",
    "businessDomain": "NON_FOOD",
    "IsPrivateLabel": false,
    "IsBiffe": false,
    "IsWeightArticle": false,
    "RecentQuanityOfStockUnits": "1",
    "LongName": "GERLINÉA reep appel-blauwe bes 8x45g",
    "IsBio": false,
    "CountryOfOrigin": "FRANKRIJK",
    "FicCode": "E",
    "OrderUnit": "P",
    "ShortName": "GERL MT APPEL-BES 8X45G",
    "IsNew": false
  },
  {
    "productId": "824739",
    "technicalArticleNumber": "4661233",
    "commercialArticleNumber": "451075",
    "name": "kuur vet verbrander",
    "brand": "XL-S",
    "seoBrand": "XL-S",
    "thumbNail": "https://static.colruytgroup.com/images/200x200/std.lang.all/59/25/asset-1845925.jpg",
    "fullImage": "https://static.colruytgroup.com/images/500x500/std.lang.all/59/25/asset-1845925.jpg",
    "squareImage": "https://static.colruytgroup.com/images/500x500sq/std.lang.all/59/25/asset-1845925.jpg",
    "content": "60st",
    "walkRouteSequenceNumber": 13521,
    "price": {
      "basicPrice": 37.99,
      "recommendedQuantity": "1.0",
      "measurementUnitPrice": 0.64,
      "measurementUnit": "S",
      "isRedPrice": false,
      "pricePerUOM": 0.64,
      "activationDate": "15-03-2024",
      "recordSource": "Offline",
      "isPromoActive": "N",
      "priceChangeCode": "H"
    },
    "isAvailable": true,
    "isPriceAvailable": true,
    "inPromo": false,
    "gtin": [
      "05412141227102",
      "05412141226792"
    ],
    "topCategoryName": "Dieetvoeding/Voedingssupplementen",
    "topCategoryId": "347",
    "businessDomain": "NON_FOOD",
    "IsPrivateLabel": false,
    "IsBiffe": false,
    "IsWeightArticle": false,
    "RecentQuanityOfStockUnits": "1",
    "LongName": "XL-S kuur vet verbrander 60st",
    "IsBio": false,
    "CountryOfOrigin": "BELGIË",
    "FicCode": "E",
    "OrderUnit": "P",
    "ShortName": "XLS KUUR VETVERBRAN.60P",
    "IsNew": false
  },
  {
    "productId": "824171",
    "technicalArticleNumber": "4660117",
    "commercialArticleNumber": "451050",
    "name": "junior vitamine D",
    "brand": "BIOVER",
    "seoBrand": "Biover",
    "thumbNail": "https://static.colruytgroup.com/images/200x200/nl_be/75/32/asset-2527532.jpg",
    "fullImage": "https://static.colruytgroup.com/images/500x500/nl_be/75/32/asset-2527532.jpg",
    "squareImage": "https://static.colruytgroup.com/images/500x500sq/nl_be/75/32/asset-2527532.jpg",
    "content": "150st",
    "walkRouteSequenceNumber": 13715,
    "price": {
      "basicPrice": 10.99,
      "recommendedQuantity": "1.0",
      "measurementUnitPrice": 0.074,
      "measurementUnit": "S",
      "isRedPrice": false,
      "pricePerUOM": 0.074,
      "activationDate": "16-03-2024",
      "recordSource": "Offline",
      "isPromoActive": "N",
      "priceChangeCode": "L"
    },
    "isAvailable": true,
    "isPriceAvailable": true,
    "inPromo": false,
    "gtin": [
      "05412141229632",
      "05412141229649"
    ],
    "topCategoryName": "Dieetvoeding/Voedingssupplementen",
    "topCategoryId": "347",
    "businessDomain": "NON_FOOD",
    "IsPrivateLabel": false,
    "IsBiffe": false,
    "IsWeightArticle": false,
    "RecentQuanityOfStockUnits": "1",
    "LongName": "BIOVER junior vitamine D 150st",
    "IsBio": false,
    "CountryOfOrigin": "BELGIË",
    "FicCode": "E",
    "OrderUnit": "P",
    "ShortName": "BIOV JNR VIT.D 150ST",
    "IsNew": false
  },
  {
    "productId": "823598",
    "technicalArticleNumber": "4659216",
    "commercialArticleNumber": "451021",
    "name": "Shake ijskoffie",
    "description": "*Mijn pauze",
    "brand": "GERLINÉA",
    "seoBrand": "Gerlinéa",
    "thumbNail": "https://static.colruytgroup.com/images/200x200/std.lang.all/91/85/asset-3029185.jpg",
    "fullImage": "https://static.colruytgroup.com/images/500x500/std.lang.all/91/85/asset-3029185.jpg",
    "squareImage": "https://static.colruytgroup.com/images/500x500sq/std.lang.all/91/85/asset-3029185.jpg",
    "content": "240g",
    "walkRouteSequenceNumber": 13544,
    "price": {
      "basicPrice": 14.27,
      "recommendedQuantity": "1.0",
      "measurementUnitPrice": 59.46,
      "measurementUnit": "K",
      "isRedPrice": false,
      "pricePerUOM": 59.46,
      "activationDate": "20-02-2024",
      "recordSource": "Offline",
      "isPromoActive": "N",
      "priceChangeCode": "H"
    },
    "isAvailable": true,
    "isPriceAvailable": true,
    "inPromo": false,
    "gtin": [
      "05410063038813",
      "05410063038820"
    ],
    "topCategoryName": "Dieetvoeding/Voedingssupplementen",
    "topCategoryId": "347",
    "businessDomain": "NON_FOOD",
    "IsPrivateLabel": false,
    "IsBiffe": false,
    "IsWeightArticle": false,
    "RecentQuanityOfStockUnits": "1",
    "LongName": "GERLINÉA Shake ijskoffie 240g",
    "IsBio": false,
    "CountryOfOrigin": "FRANKRIJK",
    "FicCode": "E",
    "OrderUnit": "P",
    "ShortName": "GERL MP SHAKE IJSKOF240",
    "IsNew": false
  },
  {
    "productId": "823885",
    "technicalArticleNumber": "4659296",
    "commercialArticleNumber": "451038",
    "name": "detox artisjok-appel",
    "brand": "GERLINÉA",
    "seoBrand": "Gerlinéa",
    "thumbNail": "https://static.colruytgroup.com/images/200x200/std.lang.all/85/96/asset-3028596.jpg",
    "fullImage": "https://static.colruytgroup.com/images/500x500/std.lang.all/85/96/asset-3028596.jpg",
    "squareImage": "https://static.colruytgroup.com/images/500x500sq/std.lang.all/85/96/asset-3028596.jpg",
    "content": "7x10ml",
    "walkRouteSequenceNumber": 13520,
    "price": {
      "basicPrice": 9.99,
      "recommendedQuantity": "1.0",
      "measurementUnitPrice": 142.72,
      "measurementUnit": "L",
      "isRedPrice": false,
      "pricePerUOM": 142.72,
      "activationDate": "12-01-2024",
      "isPromoActive": "Y",
      "priceChangeCode": "L"
    },
    "isAvailable": true,
    "isPriceAvailable": true,
    "inPromo": false,
    "gtin": [
      "03175681186446",
      "03175681186439"
    ],
    "topCategoryName": "Dieetvoeding/Voedingssupplementen",
    "topCategoryId": "347",
    "businessDomain": "NON_FOOD",
    "IsPrivateLabel": false,
    "IsBiffe": false,
    "IsWeightArticle": false,
    "RecentQuanityOfStockUnits": "1",
    "LongName": "GERLINÉA detox artisjok-appel 7x10ml",
    "IsBio": false,
    "AlcoholVolume": "0",
    "CountryOfOrigin": "FRANKRIJK",
    "FicCode": "E",
    "OrderUnit": "P",
    "ShortName": "GERL DET.ART-APP 7X10ML",
    "IsNew": false
  }
]