[
  {
    "productId": "6675",
    "technicalArticleNumber": "30267",
    "commercialArticleNumber": "30267",
    "name": "frieten",
    "description": "*Voorgebakken in\nzonnebloemolie\n*Op lengte\ngeselecteerd\n*Gemiddelde dikte",
    "brand": "BONI",
    "seoBrand": "Boni Selection",
    "thumbNail": "https://static.colruytgroup.com/images/200x200/std.lang.all/77/94/asset-2857794.jpg",
    "fullImage": "https://static.colruytgroup.com/images/500x500/std.lang.all/77/94/asset-2857794.jpg",
    "squareImage": "https://static.colruytgroup.com/images/500x500sq/std.lang.all/77/94/asset-2857794.jpg",
    "content": "1kg",
    "walkRouteSequenceNumber": 16329,
    "price": {
      "basicPrice": 0.99,
      "recommendedQuantity": "1.0",
      "measurementUnitPrice": 0.99,
      "measurementUnit": "K",
      "isRedPrice": false,
      "pricePerUOM": 0.99,
      "activationDate": "28-02-2024",
      "recordSource": "Offline",
      "isPromoActive": "N",
      "priceChangeCode": "H"
    },
    "isAvailable": true,
    "isPriceAvailable": true,
    "inPromo": false,
    "gtin": [
      "05400141008500",
      "05400141039948",
      "05400141075014",
      "05400141224016",
      "05400141237702",
      "05400141392678",
      "15400141039945",
      "15400141237709",
      "15400141602002",
      "05400141602005",
      "05400141294040"
    ],
    "topCategoryName": "Diepvries",
    "topCategoryId": "129",
    "businessDomain": "RETAIL_BE",
    "IsPrivateLabel": true,
    "IsBiffe": false,
    "WeightconversionFactor": "0",
    "IsWeightArticle": false,
    "nutriscoreLabel": "B",
    "IsBio": false,
    "CountryOfOrigin": "BELGIË",
    "IsExclusivelySoldInLuxembourg": false,
    "OrderUnit": "P",
    "ShortName": "BONI FRIET 1KG",
    "IsNew": false,
    "EcoscoreLabel": "B",
    "RecentQuanityOfStockUnits": "1,10",
    "LongName": "BONI frieten 1kg",
    "AlcoholVolume": "0",
    "FicCode": "I",
    "EcoscoreValue": "71"
  },
  {
    "productId": "11382",
    "technicalArticleNumber": "1410371",
    "commercialArticleNumber": "30716",
    "name": "Chocoladebroodjes 10st",
    "description": "*20-22 minuten in de\noven",
    "brand": "BONI",
    "seoBrand": "Boni Selection",
    "thumbNail": "https://static.colruytgroup.com/images/200x200/std.lang.all/85/71/asset-2348571.jpg",
    "fullImage": "https://static.colruytgroup.com/images/500x500/std.lang.all/85/71/asset-2348571.jpg",
    "squareImage": "https://static.colruytgroup.com/images/500x500sq/std.lang.all/85/71/asset-2348571.jpg",
    "content": "700g",
    "walkRouteSequenceNumber": 17950,
    "price": {
      "basicPrice": 2.67,
      "recommendedQuantity": "1.0",
      "measurementUnitPrice": 3.82,
      "measurementUnit": "K",
      "isRedPrice": false,
      "pricePerUOM": 3.82,
      "activationDate": "06-03-2024",
      "recordSource": "Offline",
      "isPromoActive": "N",
      "priceChangeCode": "L"
    },
    "isAvailable": true,
    "isPriceAvailable": true,
    "inPromo": false,
    "gtin": [
      "05400141507164",
      "15400141307174",
      "15400141919230",
      "05400141219739",
      "05400141307177",
      "05400141181784",
      "05400141323603"
    ],
    "topCategoryName": "Diepvries",
    "topCategoryId": "129",
    "businessDomain": "RETAIL_BE",
    "IsPrivateLabel": true,
    "IsBiffe": false,
    "WeightconversionFactor": "0",
    "IsWeightArticle": false,
    "nutriscoreLabel": "E",
    "IsBio": false,
    "CountryOfOrigin": "FRANKRIJK",
    "IsExclusivelySoldInLuxembourg": false,
    "OrderUnit": "P",
    "ShortName": "BONI CHOCOLADEBROOD10ST",
    "IsNew": false,
    "EcoscoreLabel": "C",
    "RecentQuanityOfStockUnits": "10,1",
    "LongName": "BONI Chocoladebroodjes 10st 700g",
    "AlcoholVolume": "0",
    "FicCode": "I",
    "EcoscoreValue": "54"
  },
  {
    "productId": "2612",
    "technicalArticleNumber": "30039",
    "commercialArticleNumber": "30039",
    "name": "erwten extra fijn",
    "description": "*Extra fijne erwten",
    "brand": "BONI",
    "seoBrand": "Boni Selection",
    "thumbNail": "https://static.colruytgroup.com/images/200x200/std.lang.all/94/61/asset-3369461.jpg",
    "fullImage": "https://static.colruytgroup.com/images/500x500/std.lang.all/94/61/asset-3369461.jpg",
    "squareImage": "https://static.colruytgroup.com/images/500x500sq/std.lang.all/94/61/asset-3369461.jpg",
    "content": "1,5kg",
    "walkRouteSequenceNumber": 17030,
    "price": {
      "basicPrice": 2.38,
      "recommendedQuantity": "1.0",
      "measurementUnitPrice": 1.59,
      "measurementUnit": "K",
      "isRedPrice": false,
      "pricePerUOM": 1.59,
      "activationDate": "21-03-2024",
      "isPromoActive": "N",
      "priceChangeCode": "L"
    },
    "isAvailable": true,
    "isPriceAvailable": true,
    "inPromo": false,
    "gtin": [
      "05400141553406",
      "15400141553403",
      "05400141656503",
      "05400141146141",
      "05400141181845",
      "05400141272857",
      "05400141364972",
      "05400141400397"
    ],
    "topCategoryName": "Diepvries",
    "topCategoryId": "129",
    "businessDomain": "RETAIL_BE",
    "IsPrivateLabel": true,
    "IsBiffe": false,
    "WeightconversionFactor": "0",
    "IsWeightArticle": false,
    "nutriscoreLabel": "A",
    "IsBio": false,
    "CountryOfOrigin": "BELGIË",
    "IsExclusivelySoldInLuxembourg": false,
    "OrderUnit": "P",
    "ShortName": "BONI EX.FIJN ERWTEN 1K5",
    "IsNew": false,
    "EcoscoreLabel": "A",
    "RecentQuanityOfStockUnits": "1,1,8,8",
    "LongName": "BONI erwten extra fijn 1,5kg",
    "AlcoholVolume": "0",
    "FicCode": "I",
    "EcoscoreValue": "100"
  },
  {
    "productId": "1065",
    "technicalArticleNumber": "30013",
    "commercialArticleNumber": "30013",
    "name": "spinazie roomsaus",
    "description": "*Spinazie in\nroomsaus",
    "brand": "EVERYDAY",
    "seoBrand": "Everyday",
    "thumbNail": "https://static.colruytgroup.com/images/200x200/std.lang.all/39/12/asset-383912.jpg",
    "fullImage": "https://static.colruytgroup.com/images/500x500/std.lang.all/39/12/asset-383912.jpg",
    "squareImage": "https://static.colruytgroup.com/images/500x500sq/std.lang.all/39/12/asset-383912.jpg",
    "content": "450g",
    "walkRouteSequenceNumber": 16991,
    "price": {
      "basicPrice": 0.52,
      "recommendedQuantity": "1.0",
      "measurementUnitPrice": 1.16,
      "measurementUnit": "K",
      "isRedPrice": false,
      "pricePerUOM": 1.16,
      "activationDate": "17-02-2024",
      "recordSource": "Offline",
      "isPromoActive": "N",
      "priceChangeCode": "E"
    },
    "isAvailable": true,
    "isPriceAvailable": true,
    "inPromo": false,
    "gtin": [
      "05400141030013",
      "05400141146752",
      "05400141238686",
      "15400141238683",
      "15400141931287"
    ],
    "topCategoryName": "Diepvries",
    "topCategoryId": "129",
    "businessDomain": "RETAIL_BE",
    "IsPrivateLabel": true,
    "IsBiffe": false,
    "WeightconversionFactor": "0",
    "IsWeightArticle": false,
    "nutriscoreLabel": "A",
    "IsBio": false,
    "CountryOfOrigin": "NEDERLAND",
    "IsExclusivelySoldInLuxembourg": false,
    "OrderUnit": "P",
    "ShortName": "EVD SPINAZIE ROOM 450 G",
    "IsNew": false,
    "EcoscoreLabel": "A",
    "RecentQuanityOfStockUnits": "1,9",
    "LongName": "EVERYDAY spinazie roomsaus 450g",
    "AlcoholVolume": "0",
    "FicCode": "I",
    "EcoscoreValue": "81"
  },
  {
    "productId": "115952",
    "technicalArticleNumber": "3053696",
    "commercialArticleNumber": "24677",
    "name": "frieten",
    "description": "* Voorgebakken in zonnebloemolie\n* Normaal: 9x9mm",
    "brand": "EVERYDAY",
    "seoBrand": "Everyday",
    "thumbNail": "https://static.colruytgroup.com/images/200x200/std.lang.all/44/30/asset-3454430.jpg",
    "fullImage": "https://static.colruytgroup.com/images/500x500/std.lang.all/44/30/asset-3454430.jpg",
    "squareImage": "https://static.colruytgroup.com/images/500x500sq/std.lang.all/44/30/asset-3454430.jpg",
    "content": "2,5kg",
    "walkRouteSequenceNumber": 16362,
    "price": {
      "basicPrice": 2.49,
      "recommendedQuantity": "1.0",
      "quantityPrice": 2.24,
      "quantityPriceQuantity": "2.0",
      "measurementUnitPrice": 1,
      "measurementUnitQuantityPrice": 0.9,
      "measurementUnit": "K",
      "isRedPrice": false,
      "pricePerUOM": 1,
      "activationDate": "21-03-2024",
      "recordSource": "Offline",
      "isPromoActive": "N",
      "priceChangeCode": "E",
      "quantityPricePerUOM": 0.9,
      "quantityActivationDate": "21-03-2024",
      "quantityPriceChangeCode": "E"
    },
    "isAvailable": true,
    "isPriceAvailable": true,
    "inPromo": false,
    "gtin": [
      "15400141288916",
      "05400141424997",
      "05400141288919",
      "05400141237597",
      "15400141601647",
      "15400141444008",
      "05400141223972",
      "05400141186505",
      "05400141005912",
      "05400141601640",
      "05400141444001"
    ],
    "topCategoryName": "Diepvries",
    "topCategoryId": "129",
    "businessDomain": "RETAIL_BE",
    "IsPrivateLabel": true,
    "IsBiffe": false,
    "WeightconversionFactor": "0",
    "IsWeightArticle": false,
    "nutriscoreLabel": "A",
    "IsBio": false,
    "CountryOfOrigin": "BELGIË",
    "IsExclusivelySoldInLuxembourg": false,
    "OrderUnit": "P",
    "ShortName": "EVD FRIET 2K5",
    "InSeason": true,
    "IsNew": false,
    "EcoscoreLabel": "B",
    "RecentQuanityOfStockUnits": "4,1,1,4",
    "LongName": "EVERYDAY frieten 2,5kg",
    "AlcoholVolume": "0",
    "StartSeasonDate": "28/12/2021",
    "FicCode": "I",
    "EcoscoreValue": "71"
  },
  {
    "productId": "106153",
    "technicalArticleNumber": "3153684",
    "commercialArticleNumber": "17514",
    "name": "scampi M gepeld 38-51 ASC",
    "description": "*Aquacultuur Vietnam\n*met label ASC\n*Geblancheerd,gepeld,\nontdarmd\n*Maat 35/47,38-51st.",
    "brand": "EVERYDAY",
    "seoBrand": "Everyday",
    "thumbNail": "https://static.colruytgroup.com/images/200x200/std.lang.all/80/01/asset-2068001.jpg",
    "fullImage": "https://static.colruytgroup.com/images/500x500/std.lang.all/80/01/asset-2068001.jpg",
    "squareImage": "https://static.colruytgroup.com/images/500x500sq/std.lang.all/80/01/asset-2068001.jpg",
    "content": "500g",
    "walkRouteSequenceNumber": 16695,
    "price": {
      "basicPrice": 9.94,
      "recommendedQuantity": "1.0",
      "quantityPrice": 7.77,
      "quantityPriceQuantity": "2.0",
      "measurementUnitPrice": 19.88,
      "measurementUnitQuantityPrice": 15.54,
      "measurementUnit": "K",
      "isRedPrice": false,
      "pricePerUOM": 19.88,
      "activationDate": "21-03-2024",
      "recordSource": "Offline",
      "isPromoActive": "N",
      "priceChangeCode": "E",
      "quantityPricePerUOM": 15.54,
      "quantityActivationDate": "21-03-2024",
      "quantityPriceChangeCode": "H"
    },
    "isAvailable": true,
    "isPriceAvailable": true,
    "inPromo": false,
    "gtin": [
      "15400141430728",
      "05400141563979",
      "05400141142488",
      "05400141430721",
      "05400141354683",
      "05400141335170",
      "05400141698152",
      "15400141608226",
      "05400141055641",
      "05400141058727",
      "05400141142495",
      "05400141142501",
      "05400141163681",
      "05400141182378",
      "05400141185256",
      "05400141225198",
      "05400141257731",
      "05400141285062",
      "05400141287424",
      "05400141292732",
      "05400141330281",
      "15400141287421",
      "15400141292739",
      "15400141330288",
      "15400141335177",
      "15400141185253",
      "15400141257721"
    ],
    "topCategoryName": "Diepvries",
    "topCategoryId": "129",
    "businessDomain": "RETAIL_BE",
    "IsPrivateLabel": true,
    "IsBiffe": false,
    "WeightconversionFactor": "0",
    "IsWeightArticle": false,
    "nutriscoreLabel": "A",
    "IsBio": false,
    "CountryOfOrigin": "INDIA",
    "IsExclusivelySoldInLuxembourg": false,
    "OrderUnit": "P",
    "ShortName": "EVD GEPELDE SCAMPI 500G",
    "IsNew": false,
    "EcoscoreLabel": "D",
    "RecentQuanityOfStockUnits": "1,1,1,20,1,20,20",
    "LongName": "EVERYDAY scampi M gepeld 38-51 ASC 500g",
    "AlcoholVolume": "0",
    "FicCode": "I",
    "EcoscoreValue": "23"
  },
  {
    "productId": "1071",
    "technicalArticleNumber": "30027",
    "commercialArticleNumber": "30027",
    "name": "broccoli in roosjes",
    "description": "*Los diepgevroren",
    "brand": "BONI",
    "seoBrand": "Boni Selection",
    "thumbNail": "https://static.colruytgroup.com/images/200x200/std.lang.all/79/02/asset-3137902.jpg",
    "fullImage": "https://static.colruytgroup.com/images/500x500/std.lang.all/79/02/asset-3137902.jpg",
    "squareImage": "https://static.colruytgroup.com/images/500x500sq/std.lang.all/79/02/asset-3137902.jpg",
    "content": "1kg",
    "walkRouteSequenceNumber": 17046,
    "price": {
      "basicPrice": 1.59,
      "recommendedQuantity": "1.0",
      "measurementUnitPrice": 1.59,
      "measurementUnit": "K",
      "isRedPrice": false,
      "pricePerUOM": 1.59,
      "activationDate": "12-03-2024",
      "recordSource": "Offline",
      "isPromoActive": "N",
      "priceChangeCode": "E"
    },
    "isAvailable": true,
    "isPriceAvailable": true,
    "inPromo": false,
    "gtin": [
      "25400141309830",
      "05400141711110",
      "15400141846611",
      "05400141162684",
      "05400141309836",
      "05400141400274",
      "15400141921219",
      "05400141846614",
      "15400141711117"
    ],
    "topCategoryName": "Diepvries",
    "topCategoryId": "129",
    "businessDomain": "RETAIL_BE",
    "IsPrivateLabel": true,
    "IsBiffe": false,
    "WeightconversionFactor": "0",
    "IsWeightArticle": false,
    "nutriscoreLabel": "A",
    "IsBio": false,
    "CountryOfOrigin": "SPANJE",
    "IsExclusivelySoldInLuxembourg": false,
    "OrderUnit": "P",
    "ShortName": "BONI BROCCOLI 1K",
    "IsNew": false,
    "EcoscoreLabel": "A",
    "RecentQuanityOfStockUnits": "1,1,8",
    "LongName": "BONI broccoli in roosjes 1kg",
    "AlcoholVolume": "0",
    "FicCode": "I",
    "EcoscoreValue": "96"
  },
  {
    "productId": "7420",
    "technicalArticleNumber": "1132838",
    "commercialArticleNumber": "30421",
    "name": "aardappelpuree",
    "description": "*In porties",
    "brand": "BONI",
    "seoBrand": "Boni Selection",
    "thumbNail": "https://static.colruytgroup.com/images/200x200/std.lang.all/00/37/asset-3380037.jpg",
    "fullImage": "https://static.colruytgroup.com/images/500x500/std.lang.all/00/37/asset-3380037.jpg",
    "squareImage": "https://static.colruytgroup.com/images/500x500sq/std.lang.all/00/37/asset-3380037.jpg",
    "content": "1kg",
    "walkRouteSequenceNumber": 16506,
    "price": {
      "basicPrice": 1.49,
      "recommendedQuantity": "1.0",
      "measurementUnitPrice": 1.49,
      "measurementUnit": "K",
      "isRedPrice": false,
      "pricePerUOM": 1.49,
      "activationDate": "20-03-2024",
      "recordSource": "Folder",
      "isPromoActive": "N",
      "priceChangeCode": "L"
    },
    "isAvailable": true,
    "isPriceAvailable": true,
    "inPromo": false,
    "gtin": [
      "15400141238058",
      "05400141377033",
      "05400141304213",
      "05400141238051",
      "05400141224139",
      "05400141430790",
      "05400141195637"
    ],
    "topCategoryName": "Diepvries",
    "topCategoryId": "129",
    "businessDomain": "RETAIL_BE",
    "IsPrivateLabel": true,
    "IsBiffe": false,
    "WeightconversionFactor": "0",
    "IsWeightArticle": false,
    "nutriscoreLabel": "C",
    "IsBio": false,
    "CountryOfOrigin": "BELGIË",
    "IsExclusivelySoldInLuxembourg": false,
    "OrderUnit": "P",
    "ShortName": "BONI AARDPUREE 1KG",
    "IsNew": false,
    "EcoscoreLabel": "A",
    "RecentQuanityOfStockUnits": "14,1",
    "LongName": "BONI aardappelpuree 1kg",
    "AlcoholVolume": "0",
    "FicCode": "I",
    "EcoscoreValue": "91"
  },
  {
    "productId": "4719",
    "technicalArticleNumber": "30705",
    "commercialArticleNumber": "30705",
    "name": "Croissants 12st",
    "description": "*20-22 minuten in de\noven",
    "brand": "BONI",
    "seoBrand": "Boni Selection",
    "thumbNail": "https://static.colruytgroup.com/images/200x200/std.lang.all/25/88/asset-3372588.jpg",
    "fullImage": "https://static.colruytgroup.com/images/500x500/std.lang.all/25/88/asset-3372588.jpg",
    "squareImage": "https://static.colruytgroup.com/images/500x500sq/std.lang.all/25/88/asset-3372588.jpg",
    "content": "660g",
    "walkRouteSequenceNumber": 17951,
    "price": {
      "basicPrice": 3.07,
      "recommendedQuantity": "1.0",
      "measurementUnitPrice": 4.66,
      "measurementUnit": "K",
      "isRedPrice": false,
      "pricePerUOM": 4.66,
      "activationDate": "21-03-2024",
      "isPromoActive": "N",
      "priceChangeCode": "L"
    },
    "isAvailable": true,
    "isPriceAvailable": true,
    "inPromo": false,
    "gtin": [
      "05400141407051",
      "05400141181791",
      "05400141263558",
      "05400141307061",
      "15400141307068",
      "15400141919247",
      "05400141401066",
      "05400141443912"
    ],
    "topCategoryName": "Diepvries",
    "topCategoryId": "129",
    "businessDomain": "RETAIL_BE",
    "IsPrivateLabel": true,
    "IsBiffe": false,
    "WeightconversionFactor": "0",
    "IsWeightArticle": false,
    "nutriscoreLabel": "D",
    "IsBio": false,
    "CountryOfOrigin": "FRANKRIJK",
    "IsExclusivelySoldInLuxembourg": false,
    "OrderUnit": "P",
    "ShortName": "BONI CROISSANTS 12ST",
    "IsNew": false,
    "EcoscoreLabel": "B",
    "RecentQuanityOfStockUnits": "1,10,1",
    "LongName": "BONI Croissants 12st 660g",
    "AlcoholVolume": "0",
    "FicCode": "I",
    "EcoscoreValue": "61"
  },
  {
    "productId": "115960",
    "technicalArticleNumber": "3053709",
    "commercialArticleNumber": "24719",
    "name": "frieten",
    "description": "* Voorgebakken in zonnebloemolie\n* Op mengte geselecteerd\n* Normaal: 10x10mm",
    "brand": "BONI",
    "seoBrand": "Boni Selection",
    "thumbNail": "https://static.colruytgroup.com/images/200x200/std.lang.all/45/50/asset-3384550.jpg",
    "fullImage": "https://static.colruytgroup.com/images/500x500/std.lang.all/45/50/asset-3384550.jpg",
    "squareImage": "https://static.colruytgroup.com/images/500x500sq/std.lang.all/45/50/asset-3384550.jpg",
    "content": "2kg",
    "walkRouteSequenceNumber": 16344,
    "price": {
      "basicPrice": 2.71,
      "recommendedQuantity": "1.0",
      "quantityPrice": 2.07,
      "quantityPriceQuantity": "2.0",
      "measurementUnitPrice": 1.36,
      "measurementUnitQuantityPrice": 1.04,
      "measurementUnit": "K",
      "isRedPrice": false,
      "pricePerUOM": 1.36,
      "activationDate": "20-03-2024",
      "recordSource": "Offline",
      "isPromoActive": "N",
      "priceChangeCode": "E",
      "quantityPricePerUOM": 1.04,
      "quantityActivationDate": "20-03-2024",
      "quantityPriceChangeCode": "H"
    },
    "isAvailable": true,
    "isPriceAvailable": true,
    "inPromo": false,
    "gtin": [
      "15400141237624",
      "15400141005940",
      "05400141224009",
      "05400141074987",
      "05400141005943",
      "05400141354027",
      "05400141237627",
      "15400141354024"
    ],
    "topCategoryName": "Diepvries",
    "topCategoryId": "129",
    "businessDomain": "RETAIL_BE",
    "IsPrivateLabel": true,
    "IsBiffe": false,
    "WeightconversionFactor": "0",
    "IsWeightArticle": false,
    "nutriscoreLabel": "B",
    "IsBio": false,
    "CountryOfOrigin": "BELGIË",
    "IsExclusivelySoldInLuxembourg": false,
    "OrderUnit": "P",
    "ShortName": "BONI FRIET 2KG",
    "IsNew": false,
    "EcoscoreLabel": "A",
    "RecentQuanityOfStockUnits": "1,5",
    "LongName": "BONI frieten 2kg",
    "AlcoholVolume": "0",
    "FicCode": "I",
    "EcoscoreValue": "100"
  },
  {
    "productId": "6680",
    "technicalArticleNumber": "30287",
    "commercialArticleNumber": "30287",
    "name": "fishsticks graatloos MSC",
    "description": "*Fish sticks\n*Wild, noord-\noostelijk deel van\nAtlantische oceaan\n*met label MSC",
    "brand": "EVERYDAY",
    "seoBrand": "Everyday",
    "thumbNail": "https://static.colruytgroup.com/images/200x200/std.lang.all/62/46/asset-1886246.jpg",
    "fullImage": "https://static.colruytgroup.com/images/500x500/std.lang.all/62/46/asset-1886246.jpg",
    "squareImage": "https://static.colruytgroup.com/images/500x500sq/std.lang.all/62/46/asset-1886246.jpg",
    "content": "15x30g",
    "walkRouteSequenceNumber": 16923,
    "price": {
      "basicPrice": 1.99,
      "recommendedQuantity": "1.0",
      "measurementUnitPrice": 4.43,
      "measurementUnit": "K",
      "isRedPrice": false,
      "pricePerUOM": 4.43,
      "activationDate": "14-11-2023",
      "recordSource": "Offline",
      "isPromoActive": "N",
      "priceChangeCode": "E"
    },
    "isAvailable": true,
    "isPriceAvailable": true,
    "inPromo": false,
    "gtin": [
      "15400141686606",
      "05400141686609",
      "05400141039153",
      "05400141213645",
      "05400141423730",
      "15400141213642"
    ],
    "topCategoryName": "Diepvries",
    "topCategoryId": "129",
    "businessDomain": "RETAIL_BE",
    "IsPrivateLabel": true,
    "IsBiffe": false,
    "WeightconversionFactor": "0",
    "IsWeightArticle": false,
    "nutriscoreLabel": "B",
    "IsBio": false,
    "CountryOfOrigin": "DUITSLAND",
    "IsExclusivelySoldInLuxembourg": false,
    "OrderUnit": "P",
    "ShortName": "EVD FISHSTICKS 15X30G",
    "IsNew": false,
    "EcoscoreLabel": "E",
    "RecentQuanityOfStockUnits": "1,12,1",
    "LongName": "EVERYDAY fishsticks graatloos MSC 15x30g",
    "AlcoholVolume": "0",
    "FicCode": "I",
    "EcoscoreValue": "4"
  },
  {
    "productId": "30779",
    "technicalArticleNumber": "1705893",
    "commercialArticleNumber": "32836",
    "name": "Quattro Form.",
    "description": "*Met mozzarella,\nedammer, emmentaler,\nblauwschimmelkaas,\ntomaat, dunne bodem\n*In de oven",
    "brand": "DR.OETKER RISTORANTE",
    "seoBrand": "Dr.Oetker Ristorante",
    "thumbNail": "https://static.colruytgroup.com/images/200x200/std.lang.all/08/02/asset-3240802.jpg",
    "fullImage": "https://static.colruytgroup.com/images/500x500/std.lang.all/08/02/asset-3240802.jpg",
    "squareImage": "https://static.colruytgroup.com/images/500x500sq/std.lang.all/08/02/asset-3240802.jpg",
    "content": "340g",
    "walkRouteSequenceNumber": 18083,
    "price": {
      "basicPrice": 2.69,
      "recommendedQuantity": "1.0",
      "measurementUnitPrice": 7.92,
      "measurementUnit": "K",
      "isRedPrice": false,
      "pricePerUOM": 7.92,
      "activationDate": "02-03-2024",
      "recordSource": "Offline",
      "isPromoActive": "N",
      "priceChangeCode": "E"
    },
    "isAvailable": true,
    "isPriceAvailable": true,
    "inPromo": false,
    "gtin": [
      "04001724038887",
      "04001724818922",
      "04001724818908",
      "04001724012900",
      "04001724038870"
    ],
    "topCategoryName": "Diepvries",
    "topCategoryId": "129",
    "businessDomain": "RETAIL_BE",
    "IsPrivateLabel": false,
    "IsBiffe": false,
    "WeightconversionFactor": "0",
    "IsWeightArticle": false,
    "nutriscoreLabel": "C",
    "IsBio": false,
    "CountryOfOrigin": "DUITSLAND",
    "IsExclusivelySoldInLuxembourg": false,
    "OrderUnit": "P",
    "ShortName": "OETK RIST 4 FORMAG 340G",
    "IsNew": false,
    "RecentQuanityOfStockUnits": "1,7",
    "LongName": "DR.OETKER RISTORANTE Quattro Form. 340g",
    "AlcoholVolume": "0",
    "FicCode": "E"
  },
  {
    "productId": "66278",
    "technicalArticleNumber": "2772295",
    "commercialArticleNumber": "8471",
    "name": "ijsblokjes",
    "description": "*Ijsblokjes",
    "brand": "CASTLE ICE",
    "seoBrand": "Icefactory",
    "thumbNail": "https://static.colruytgroup.com/images/200x200/std.lang.all/54/53/asset-3215453.jpg",
    "fullImage": "https://static.colruytgroup.com/images/500x500/std.lang.all/54/53/asset-3215453.jpg",
    "squareImage": "https://static.colruytgroup.com/images/500x500sq/std.lang.all/54/53/asset-3215453.jpg",
    "content": "2kg",
    "walkRouteSequenceNumber": 17289,
    "price": {
      "basicPrice": 1.49,
      "recommendedQuantity": "1.0",
      "quantityPrice": 1.12,
      "quantityPriceQuantity": "2.0",
      "measurementUnitPrice": 0.75,
      "measurementUnitQuantityPrice": 0.56,
      "measurementUnit": "K",
      "isRedPrice": false,
      "pricePerUOM": 0.75,
      "activationDate": "20-03-2024",
      "recordSource": "Offline",
      "isPromoActive": "N",
      "priceChangeCode": "E",
      "quantityPricePerUOM": 0.56,
      "quantityActivationDate": "20-03-2024",
      "quantityPriceChangeCode": "L"
    },
    "isAvailable": true,
    "isPriceAvailable": true,
    "inPromo": false,
    "gtin": [
      "05419980095213",
      "15419980095210",
      "05060418210205",
      "05012168119284",
      "05060418210021",
      "05060418210120"
    ],
    "topCategoryName": "Diepvries",
    "topCategoryId": "129",
    "businessDomain": "RETAIL_BE",
    "IsPrivateLabel": false,
    "IsBiffe": false,
    "WeightconversionFactor": "0",
    "IsWeightArticle": false,
    "nutriscoreLabel": "A",
    "IsBio": false,
    "CountryOfOrigin": "BELGIË",
    "IsExclusivelySoldInLuxembourg": false,
    "OrderUnit": "P",
    "ShortName": "CASTLE ICE IJSBLOK 2KG",
    "IsNew": false,
    "RecentQuanityOfStockUnits": "6,1",
    "LongName": "CASTLE ICE ijsblokjes 2kg",
    "FicCode": "E"
  },
  {
    "productId": "669158",
    "technicalArticleNumber": "4380628",
    "commercialArticleNumber": "24328",
    "name": "frieten Airfryer oven",
    "description": "*Gecoate frieten\n*Voorgebakken\n*Diepvries\n*Geschikt voor oven,\nairfryer en friteuse",
    "brand": "BONI",
    "seoBrand": "Boni Selection",
    "thumbNail": "https://static.colruytgroup.com/images/200x200/std.lang.all/83/40/asset-2458340.jpg",
    "fullImage": "https://static.colruytgroup.com/images/500x500/std.lang.all/83/40/asset-2458340.jpg",
    "squareImage": "https://static.colruytgroup.com/images/500x500sq/std.lang.all/83/40/asset-2458340.jpg",
    "content": "1kg",
    "walkRouteSequenceNumber": 16436,
    "price": {
      "basicPrice": 1.54,
      "recommendedQuantity": "1.0",
      "measurementUnitPrice": 1.54,
      "measurementUnit": "K",
      "isRedPrice": false,
      "pricePerUOM": 1.54,
      "activationDate": "21-03-2024",
      "recordSource": "Folder",
      "isPromoActive": "N",
      "priceChangeCode": "L"
    },
    "isAvailable": true,
    "isPriceAvailable": true,
    "inPromo": false,
    "gtin": [
      "15400141472049",
      "05400141637489",
      "15400141637486",
      "05400141958683",
      "05400141472042",
      "15400141958680"
    ],
    "topCategoryName": "Diepvries",
    "topCategoryId": "129",
    "businessDomain": "RETAIL_BE",
    "IsPrivateLabel": true,
    "IsBiffe": false,
    "WeightconversionFactor": "0",
    "IsWeightArticle": false,
    "nutriscoreLabel": "C",
    "IsBio": false,
    "CountryOfOrigin": "NEDERLAND",
    "IsExclusivelySoldInLuxembourg": false,
    "OrderUnit": "P",
    "ShortName": "BONI OVENFRIET 1KG",
    "IsNew": false,
    "EcoscoreLabel": "B",
    "RecentQuanityOfStockUnits": "1,10",
    "LongName": "BONI frieten Airfryer oven 1kg",
    "FicCode": "I",
    "EcoscoreValue": "71"
  },
  {
    "productId": "1069",
    "technicalArticleNumber": "30023",
    "commercialArticleNumber": "30023",
    "name": "bloemkool in roosjes",
    "description": "*Bloemkool in\nroosjes",
    "brand": "BONI",
    "seoBrand": "Boni Selection",
    "thumbNail": "https://static.colruytgroup.com/images/200x200/std.lang.all/00/54/asset-3330054.jpg",
    "fullImage": "https://static.colruytgroup.com/images/500x500/std.lang.all/00/54/asset-3330054.jpg",
    "squareImage": "https://static.colruytgroup.com/images/500x500sq/std.lang.all/00/54/asset-3330054.jpg",
    "content": "1kg",
    "walkRouteSequenceNumber": 17002,
    "price": {
      "basicPrice": 1.19,
      "recommendedQuantity": "1.0",
      "measurementUnitPrice": 1.19,
      "measurementUnit": "K",
      "isRedPrice": false,
      "pricePerUOM": 1.19,
      "activationDate": "05-03-2024",
      "recordSource": "Offline",
      "isPromoActive": "N",
      "priceChangeCode": "E"
    },
    "isAvailable": true,
    "isPriceAvailable": true,
    "inPromo": false,
    "gtin": [
      "05400141512298",
      "05400141688337",
      "05400141500233",
      "05411963026238",
      "15400141276470",
      "15400141400233",
      "15400141962069",
      "05400141145359",
      "05400141276473",
      "15400141688334"
    ],
    "topCategoryName": "Diepvries",
    "topCategoryId": "129",
    "businessDomain": "RETAIL_BE",
    "IsPrivateLabel": true,
    "IsBiffe": false,
    "WeightconversionFactor": "0",
    "IsWeightArticle": false,
    "nutriscoreLabel": "A",
    "IsBio": false,
    "CountryOfOrigin": "BELGIË",
    "IsExclusivelySoldInLuxembourg": false,
    "OrderUnit": "P",
    "ShortName": "BONI BLOEMKOOL 1K",
    "IsNew": false,
    "EcoscoreLabel": "A",
    "RecentQuanityOfStockUnits": "1,1,1,10,10",
    "LongName": "BONI bloemkool in roosjes 1kg",
    "AlcoholVolume": "0",
    "FicCode": "I",
    "EcoscoreValue": "100"
  },
  {
    "productId": "982",
    "technicalArticleNumber": "30074",
    "commercialArticleNumber": "30074",
    "name": "bosvruchten",
    "description": "*Samenstelling:\nrode bes, aardbei,\nframboos, braambes,\nzwarte bes, wilde\nbosbes",
    "brand": "BONI",
    "seoBrand": "Boni Selection",
    "thumbNail": "https://static.colruytgroup.com/images/200x200/std.lang.all/68/68/asset-1576868.jpg",
    "fullImage": "https://static.colruytgroup.com/images/500x500/std.lang.all/68/68/asset-1576868.jpg",
    "squareImage": "https://static.colruytgroup.com/images/500x500sq/std.lang.all/68/68/asset-1576868.jpg",
    "content": "1kg",
    "walkRouteSequenceNumber": 17509,
    "price": {
      "basicPrice": 3.13,
      "recommendedQuantity": "1.0",
      "measurementUnitPrice": 3.13,
      "measurementUnit": "K",
      "isRedPrice": false,
      "pricePerUOM": 3.13,
      "activationDate": "20-03-2024",
      "recordSource": "Folder",
      "isPromoActive": "N",
      "priceChangeCode": "L"
    },
    "isAvailable": true,
    "isPriceAvailable": true,
    "inPromo": false,
    "gtin": [
      "05400141272796",
      "15400141921912",
      "05400141037685",
      "05400141162141",
      "05400141759082"
    ],
    "topCategoryName": "Diepvries",
    "topCategoryId": "129",
    "businessDomain": "RETAIL_BE",
    "IsPrivateLabel": true,
    "IsBiffe": false,
    "WeightconversionFactor": "0",
    "IsWeightArticle": false,
    "nutriscoreLabel": "A",
    "IsBio": false,
    "CountryOfOrigin": "POLEN",
    "IsExclusivelySoldInLuxembourg": false,
    "OrderUnit": "P",
    "ShortName": "BONI BOSVRUCHTEN 1K",
    "IsNew": false,
    "EcoscoreLabel": "B",
    "RecentQuanityOfStockUnits": "5,1,1",
    "LongName": "BONI bosvruchten 1kg",
    "AlcoholVolume": "0",
    "FicCode": "I",
    "EcoscoreValue": "63"
  },
  {
    "productId": "6687",
    "technicalArticleNumber": "30323",
    "commercialArticleNumber": "30323",
    "name": "frikandel",
    "description": "*Met 66%kipseparator\n5% varkensvlees\n*In de frituurpan,\npan",
    "brand": "EVERYDAY",
    "seoBrand": "Everyday",
    "thumbNail": "https://static.colruytgroup.com/images/200x200/std.lang.all/02/94/asset-1470294.jpg",
    "fullImage": "https://static.colruytgroup.com/images/500x500/std.lang.all/02/94/asset-1470294.jpg",
    "squareImage": "https://static.colruytgroup.com/images/500x500sq/std.lang.all/02/94/asset-1470294.jpg",
    "content": "20x70g",
    "walkRouteSequenceNumber": 17549,
    "price": {
      "basicPrice": 2.69,
      "recommendedQuantity": "1.0",
      "measurementUnitPrice": 1.93,
      "measurementUnit": "K",
      "isRedPrice": false,
      "pricePerUOM": 1.93,
      "activationDate": "14-11-2023",
      "recordSource": "Offline",
      "isPromoActive": "N",
      "priceChangeCode": "E"
    },
    "isAvailable": true,
    "isPriceAvailable": true,
    "inPromo": false,
    "gtin": [
      "15400141186373",
      "05400141403237",
      "05400141283501",
      "05400141186376",
      "05400141164350",
      "05400141077704"
    ],
    "topCategoryName": "Diepvries",
    "topCategoryId": "129",
    "businessDomain": "RETAIL_BE",
    "IsPrivateLabel": true,
    "IsBiffe": false,
    "WeightconversionFactor": "0",
    "IsWeightArticle": false,
    "nutriscoreLabel": "D",
    "IsBio": false,
    "CountryOfOrigin": "BELGIË",
    "IsExclusivelySoldInLuxembourg": false,
    "OrderUnit": "P",
    "ShortName": "EVD FRIKANDELLEN 20X70G",
    "IsNew": false,
    "EcoscoreLabel": "E",
    "RecentQuanityOfStockUnits": "1,10",
    "LongName": "EVERYDAY frikandel 20x70g",
    "AlcoholVolume": "0",
    "FicCode": "I",
    "EcoscoreValue": "0"
  },
  {
    "productId": "616436",
    "technicalArticleNumber": "4292496",
    "commercialArticleNumber": "2066",
    "name": "gehakte spinazie roomsaus",
    "description": "*Spinazie met\nroomsaus",
    "brand": "IGLO",
    "seoBrand": "Iglo",
    "thumbNail": "https://static.colruytgroup.com/images/200x200/std.lang.all/10/81/asset-2181081.jpg",
    "fullImage": "https://static.colruytgroup.com/images/500x500/std.lang.all/10/81/asset-2181081.jpg",
    "squareImage": "https://static.colruytgroup.com/images/500x500sq/std.lang.all/10/81/asset-2181081.jpg",
    "content": "1,2kg",
    "walkRouteSequenceNumber": 16993,
    "price": {
      "basicPrice": 2.38,
      "recommendedQuantity": "1.0",
      "measurementUnitPrice": 1.99,
      "measurementUnit": "K",
      "isRedPrice": false,
      "pricePerUOM": 1.99,
      "activationDate": "20-12-2023",
      "recordSource": "Offline",
      "isPromoActive": "N",
      "priceChangeCode": "H"
    },
    "isAvailable": true,
    "isPriceAvailable": true,
    "inPromo": false,
    "gtin": [
      "05414807605835",
      "05414807006748"
    ],
    "topCategoryName": "Diepvries",
    "topCategoryId": "129",
    "businessDomain": "RETAIL_BE",
    "IsPrivateLabel": false,
    "IsBiffe": false,
    "WeightconversionFactor": "0",
    "IsWeightArticle": false,
    "nutriscoreLabel": "A",
    "IsBio": false,
    "CountryOfOrigin": "DUITSLAND",
    "IsExclusivelySoldInLuxembourg": false,
    "OrderUnit": "P",
    "ShortName": "IGLO SPINAZIE ROOM 1K2",
    "IsNew": false,
    "RecentQuanityOfStockUnits": "1,8",
    "LongName": "IGLO gehakte spinazie roomsaus 1,2kg",
    "FicCode": "E"
  },
  {
    "productId": "577153",
    "technicalArticleNumber": "4226750",
    "commercialArticleNumber": "3756",
    "name": "fish sticks MSC 28st",
    "description": "*Gepaneerde\nAlaska pollak fillet\n*Voorgebakken\n*MSC",
    "brand": "IGLO",
    "seoBrand": "Iglo",
    "thumbNail": "https://static.colruytgroup.com/images/200x200/std.lang.all/67/25/asset-2956725.jpg",
    "fullImage": "https://static.colruytgroup.com/images/500x500/std.lang.all/67/25/asset-2956725.jpg",
    "squareImage": "https://static.colruytgroup.com/images/500x500sq/std.lang.all/67/25/asset-2956725.jpg",
    "content": "840g",
    "walkRouteSequenceNumber": 16922,
    "price": {
      "basicPrice": 6.39,
      "recommendedQuantity": "1.0",
      "measurementUnitPrice": 7.61,
      "measurementUnit": "K",
      "isRedPrice": false,
      "pricePerUOM": 7.61,
      "activationDate": "17-02-2024",
      "recordSource": "Offline",
      "isPromoActive": "N",
      "priceChangeCode": "E"
    },
    "isAvailable": true,
    "isPriceAvailable": true,
    "inPromo": false,
    "gtin": [
      "05414807006762",
      "05414807605859",
      "35414807605850"
    ],
    "topCategoryName": "Diepvries",
    "topCategoryId": "129",
    "businessDomain": "RETAIL_BE",
    "IsPrivateLabel": false,
    "IsBiffe": false,
    "WeightconversionFactor": "0",
    "IsWeightArticle": false,
    "nutriscoreLabel": "B",
    "IsBio": false,
    "CountryOfOrigin": "DUITSLAND",
    "IsExclusivelySoldInLuxembourg": false,
    "OrderUnit": "P",
    "ShortName": "IGLO FISH STICKS 840G",
    "IsNew": false,
    "RecentQuanityOfStockUnits": "1,6",
    "LongName": "IGLO fish sticks MSC 28st 840g",
    "FicCode": "E"
  },
  {
    "productId": "784666",
    "technicalArticleNumber": "4584622",
    "commercialArticleNumber": "11704",
    "name": "Mozzarella",
    "brand": "DR.OETKER RISTORANTE",
    "seoBrand": "Dr.Oetker Ristorante",
    "thumbNail": "https://static.colruytgroup.com/images/200x200/std.lang.all/53/86/asset-3215386.jpg",
    "fullImage": "https://static.colruytgroup.com/images/500x500/std.lang.all/53/86/asset-3215386.jpg",
    "squareImage": "https://static.colruytgroup.com/images/500x500sq/std.lang.all/53/86/asset-3215386.jpg",
    "content": "355g",
    "walkRouteSequenceNumber": 18056,
    "price": {
      "basicPrice": 2.69,
      "recommendedQuantity": "1.0",
      "measurementUnitPrice": 7.58,
      "measurementUnit": "K",
      "isRedPrice": false,
      "pricePerUOM": 7.58,
      "activationDate": "20-03-2024",
      "recordSource": "Offline",
      "isPromoActive": "N",
      "priceChangeCode": "L"
    },
    "isAvailable": true,
    "isPriceAvailable": true,
    "inPromo": false,
    "gtin": [
      "04001724039112",
      "04001724039129"
    ],
    "topCategoryName": "Diepvries",
    "topCategoryId": "129",
    "businessDomain": "RETAIL_BE",
    "IsPrivateLabel": false,
    "IsBiffe": false,
    "WeightconversionFactor": "0",
    "IsWeightArticle": false,
    "nutriscoreLabel": "B",
    "IsBio": false,
    "CountryOfOrigin": "DUITSLAND",
    "IsExclusivelySoldInLuxembourg": false,
    "OrderUnit": "P",
    "ShortName": "DROE RIST.MOZZARELL355G",
    "IsNew": false,
    "RecentQuanityOfStockUnits": "1,7",
    "LongName": "DR.OETKER RISTORANTE Mozzarella 355g",
    "FicCode": "E"
  },
  {
    "productId": "784654",
    "technicalArticleNumber": "4584610",
    "commercialArticleNumber": "11165",
    "name": "pizza speciale",
    "description": "*Met champignons,\nachterham, salami,\npepperoni-salami,\ngouda kaas\n*In de oven",
    "brand": "DR.OETKER",
    "seoBrand": "Dr.Oetker Ristorante",
    "thumbNail": "https://static.colruytgroup.com/images/200x200/std.lang.all/53/85/asset-3215385.jpg",
    "fullImage": "https://static.colruytgroup.com/images/500x500/std.lang.all/53/85/asset-3215385.jpg",
    "squareImage": "https://static.colruytgroup.com/images/500x500sq/std.lang.all/53/85/asset-3215385.jpg",
    "content": "345g",
    "walkRouteSequenceNumber": 18039,
    "price": {
      "basicPrice": 2.79,
      "recommendedQuantity": "1.0",
      "measurementUnitPrice": 8.09,
      "measurementUnit": "K",
      "isRedPrice": false,
      "pricePerUOM": 8.09,
      "activationDate": "06-03-2024",
      "recordSource": "Offline",
      "isPromoActive": "N",
      "priceChangeCode": "H"
    },
    "isAvailable": true,
    "isPriceAvailable": true,
    "inPromo": false,
    "gtin": [
      "04001724039051",
      "04001724039068"
    ],
    "topCategoryName": "Diepvries",
    "topCategoryId": "129",
    "businessDomain": "RETAIL_BE",
    "IsPrivateLabel": false,
    "IsBiffe": false,
    "WeightconversionFactor": "0",
    "IsWeightArticle": false,
    "nutriscoreLabel": "C",
    "IsBio": false,
    "CountryOfOrigin": "DUITSLAND",
    "IsExclusivelySoldInLuxembourg": false,
    "OrderUnit": "P",
    "ShortName": "OETK RIST SPECIALE 345G",
    "IsNew": false,
    "RecentQuanityOfStockUnits": "1,7",
    "LongName": "DR.OETKER pizza speciale 345g",
    "FicCode": "E"
  },
  {
    "productId": "10757",
    "technicalArticleNumber": "1397612",
    "commercialArticleNumber": "30407",
    "name": "aardbeien",
    "brand": "BONI",
    "seoBrand": "Boni Selection",
    "thumbNail": "https://static.colruytgroup.com/images/200x200/std.lang.all/25/76/asset-3372576.jpg",
    "fullImage": "https://static.colruytgroup.com/images/500x500/std.lang.all/25/76/asset-3372576.jpg",
    "squareImage": "https://static.colruytgroup.com/images/500x500sq/std.lang.all/25/76/asset-3372576.jpg",
    "content": "1kg",
    "walkRouteSequenceNumber": 17501,
    "price": {
      "basicPrice": 2.75,
      "recommendedQuantity": "1.0",
      "quantityPrice": 2.53,
      "quantityPriceQuantity": "3.0",
      "measurementUnitPrice": 2.75,
      "measurementUnitQuantityPrice": 2.53,
      "measurementUnit": "K",
      "isRedPrice": false,
      "pricePerUOM": 2.75,
      "activationDate": "20-03-2024",
      "recordSource": "Folder",
      "isPromoActive": "N",
      "priceChangeCode": "L",
      "quantityPricePerUOM": 2.53,
      "quantityActivationDate": "20-03-2024",
      "quantityPriceChangeCode": "L"
    },
    "isAvailable": true,
    "isPriceAvailable": true,
    "inPromo": false,
    "gtin": [
      "05400141698817",
      "15400141208266",
      "05410302091234",
      "05400141208269",
      "05400141404074",
      "05400141161984",
      "15400141698814"
    ],
    "topCategoryName": "Diepvries",
    "topCategoryId": "129",
    "businessDomain": "RETAIL_BE",
    "IsPrivateLabel": true,
    "IsBiffe": false,
    "WeightconversionFactor": "0",
    "IsWeightArticle": false,
    "nutriscoreLabel": "A",
    "IsBio": false,
    "CountryOfOrigin": "BELGIË",
    "IsExclusivelySoldInLuxembourg": false,
    "OrderUnit": "P",
    "ShortName": "BONI AARDBEIEN 1K",
    "IsNew": false,
    "EcoscoreLabel": "A",
    "RecentQuanityOfStockUnits": "1,5",
    "LongName": "BONI aardbeien 1kg",
    "AlcoholVolume": "0",
    "FicCode": "I",
    "EcoscoreValue": "85"
  },
  {
    "productId": "135870",
    "technicalArticleNumber": "3173024",
    "commercialArticleNumber": "12571",
    "name": "zalmfilet Atl.graatl.ASC",
    "description": "*Aquacultuur uit Chili\n*Graatloos\n*met label ASC",
    "brand": "EVERYDAY",
    "seoBrand": "Everyday",
    "thumbNail": "https://static.colruytgroup.com/images/200x200/std.lang.all/59/75/asset-1795975.jpg",
    "fullImage": "https://static.colruytgroup.com/images/500x500/std.lang.all/59/75/asset-1795975.jpg",
    "squareImage": "https://static.colruytgroup.com/images/500x500sq/std.lang.all/59/75/asset-1795975.jpg",
    "content": "2x125g",
    "walkRouteSequenceNumber": 16825,
    "price": {
      "basicPrice": 5.99,
      "recommendedQuantity": "1.0",
      "measurementUnitPrice": 23.96,
      "measurementUnit": "K",
      "isRedPrice": false,
      "pricePerUOM": 23.96,
      "activationDate": "02-02-2024",
      "recordSource": "Offline",
      "isPromoActive": "N",
      "priceChangeCode": "E"
    },
    "isAvailable": true,
    "isPriceAvailable": true,
    "inPromo": false,
    "gtin": [
      "05400141180268",
      "05400141351057",
      "05400141225174",
      "05400141115420",
      "15400141819196",
      "05400141819199",
      "05400141417760",
      "15400141115427",
      "05400141219340"
    ],
    "topCategoryName": "Diepvries",
    "topCategoryId": "129",
    "businessDomain": "RETAIL_BE",
    "IsPrivateLabel": true,
    "IsBiffe": false,
    "WeightconversionFactor": "0",
    "IsWeightArticle": false,
    "nutriscoreLabel": "A",
    "IsBio": false,
    "CountryOfOrigin": "NOORWEGEN",
    "IsExclusivelySoldInLuxembourg": false,
    "OrderUnit": "P",
    "ShortName": "EVD ZALMFILET 2X125G",
    "IsNew": false,
    "EcoscoreLabel": "C",
    "RecentQuanityOfStockUnits": "1,25",
    "LongName": "EVERYDAY zalmfilet Atl.graatl.ASC 2x125g",
    "AlcoholVolume": "0",
    "FicCode": "I",
    "EcoscoreValue": "40"
  },
  {
    "productId": "190277",
    "technicalArticleNumber": "3453971",
    "commercialArticleNumber": "30641",
    "name": "scampi medium 32-37 ASC",
    "description": "*Aquacult. Vietnam\n*Ongepeld, rauw,\nontdarmd, easy peel\n*Maat 31/35, 32-37st\n*met label ASC",
    "brand": "EVERYDAY",
    "seoBrand": "Everyday",
    "thumbNail": "https://static.colruytgroup.com/images/200x200/std.lang.all/62/48/asset-1886248.jpg",
    "fullImage": "https://static.colruytgroup.com/images/500x500/std.lang.all/62/48/asset-1886248.jpg",
    "squareImage": "https://static.colruytgroup.com/images/500x500sq/std.lang.all/62/48/asset-1886248.jpg",
    "content": "500g",
    "walkRouteSequenceNumber": 16655,
    "price": {
      "basicPrice": 7.76,
      "recommendedQuantity": "1.0",
      "measurementUnitPrice": 15.52,
      "measurementUnit": "K",
      "isRedPrice": false,
      "pricePerUOM": 15.52,
      "activationDate": "17-02-2024",
      "recordSource": "Offline",
      "isPromoActive": "N",
      "priceChangeCode": "E"
    },
    "isAvailable": true,
    "isPriceAvailable": true,
    "inPromo": false,
    "gtin": [
      "05400141285079",
      "05400141271942",
      "05400141330304",
      "05400141381627",
      "05400141250114",
      "05400141185522",
      "05400141074949",
      "15400141826408",
      "15400141330301",
      "15400141292746",
      "15400141271949",
      "15400141250111",
      "05400141292749",
      "05400141066647",
      "05400141266788",
      "05400141025354"
    ],
    "topCategoryName": "Diepvries",
    "topCategoryId": "129",
    "businessDomain": "RETAIL_BE",
    "IsPrivateLabel": true,
    "IsBiffe": false,
    "WeightconversionFactor": "0",
    "IsWeightArticle": false,
    "nutriscoreLabel": "A",
    "IsBio": false,
    "CountryOfOrigin": "VIETNAM",
    "IsExclusivelySoldInLuxembourg": false,
    "OrderUnit": "P",
    "ShortName": "EVD SCAMPI MED.EAS.P500",
    "IsNew": false,
    "EcoscoreLabel": "D",
    "RecentQuanityOfStockUnits": "1,1",
    "LongName": "EVERYDAY scampi medium 32-37 ASC 500g",
    "AlcoholVolume": "0",
    "FicCode": "I",
    "EcoscoreValue": "23"
  },
  {
    "productId": "981",
    "technicalArticleNumber": "30073",
    "commercialArticleNumber": "30073",
    "name": "frambozen",
    "brand": "BONI",
    "seoBrand": "Boni Selection",
    "thumbNail": "https://static.colruytgroup.com/images/200x200/std.lang.all/58/06/asset-3355806.jpg",
    "fullImage": "https://static.colruytgroup.com/images/500x500/std.lang.all/58/06/asset-3355806.jpg",
    "squareImage": "https://static.colruytgroup.com/images/500x500sq/std.lang.all/58/06/asset-3355806.jpg",
    "content": "1kg",
    "walkRouteSequenceNumber": 17500,
    "price": {
      "basicPrice": 5.98,
      "recommendedQuantity": "1.0",
      "measurementUnitPrice": 5.98,
      "measurementUnit": "K",
      "isRedPrice": false,
      "pricePerUOM": 5.98,
      "activationDate": "08-03-2024",
      "recordSource": "Offline",
      "isPromoActive": "N",
      "priceChangeCode": "E"
    },
    "isAvailable": true,
    "isPriceAvailable": true,
    "inPromo": false,
    "gtin": [
      "15400141276111",
      "15400141921875",
      "05400141162035",
      "05400141186963",
      "05400141276114",
      "05400141700732"
    ],
    "topCategoryName": "Diepvries",
    "topCategoryId": "129",
    "businessDomain": "RETAIL_BE",
    "IsPrivateLabel": true,
    "IsBiffe": false,
    "WeightconversionFactor": "0",
    "IsWeightArticle": false,
    "nutriscoreLabel": "A",
    "IsBio": false,
    "CountryOfOrigin": "BELGIË",
    "IsExclusivelySoldInLuxembourg": false,
    "OrderUnit": "P",
    "ShortName": "BONI FRAMBOZEN 1K",
    "IsNew": false,
    "EcoscoreLabel": "C",
    "RecentQuanityOfStockUnits": "5,1",
    "LongName": "BONI frambozen 1kg",
    "AlcoholVolume": "0",
    "FicCode": "I",
    "EcoscoreValue": "54"
  },
  {
    "productId": "30778",
    "technicalArticleNumber": "1705892",
    "commercialArticleNumber": "32835",
    "name": "pizza Hawaii",
    "description": "*Met ham, ananas,\ntomaat, mozzarella,\nedammer, dunne\nbodem\n*In de oven",
    "brand": "DR.OETKER RISTORANTE",
    "seoBrand": "Dr.Oetker Ristorante",
    "thumbNail": "https://static.colruytgroup.com/images/200x200/std.lang.all/54/80/asset-3215480.jpg",
    "fullImage": "https://static.colruytgroup.com/images/500x500/std.lang.all/54/80/asset-3215480.jpg",
    "squareImage": "https://static.colruytgroup.com/images/500x500sq/std.lang.all/54/80/asset-3215480.jpg",
    "content": "355g",
    "walkRouteSequenceNumber": 18058,
    "price": {
      "basicPrice": 2.69,
      "recommendedQuantity": "1.0",
      "measurementUnitPrice": 7.58,
      "measurementUnit": "K",
      "isRedPrice": false,
      "pricePerUOM": 7.58,
      "activationDate": "02-03-2024",
      "recordSource": "Offline",
      "isPromoActive": "N",
      "priceChangeCode": "E"
    },
    "isAvailable": true,
    "isPriceAvailable": true,
    "inPromo": false,
    "gtin": [
      "04001724039082",
      "04001724819608",
      "04001724819622",
      "04001724039099"
    ],
    "topCategoryName": "Diepvries",
    "topCategoryId": "129",
    "businessDomain": "RETAIL_BE",
    "IsPrivateLabel": false,
    "IsBiffe": false,
    "WeightconversionFactor": "0",
    "IsWeightArticle": false,
    "nutriscoreLabel": "B",
    "IsBio": false,
    "CountryOfOrigin": "DUITSLAND",
    "IsExclusivelySoldInLuxembourg": false,
    "OrderUnit": "P",
    "ShortName": "OETK RIST HAWAII 355G",
    "IsNew": false,
    "RecentQuanityOfStockUnits": "1",
    "LongName": "DR.OETKER RISTORANTE pizza Hawaii 355g",
    "AlcoholVolume": "0",
    "FicCode": "E"
  },
  {
    "productId": "2613",
    "technicalArticleNumber": "30043",
    "commercialArticleNumber": "30043",
    "name": "sperziebonen zeer fijn",
    "description": "*Zeer fijn",
    "brand": "BONI",
    "seoBrand": "Boni Selection",
    "thumbNail": "https://static.colruytgroup.com/images/200x200/std.lang.all/28/13/asset-2122813.jpg",
    "fullImage": "https://static.colruytgroup.com/images/500x500/std.lang.all/28/13/asset-2122813.jpg",
    "squareImage": "https://static.colruytgroup.com/images/500x500sq/std.lang.all/28/13/asset-2122813.jpg",
    "content": "1,5kg",
    "walkRouteSequenceNumber": 16973,
    "price": {
      "basicPrice": 2.38,
      "recommendedQuantity": "1.0",
      "measurementUnitPrice": 1.59,
      "measurementUnit": "K",
      "isRedPrice": false,
      "pricePerUOM": 1.59,
      "activationDate": "20-12-2023",
      "recordSource": "Offline",
      "isPromoActive": "N",
      "priceChangeCode": "L"
    },
    "isAvailable": true,
    "isPriceAvailable": true,
    "inPromo": false,
    "gtin": [
      "05400141114447",
      "05400141144505",
      "05400141182361",
      "05400141272864",
      "05400141365078",
      "05400141600438",
      "15400141400431"
    ],
    "topCategoryName": "Diepvries",
    "topCategoryId": "129",
    "businessDomain": "RETAIL_BE",
    "IsPrivateLabel": true,
    "IsBiffe": false,
    "WeightconversionFactor": "0",
    "IsWeightArticle": false,
    "nutriscoreLabel": "A",
    "IsBio": false,
    "CountryOfOrigin": "BELGIË",
    "IsExclusivelySoldInLuxembourg": false,
    "OrderUnit": "P",
    "ShortName": "BONI PRINS BONEN ZF 1K5",
    "IsNew": false,
    "EcoscoreLabel": "A",
    "RecentQuanityOfStockUnits": "1,8",
    "LongName": "BONI sperziebonen zeer fijn 1,5kg",
    "AlcoholVolume": "0",
    "FicCode": "I",
    "EcoscoreValue": "100"
  },
  {
    "productId": "28723",
    "technicalArticleNumber": "2016417",
    "commercialArticleNumber": "30312",
    "name": "aardappelpuree spinazie",
    "description": "*In porties\n*Met 30% Spinazie",
    "brand": "BONI",
    "seoBrand": "Boni Selection",
    "thumbNail": "https://static.colruytgroup.com/images/200x200/std.lang.all/12/00/asset-3331200.jpg",
    "fullImage": "https://static.colruytgroup.com/images/500x500/std.lang.all/12/00/asset-3331200.jpg",
    "squareImage": "https://static.colruytgroup.com/images/500x500sq/std.lang.all/12/00/asset-3331200.jpg",
    "content": "1kg",
    "walkRouteSequenceNumber": 16541,
    "price": {
      "basicPrice": 2.98,
      "recommendedQuantity": "1.0",
      "measurementUnitPrice": 2.98,
      "measurementUnit": "K",
      "isRedPrice": false,
      "pricePerUOM": 2.98,
      "activationDate": "16-11-2023",
      "recordSource": "Offline",
      "isPromoActive": "N",
      "priceChangeCode": "H"
    },
    "isAvailable": true,
    "isPriceAvailable": true,
    "inPromo": false,
    "gtin": [
      "15400141751397",
      "05400141075090",
      "05400141237726",
      "05400141413274",
      "05400141430318",
      "15400141237723",
      "15400141413271",
      "05400141751390"
    ],
    "topCategoryName": "Diepvries",
    "topCategoryId": "129",
    "businessDomain": "RETAIL_BE",
    "IsPrivateLabel": true,
    "IsBiffe": false,
    "WeightconversionFactor": "0",
    "IsWeightArticle": false,
    "nutriscoreLabel": "C",
    "IsBio": false,
    "CountryOfOrigin": "BELGIË",
    "IsExclusivelySoldInLuxembourg": false,
    "OrderUnit": "P",
    "ShortName": "BONI SPINAZIEPUREE 1KG",
    "IsNew": false,
    "EcoscoreLabel": "A",
    "RecentQuanityOfStockUnits": "1",
    "LongName": "BONI aardappelpuree spinazie 1kg",
    "AlcoholVolume": "0",
    "FicCode": "I",
    "EcoscoreValue": "94"
  },
  {
    "productId": "137218",
    "technicalArticleNumber": "3171886",
    "commercialArticleNumber": "12763",
    "name": "pangasiusfilet graatl.ASC",
    "description": "*Aquacultuur uit Vietnam\n*Stevige textuur\n*met label ASC",
    "brand": "EVERYDAY",
    "seoBrand": "Everyday",
    "thumbNail": "https://static.colruytgroup.com/images/200x200/std.lang.all/11/23/asset-2181123.jpg",
    "fullImage": "https://static.colruytgroup.com/images/500x500/std.lang.all/11/23/asset-2181123.jpg",
    "squareImage": "https://static.colruytgroup.com/images/500x500sq/std.lang.all/11/23/asset-2181123.jpg",
    "content": "1kg",
    "walkRouteSequenceNumber": 16826,
    "price": {
      "basicPrice": 5.76,
      "recommendedQuantity": "1.0",
      "measurementUnitPrice": 5.76,
      "measurementUnit": "K",
      "isRedPrice": false,
      "pricePerUOM": 5.76,
      "activationDate": "09-01-2024",
      "recordSource": "Offline",
      "isPromoActive": "N",
      "priceChangeCode": "E"
    },
    "isAvailable": true,
    "isPriceAvailable": true,
    "inPromo": false,
    "gtin": [
      "05400141284614",
      "05400141284607",
      "05400141164411",
      "05400141144680",
      "15400141144687",
      "05400141135589",
      "15400141960782",
      "15400141610762",
      "05400141398502",
      "05400141610765"
    ],
    "topCategoryName": "Diepvries",
    "topCategoryId": "129",
    "businessDomain": "RETAIL_BE",
    "IsPrivateLabel": true,
    "IsBiffe": false,
    "WeightconversionFactor": "0",
    "IsWeightArticle": false,
    "nutriscoreLabel": "A",
    "IsBio": false,
    "CountryOfOrigin": "VIETNAM",
    "IsExclusivelySoldInLuxembourg": false,
    "OrderUnit": "P",
    "ShortName": "EVD PANGASIUSFILET 1K",
    "IsNew": false,
    "EcoscoreLabel": "E",
    "RecentQuanityOfStockUnits": "10,1,1",
    "LongName": "EVERYDAY pangasiusfilet graatl.ASC 1kg",
    "AlcoholVolume": "0",
    "FicCode": "I",
    "EcoscoreValue": "0"
  },
  {
    "productId": "108292",
    "technicalArticleNumber": "3106556",
    "commercialArticleNumber": "43292",
    "name": "blauwe bessen",
    "brand": "BONI",
    "seoBrand": "Boni Selection",
    "thumbNail": "https://static.colruytgroup.com/images/200x200/std.lang.all/16/79/asset-1721679.jpg",
    "fullImage": "https://static.colruytgroup.com/images/500x500/std.lang.all/16/79/asset-1721679.jpg",
    "squareImage": "https://static.colruytgroup.com/images/500x500sq/std.lang.all/16/79/asset-1721679.jpg",
    "content": "450g",
    "walkRouteSequenceNumber": 17498,
    "price": {
      "basicPrice": 2.06,
      "recommendedQuantity": "1.0",
      "quantityPrice": 1.55,
      "quantityPriceQuantity": "2.0",
      "measurementUnitPrice": 4.58,
      "measurementUnitQuantityPrice": 3.45,
      "measurementUnit": "K",
      "isRedPrice": false,
      "pricePerUOM": 4.58,
      "activationDate": "20-03-2024",
      "recordSource": "Offline",
      "isPromoActive": "N",
      "priceChangeCode": "E",
      "quantityPricePerUOM": 3.45,
      "quantityActivationDate": "20-03-2024",
      "quantityPriceChangeCode": "L"
    },
    "isAvailable": true,
    "isPriceAvailable": true,
    "inPromo": false,
    "gtin": [
      "15400141505280",
      "05400141121179",
      "05400141186956",
      "15400141241959",
      "05400141505283",
      "05400141241952"
    ],
    "topCategoryName": "Diepvries",
    "topCategoryId": "129",
    "businessDomain": "RETAIL_BE",
    "IsPrivateLabel": true,
    "IsBiffe": false,
    "WeightconversionFactor": "0",
    "IsWeightArticle": false,
    "nutriscoreLabel": "A",
    "IsBio": false,
    "CountryOfOrigin": "BELGIË",
    "IsExclusivelySoldInLuxembourg": false,
    "OrderUnit": "P",
    "ShortName": "BONI BLAUWE BESSEN 450G",
    "InSeason": true,
    "IsNew": false,
    "EcoscoreLabel": "C",
    "RecentQuanityOfStockUnits": "1,12",
    "LongName": "BONI blauwe bessen 450g",
    "AlcoholVolume": "0",
    "StartSeasonDate": "09/04/2019",
    "FicCode": "I",
    "EcoscoreValue": "54"
  },
  {
    "productId": "595189",
    "technicalArticleNumber": "4256611",
    "commercialArticleNumber": "22160",
    "name": "aardappelkroketten oven",
    "brand": "BONI",
    "seoBrand": "Boni Selection",
    "thumbNail": "https://static.colruytgroup.com/images/200x200/std.lang.all/00/59/asset-3330059.jpg",
    "fullImage": "https://static.colruytgroup.com/images/500x500/std.lang.all/00/59/asset-3330059.jpg",
    "squareImage": "https://static.colruytgroup.com/images/500x500sq/std.lang.all/00/59/asset-3330059.jpg",
    "content": "1kg",
    "walkRouteSequenceNumber": 16352,
    "price": {
      "basicPrice": 2.79,
      "recommendedQuantity": "1.0",
      "measurementUnitPrice": 2.79,
      "measurementUnit": "K",
      "isRedPrice": false,
      "pricePerUOM": 2.79,
      "activationDate": "20-03-2024",
      "isPromoActive": "N",
      "priceChangeCode": "H"
    },
    "isAvailable": true,
    "isPriceAvailable": true,
    "inPromo": false,
    "gtin": [
      "05400141387711",
      "05400141958676",
      "15400141387718",
      "05400141444520",
      "15400141958673"
    ],
    "topCategoryName": "Diepvries",
    "topCategoryId": "129",
    "businessDomain": "RETAIL_BE",
    "IsPrivateLabel": true,
    "IsBiffe": false,
    "WeightconversionFactor": "0",
    "IsWeightArticle": false,
    "nutriscoreLabel": "C",
    "IsBio": false,
    "CountryOfOrigin": "NEDERLAND",
    "IsExclusivelySoldInLuxembourg": false,
    "OrderUnit": "P",
    "ShortName": "BONI AARDKROKET OVEN1K",
    "IsNew": false,
    "EcoscoreLabel": "A",
    "RecentQuanityOfStockUnits": "1",
    "LongName": "BONI aardappelkroketten oven 1kg",
    "FicCode": "I",
    "EcoscoreValue": "80"
  },
  {
    "productId": "113343",
    "technicalArticleNumber": "3052553",
    "commercialArticleNumber": "24659",
    "name": "fijne frieten",
    "description": "* Voorgebakken in zonnebloemolie\n* Op lengte geselecteerd\n* Fijn: 7x7mm",
    "brand": "BONI",
    "seoBrand": "Boni Selection",
    "thumbNail": "https://static.colruytgroup.com/images/200x200/std.lang.all/16/17/asset-2741617.jpg",
    "fullImage": "https://static.colruytgroup.com/images/500x500/std.lang.all/16/17/asset-2741617.jpg",
    "squareImage": "https://static.colruytgroup.com/images/500x500sq/std.lang.all/16/17/asset-2741617.jpg",
    "content": "2kg",
    "walkRouteSequenceNumber": 16504,
    "price": {
      "basicPrice": 1.87,
      "recommendedQuantity": "1.0",
      "measurementUnitPrice": 0.94,
      "measurementUnit": "K",
      "isRedPrice": false,
      "pricePerUOM": 0.94,
      "activationDate": "21-03-2024",
      "recordSource": "Folder",
      "isPromoActive": "N",
      "priceChangeCode": "L"
    },
    "isAvailable": true,
    "isPriceAvailable": true,
    "inPromo": false,
    "gtin": [
      "15400141237570",
      "15400141005926",
      "05400141005929",
      "05400141074918",
      "05400141224030",
      "05400141237573",
      "05400141601664",
      "15400141601661"
    ],
    "topCategoryName": "Diepvries",
    "topCategoryId": "129",
    "businessDomain": "RETAIL_BE",
    "IsPrivateLabel": true,
    "IsBiffe": false,
    "WeightconversionFactor": "0",
    "IsWeightArticle": false,
    "nutriscoreLabel": "A",
    "IsBio": false,
    "CountryOfOrigin": "BELGIË",
    "IsExclusivelySoldInLuxembourg": false,
    "OrderUnit": "P",
    "ShortName": "BONI FIJNE FRIET 2KG",
    "IsNew": false,
    "EcoscoreLabel": "B",
    "RecentQuanityOfStockUnits": "1,5",
    "LongName": "BONI fijne frieten 2kg",
    "AlcoholVolume": "0",
    "FicCode": "I",
    "EcoscoreValue": "79"
  },
  {
    "productId": "103106",
    "technicalArticleNumber": "3104852",
    "commercialArticleNumber": "40528",
    "name": "Pommes Duchesse",
    "description": "*± 55 stuks\n*15-20' oven 220°\n*3'-5' in frituurpan",
    "brand": "BONI",
    "seoBrand": "Boni Selection",
    "thumbNail": "https://static.colruytgroup.com/images/200x200/std.lang.all/07/53/asset-3330753.jpg",
    "fullImage": "https://static.colruytgroup.com/images/500x500/std.lang.all/07/53/asset-3330753.jpg",
    "squareImage": "https://static.colruytgroup.com/images/500x500sq/std.lang.all/07/53/asset-3330753.jpg",
    "content": "1kg",
    "walkRouteSequenceNumber": 16426,
    "price": {
      "basicPrice": 1.18,
      "recommendedQuantity": "1.0",
      "measurementUnitPrice": 1.18,
      "measurementUnit": "K",
      "isRedPrice": false,
      "pricePerUOM": 1.18,
      "activationDate": "20-03-2024",
      "recordSource": "Folder",
      "isPromoActive": "N",
      "priceChangeCode": "L"
    },
    "isAvailable": true,
    "isPriceAvailable": true,
    "inPromo": false,
    "gtin": [
      "15400141238225",
      "15400141012665",
      "05400141281200",
      "05400141121056",
      "05400141012668"
    ],
    "topCategoryName": "Diepvries",
    "topCategoryId": "129",
    "businessDomain": "RETAIL_BE",
    "IsPrivateLabel": true,
    "IsBiffe": false,
    "WeightconversionFactor": "0",
    "IsWeightArticle": false,
    "nutriscoreLabel": "C",
    "IsBio": false,
    "CountryOfOrigin": "NEDERLAND",
    "IsExclusivelySoldInLuxembourg": false,
    "OrderUnit": "P",
    "ShortName": "BONI POM.DUCHESSES 1 KG",
    "InSeason": true,
    "IsNew": false,
    "EcoscoreLabel": "A",
    "RecentQuanityOfStockUnits": "1,12",
    "LongName": "BONI Pommes Duchesse 1kg",
    "AlcoholVolume": "0",
    "StartSeasonDate": "04/02/2020",
    "FicCode": "I",
    "EcoscoreValue": "86"
  },
  {
    "productId": "14867",
    "technicalArticleNumber": "1546028",
    "commercialArticleNumber": "30042",
    "name": "wortelen schijfjes",
    "description": "*Wortelen in\nschijfjes",
    "brand": "BONI",
    "seoBrand": "Boni Selection",
    "thumbNail": "https://static.colruytgroup.com/images/200x200/std.lang.all/41/55/asset-2354155.jpg",
    "fullImage": "https://static.colruytgroup.com/images/500x500/std.lang.all/41/55/asset-2354155.jpg",
    "squareImage": "https://static.colruytgroup.com/images/500x500sq/std.lang.all/41/55/asset-2354155.jpg",
    "content": "1,5kg",
    "walkRouteSequenceNumber": 17066,
    "price": {
      "basicPrice": 1.87,
      "recommendedQuantity": "1.0",
      "quantityPrice": 1.8,
      "quantityPriceQuantity": "3.0",
      "measurementUnitPrice": 1.25,
      "measurementUnitQuantityPrice": 1.2,
      "measurementUnit": "K",
      "isRedPrice": false,
      "pricePerUOM": 1.25,
      "activationDate": "19-03-2024",
      "recordSource": "Offline",
      "isPromoActive": "N",
      "priceChangeCode": "H",
      "quantityPricePerUOM": 1.2,
      "quantityActivationDate": "19-03-2024",
      "quantityPriceChangeCode": "H"
    },
    "isAvailable": true,
    "isPriceAvailable": true,
    "inPromo": false,
    "gtin": [
      "05400141512281",
      "05400141400427",
      "05400141327403",
      "05400141273625",
      "15400141930860",
      "15400141327400",
      "05400141146134"
    ],
    "topCategoryName": "Diepvries",
    "topCategoryId": "129",
    "businessDomain": "RETAIL_BE",
    "IsPrivateLabel": true,
    "IsBiffe": false,
    "WeightconversionFactor": "0",
    "IsWeightArticle": false,
    "nutriscoreLabel": "A",
    "IsBio": false,
    "CountryOfOrigin": "BELGIË",
    "IsExclusivelySoldInLuxembourg": false,
    "OrderUnit": "P",
    "ShortName": "BONI WORTELSCHIJFJES1K5",
    "IsNew": false,
    "EcoscoreLabel": "A",
    "RecentQuanityOfStockUnits": "8,1,1",
    "LongName": "BONI wortelen schijfjes 1,5kg",
    "AlcoholVolume": "0",
    "FicCode": "I",
    "EcoscoreValue": "100"
  },
  {
    "productId": "868840",
    "technicalArticleNumber": "4721822",
    "commercialArticleNumber": "16152",
    "name": "mini mix 36 st",
    "brand": "EVERYDAY",
    "seoBrand": "Everyday",
    "thumbNail": "https://static.colruytgroup.com/images/200x200/std.lang.all/36/05/asset-3363605.jpg",
    "fullImage": "https://static.colruytgroup.com/images/500x500/std.lang.all/36/05/asset-3363605.jpg",
    "squareImage": "https://static.colruytgroup.com/images/500x500sq/std.lang.all/36/05/asset-3363605.jpg",
    "content": "684g",
    "walkRouteSequenceNumber": 16705,
    "price": {
      "basicPrice": 2.83,
      "recommendedQuantity": "1.0",
      "measurementUnitPrice": 4.14,
      "measurementUnit": "K",
      "isRedPrice": false,
      "pricePerUOM": 4.14,
      "activationDate": "22-11-2023",
      "recordSource": "Offline",
      "isPromoActive": "N",
      "priceChangeCode": "E"
    },
    "isAvailable": true,
    "isPriceAvailable": true,
    "inPromo": false,
    "gtin": [
      "05400141664904"
    ],
    "topCategoryName": "Diepvries",
    "topCategoryId": "129",
    "businessDomain": "RETAIL_BE",
    "IsPrivateLabel": true,
    "IsBiffe": false,
    "WeightconversionFactor": "0",
    "IsWeightArticle": false,
    "nutriscoreLabel": "D",
    "IsBio": false,
    "CountryOfOrigin": "NEDERLAND",
    "IsExclusivelySoldInLuxembourg": false,
    "OrderUnit": "P",
    "ShortName": "EVER MINI MIX36ST 684G",
    "IsNew": false,
    "EcoscoreLabel": "E",
    "RecentQuanityOfStockUnits": "4,1",
    "LongName": "EVERYDAY mini mix 36 st 684g",
    "FicCode": "I",
    "EcoscoreValue": "0"
  },
  {
    "productId": "2611",
    "technicalArticleNumber": "30038",
    "commercialArticleNumber": "30038",
    "name": "bladspinazie in porties",
    "description": "*Bladspinazie,\nin porties",
    "brand": "BONI",
    "seoBrand": "Boni Selection",
    "thumbNail": "https://static.colruytgroup.com/images/200x200/std.lang.all/41/60/asset-3414160.jpg",
    "fullImage": "https://static.colruytgroup.com/images/500x500/std.lang.all/41/60/asset-3414160.jpg",
    "squareImage": "https://static.colruytgroup.com/images/500x500sq/std.lang.all/41/60/asset-3414160.jpg",
    "content": "1,5kg",
    "walkRouteSequenceNumber": 16942,
    "price": {
      "basicPrice": 1.5,
      "recommendedQuantity": "1.0",
      "measurementUnitPrice": 1,
      "measurementUnit": "K",
      "isRedPrice": false,
      "pricePerUOM": 1,
      "activationDate": "19-03-2024",
      "recordSource": "Offline",
      "isPromoActive": "N",
      "priceChangeCode": "L"
    },
    "isAvailable": true,
    "isPriceAvailable": true,
    "inPromo": false,
    "gtin": [
      "05400141300383",
      "05400141800388",
      "05400141162295",
      "05400141163810",
      "05400141272833",
      "15400141272830"
    ],
    "topCategoryName": "Diepvries",
    "topCategoryId": "129",
    "businessDomain": "RETAIL_BE",
    "IsPrivateLabel": true,
    "IsBiffe": false,
    "WeightconversionFactor": "0",
    "IsWeightArticle": false,
    "nutriscoreLabel": "A",
    "IsBio": false,
    "CountryOfOrigin": "BELGIË",
    "IsExclusivelySoldInLuxembourg": false,
    "OrderUnit": "P",
    "ShortName": "BONI BLADSPINA PORT 1K5",
    "IsNew": false,
    "EcoscoreLabel": "B",
    "RecentQuanityOfStockUnits": "8,1",
    "LongName": "BONI bladspinazie in porties 1,5kg",
    "AlcoholVolume": "0",
    "FicCode": "I",
    "EcoscoreValue": "79"
  },
  {
    "productId": "885820",
    "technicalArticleNumber": "4744873",
    "commercialArticleNumber": "32633",
    "name": "kipnuggets",
    "brand": "BONI",
    "seoBrand": "Boni Selection",
    "thumbNail": "https://static.colruytgroup.com/images/200x200/std.lang.all/64/72/asset-3306472.jpg",
    "fullImage": "https://static.colruytgroup.com/images/500x500/std.lang.all/64/72/asset-3306472.jpg",
    "squareImage": "https://static.colruytgroup.com/images/500x500sq/std.lang.all/64/72/asset-3306472.jpg",
    "content": "500g",
    "walkRouteSequenceNumber": 17531,
    "price": {
      "basicPrice": 2.66,
      "recommendedQuantity": "1.0",
      "measurementUnitPrice": 5.32,
      "measurementUnit": "K",
      "isRedPrice": false,
      "pricePerUOM": 5.32,
      "activationDate": "28-12-2023",
      "recordSource": "Offline",
      "isPromoActive": "N",
      "priceChangeCode": "L"
    },
    "isAvailable": true,
    "isPriceAvailable": true,
    "inPromo": false,
    "gtin": [
      "05400141617375",
      "15400141617372"
    ],
    "topCategoryName": "Diepvries",
    "topCategoryId": "129",
    "businessDomain": "RETAIL_BE",
    "IsPrivateLabel": true,
    "IsBiffe": false,
    "WeightconversionFactor": "0",
    "IsWeightArticle": false,
    "nutriscoreLabel": "B",
    "IsBio": false,
    "CountryOfOrigin": "POLEN",
    "IsExclusivelySoldInLuxembourg": false,
    "OrderUnit": "P",
    "ShortName": "BONI KIPNUGGETS 500G",
    "IsNew": false,
    "EcoscoreLabel": "E",
    "RecentQuanityOfStockUnits": "1,18",
    "LongName": "BONI kipnuggets 500g",
    "FicCode": "I",
    "EcoscoreValue": "6"
  },
  {
    "productId": "535920",
    "technicalArticleNumber": "4131283",
    "commercialArticleNumber": "2579",
    "name": "kippenburgers",
    "brand": "EVERYDAY",
    "seoBrand": "Everyday",
    "thumbNail": "https://static.colruytgroup.com/images/200x200/std.lang.all/80/07/asset-2068007.jpg",
    "fullImage": "https://static.colruytgroup.com/images/500x500/std.lang.all/80/07/asset-2068007.jpg",
    "squareImage": "https://static.colruytgroup.com/images/500x500sq/std.lang.all/80/07/asset-2068007.jpg",
    "content": "12x70g",
    "walkRouteSequenceNumber": 17545,
    "price": {
      "basicPrice": 2.29,
      "recommendedQuantity": "1.0",
      "measurementUnitPrice": 2.73,
      "measurementUnit": "K",
      "isRedPrice": false,
      "pricePerUOM": 2.73,
      "activationDate": "02-02-2024",
      "recordSource": "Offline",
      "isPromoActive": "N",
      "priceChangeCode": "E"
    },
    "isAvailable": true,
    "isPriceAvailable": true,
    "inPromo": false,
    "gtin": [
      "15400141302148",
      "05400141302141"
    ],
    "topCategoryName": "Diepvries",
    "topCategoryId": "129",
    "businessDomain": "RETAIL_BE",
    "IsPrivateLabel": true,
    "IsBiffe": false,
    "WeightconversionFactor": "0",
    "IsWeightArticle": false,
    "nutriscoreLabel": "D",
    "IsBio": false,
    "CountryOfOrigin": "BELGIË",
    "IsExclusivelySoldInLuxembourg": false,
    "OrderUnit": "P",
    "ShortName": "EVD KIPPENBURGERS12X70G",
    "IsNew": false,
    "EcoscoreLabel": "D",
    "RecentQuanityOfStockUnits": "1,10",
    "LongName": "EVERYDAY kippenburgers 12x70g",
    "FicCode": "I",
    "EcoscoreValue": "21"
  },
  {
    "productId": "6673",
    "technicalArticleNumber": "30252",
    "commercialArticleNumber": "30252",
    "name": "aardappelblokjes",
    "description": "*Voorgebakken in\nzonnebloemolie\n*Frituurpan:175°C\n3-5 min./ oven:220°C\n15-20 min.",
    "brand": "BONI",
    "seoBrand": "Boni Selection",
    "thumbNail": "https://static.colruytgroup.com/images/200x200/std.lang.all/51/88/asset-2755188.jpg",
    "fullImage": "https://static.colruytgroup.com/images/500x500/std.lang.all/51/88/asset-2755188.jpg",
    "squareImage": "https://static.colruytgroup.com/images/500x500sq/std.lang.all/51/88/asset-2755188.jpg",
    "content": "1kg",
    "walkRouteSequenceNumber": 16451,
    "price": {
      "basicPrice": 1.69,
      "recommendedQuantity": "1.0",
      "measurementUnitPrice": 1.69,
      "measurementUnit": "K",
      "isRedPrice": false,
      "pricePerUOM": 1.69,
      "activationDate": "30-01-2024",
      "recordSource": "Offline",
      "isPromoActive": "N",
      "priceChangeCode": "H"
    },
    "isAvailable": true,
    "isPriceAvailable": true,
    "inPromo": false,
    "gtin": [
      "05400141074895",
      "05400141154900",
      "05400141200485",
      "05400141237689",
      "05400141284775",
      "05400141402520",
      "05400141430622",
      "15400141200482"
    ],
    "topCategoryName": "Diepvries",
    "topCategoryId": "129",
    "businessDomain": "RETAIL_BE",
    "IsPrivateLabel": true,
    "IsBiffe": false,
    "WeightconversionFactor": "0",
    "IsWeightArticle": false,
    "nutriscoreLabel": "B",
    "IsBio": false,
    "CountryOfOrigin": "BELGIË",
    "IsExclusivelySoldInLuxembourg": false,
    "OrderUnit": "P",
    "ShortName": "BONI AARDAPPELBLOK 1KG",
    "IsNew": false,
    "EcoscoreLabel": "A",
    "RecentQuanityOfStockUnits": "1,10",
    "LongName": "BONI aardappelblokjes 1kg",
    "AlcoholVolume": "0",
    "FicCode": "I",
    "EcoscoreValue": "100"
  },
  {
    "productId": "978",
    "technicalArticleNumber": "30065",
    "commercialArticleNumber": "30065",
    "name": "ui ringen gesneden",
    "description": "*Gesneden ui",
    "brand": "BONI",
    "seoBrand": "Boni Selection",
    "thumbNail": "https://static.colruytgroup.com/images/200x200/std.lang.all/38/64/asset-3223864.jpg",
    "fullImage": "https://static.colruytgroup.com/images/500x500/std.lang.all/38/64/asset-3223864.jpg",
    "squareImage": "https://static.colruytgroup.com/images/500x500sq/std.lang.all/38/64/asset-3223864.jpg",
    "content": "1kg",
    "walkRouteSequenceNumber": 17096,
    "price": {
      "basicPrice": 1.89,
      "recommendedQuantity": "1.0",
      "quantityPrice": 1.74,
      "quantityPriceQuantity": "3.0",
      "measurementUnitPrice": 1.89,
      "measurementUnitQuantityPrice": 1.74,
      "measurementUnit": "K",
      "isRedPrice": false,
      "pricePerUOM": 1.89,
      "activationDate": "19-03-2024",
      "recordSource": "Offline",
      "isPromoActive": "N",
      "priceChangeCode": "E",
      "quantityPricePerUOM": 1.74,
      "quantityActivationDate": "19-03-2024",
      "quantityPriceChangeCode": "H"
    },
    "isAvailable": true,
    "isPriceAvailable": true,
    "inPromo": false,
    "gtin": [
      "05400141163605",
      "05400141276190",
      "05400141685022",
      "15400141333654",
      "15400141685029",
      "15400141961345",
      "05400141333657",
      "05400141699081",
      "05400141910827",
      "15400141910824"
    ],
    "topCategoryName": "Diepvries",
    "topCategoryId": "129",
    "businessDomain": "RETAIL_BE",
    "IsPrivateLabel": true,
    "IsBiffe": false,
    "WeightconversionFactor": "0",
    "IsWeightArticle": false,
    "nutriscoreLabel": "A",
    "IsBio": false,
    "CountryOfOrigin": "BELGIË",
    "IsExclusivelySoldInLuxembourg": false,
    "OrderUnit": "P",
    "ShortName": "BONI UI RINGEN 1K",
    "IsNew": false,
    "EcoscoreLabel": "A",
    "RecentQuanityOfStockUnits": "1,10,1,1",
    "LongName": "BONI ui ringen gesneden 1kg",
    "AlcoholVolume": "0",
    "FicCode": "I",
    "EcoscoreValue": "95"
  },
  {
    "productId": "28724",
    "technicalArticleNumber": "2016419",
    "commercialArticleNumber": "30315",
    "name": "aardappelpuree wortel",
    "description": "*In porties\n*Met 38% wortel",
    "brand": "BONI",
    "seoBrand": "Boni Selection",
    "thumbNail": "https://static.colruytgroup.com/images/200x200/std.lang.all/07/51/asset-3330751.jpg",
    "fullImage": "https://static.colruytgroup.com/images/500x500/std.lang.all/07/51/asset-3330751.jpg",
    "squareImage": "https://static.colruytgroup.com/images/500x500sq/std.lang.all/07/51/asset-3330751.jpg",
    "content": "1kg",
    "walkRouteSequenceNumber": 16507,
    "price": {
      "basicPrice": 2.65,
      "recommendedQuantity": "1.0",
      "measurementUnitPrice": 2.65,
      "measurementUnit": "K",
      "isRedPrice": false,
      "pricePerUOM": 2.65,
      "activationDate": "29-12-2023",
      "recordSource": "Offline",
      "isPromoActive": "N",
      "priceChangeCode": "E"
    },
    "isAvailable": true,
    "isPriceAvailable": true,
    "inPromo": false,
    "gtin": [
      "15400141751403",
      "15400141825296",
      "15400141238041",
      "05400141413250",
      "05400141238044",
      "05400141076240",
      "05400141751406"
    ],
    "topCategoryName": "Diepvries",
    "topCategoryId": "129",
    "businessDomain": "RETAIL_BE",
    "IsPrivateLabel": true,
    "IsBiffe": false,
    "WeightconversionFactor": "0",
    "IsWeightArticle": false,
    "nutriscoreLabel": "C",
    "IsBio": false,
    "CountryOfOrigin": "BELGIË",
    "IsExclusivelySoldInLuxembourg": false,
    "OrderUnit": "P",
    "ShortName": "BONI PUREE WORTELEN 1KG",
    "IsNew": false,
    "EcoscoreLabel": "A",
    "RecentQuanityOfStockUnits": "1,14",
    "LongName": "BONI aardappelpuree wortel 1kg",
    "AlcoholVolume": "0",
    "FicCode": "I",
    "EcoscoreValue": "94"
  },
  {
    "productId": "11109",
    "technicalArticleNumber": "1234366",
    "commercialArticleNumber": "30664",
    "name": "pizza pollo",
    "description": "*Met kip, spinazie,\nmaïs, tomaat,\nmozzarella, edammer,\ndunne bodem\n*In de oven",
    "brand": "DR.OETKER RISTORANTE",
    "seoBrand": "Dr.Oetker Ristorante",
    "thumbNail": "https://static.colruytgroup.com/images/200x200/std.lang.all/97/76/asset-2829776.jpg",
    "fullImage": "https://static.colruytgroup.com/images/500x500/std.lang.all/97/76/asset-2829776.jpg",
    "squareImage": "https://static.colruytgroup.com/images/500x500sq/std.lang.all/97/76/asset-2829776.jpg",
    "content": "355g",
    "walkRouteSequenceNumber": 18010,
    "price": {
      "basicPrice": 2.99,
      "recommendedQuantity": "1.0",
      "measurementUnitPrice": 8.43,
      "measurementUnit": "K",
      "isRedPrice": false,
      "pricePerUOM": 8.43,
      "activationDate": "15-02-2024",
      "recordSource": "Offline",
      "isPromoActive": "N",
      "priceChangeCode": "H"
    },
    "isAvailable": true,
    "isPriceAvailable": true,
    "inPromo": false,
    "gtin": [
      "04001724039181",
      "04001724820024",
      "04001724820000",
      "04001724039174"
    ],
    "topCategoryName": "Diepvries",
    "topCategoryId": "129",
    "businessDomain": "RETAIL_BE",
    "IsPrivateLabel": false,
    "IsBiffe": false,
    "WeightconversionFactor": "0",
    "IsWeightArticle": false,
    "nutriscoreLabel": "B",
    "IsBio": false,
    "CountryOfOrigin": "BELGIË",
    "IsExclusivelySoldInLuxembourg": false,
    "OrderUnit": "P",
    "ShortName": "OETK RIST POLLO 355G",
    "IsNew": false,
    "RecentQuanityOfStockUnits": "1,7",
    "LongName": "DR.OETKER RISTORANTE pizza pollo 355g",
    "AlcoholVolume": "0",
    "FicCode": "E"
  },
  {
    "productId": "18549",
    "technicalArticleNumber": "1656115",
    "commercialArticleNumber": "32083",
    "name": "pompoen blokjes",
    "description": "*Pompoen in blokjes",
    "brand": "BONI",
    "seoBrand": "Boni Selection",
    "thumbNail": "https://static.colruytgroup.com/images/200x200/std.lang.all/89/43/asset-1058943.jpg",
    "fullImage": "https://static.colruytgroup.com/images/500x500/std.lang.all/89/43/asset-1058943.jpg",
    "squareImage": "https://static.colruytgroup.com/images/500x500sq/std.lang.all/89/43/asset-1058943.jpg",
    "content": "1kg",
    "walkRouteSequenceNumber": 17043,
    "price": {
      "basicPrice": 1.79,
      "recommendedQuantity": "1.0",
      "quantityPrice": 1.65,
      "quantityPriceQuantity": "3.0",
      "measurementUnitPrice": 1.79,
      "measurementUnitQuantityPrice": 1.65,
      "measurementUnit": "K",
      "isRedPrice": false,
      "pricePerUOM": 1.79,
      "activationDate": "19-03-2024",
      "recordSource": "Offline",
      "isPromoActive": "N",
      "priceChangeCode": "L",
      "quantityPricePerUOM": 1.65,
      "quantityActivationDate": "19-03-2024",
      "quantityPriceChangeCode": "L"
    },
    "isAvailable": true,
    "isPriceAvailable": true,
    "inPromo": false,
    "gtin": [
      "05400141272772",
      "05400141320831",
      "15400141919308",
      "15400141272779",
      "05400141417531",
      "05400141145618"
    ],
    "topCategoryName": "Diepvries",
    "topCategoryId": "129",
    "businessDomain": "RETAIL_BE",
    "IsPrivateLabel": true,
    "IsBiffe": false,
    "WeightconversionFactor": "0",
    "IsWeightArticle": false,
    "nutriscoreLabel": "A",
    "IsBio": false,
    "CountryOfOrigin": "POLEN",
    "IsExclusivelySoldInLuxembourg": false,
    "OrderUnit": "P",
    "ShortName": "BONI POMPOEN 1KG",
    "IsNew": false,
    "EcoscoreLabel": "A",
    "RecentQuanityOfStockUnits": "1,10",
    "LongName": "BONI pompoen blokjes 1kg",
    "AlcoholVolume": "0",
    "FicCode": "I",
    "EcoscoreValue": "99"
  },
  {
    "productId": "37964",
    "technicalArticleNumber": "1815439",
    "commercialArticleNumber": "34268",
    "name": "gratin dauphinois",
    "description": "*Individuele porties\n*10 porties",
    "brand": "BONI",
    "seoBrand": "Boni Selection",
    "thumbNail": "https://static.colruytgroup.com/images/200x200/std.lang.all/07/50/asset-3330750.jpg",
    "fullImage": "https://static.colruytgroup.com/images/500x500/std.lang.all/07/50/asset-3330750.jpg",
    "squareImage": "https://static.colruytgroup.com/images/500x500sq/std.lang.all/07/50/asset-3330750.jpg",
    "content": "1,2kg",
    "walkRouteSequenceNumber": 16467,
    "price": {
      "basicPrice": 5.6,
      "recommendedQuantity": "1.0",
      "measurementUnitPrice": 4.67,
      "measurementUnit": "K",
      "isRedPrice": false,
      "pricePerUOM": 4.67,
      "activationDate": "20-03-2024",
      "recordSource": "Folder",
      "isPromoActive": "N",
      "priceChangeCode": "E"
    },
    "isAvailable": true,
    "isPriceAvailable": true,
    "inPromo": false,
    "gtin": [
      "05400141088953",
      "15400141993346",
      "15400141238157",
      "05400141238150",
      "35400141238151",
      "05400141859577",
      "15400141859574"
    ],
    "topCategoryName": "Diepvries",
    "topCategoryId": "129",
    "businessDomain": "RETAIL_BE",
    "IsPrivateLabel": true,
    "IsBiffe": false,
    "WeightconversionFactor": "0",
    "IsWeightArticle": false,
    "nutriscoreLabel": "D",
    "IsBio": false,
    "CountryOfOrigin": "BELGIË",
    "IsExclusivelySoldInLuxembourg": false,
    "OrderUnit": "P",
    "ShortName": "BONI GRATIN DAUPH 1K2",
    "IsNew": false,
    "EcoscoreLabel": "A",
    "RecentQuanityOfStockUnits": "1,8",
    "LongName": "BONI gratin dauphinois 1,2kg",
    "AlcoholVolume": "0",
    "FicCode": "I",
    "EcoscoreValue": "89"
  },
  {
    "productId": "784661",
    "technicalArticleNumber": "4584617",
    "commercialArticleNumber": "11302",
    "name": "pizza salame",
    "description": "*Met tomaat, salami,\nmozzarella, edammer,\ndunne bodem\n*In de oven",
    "brand": "DR.OETKER RISTORANTE",
    "seoBrand": "Dr.Oetker Ristorante",
    "thumbNail": "https://static.colruytgroup.com/images/200x200/std.lang.all/97/86/asset-2829786.jpg",
    "fullImage": "https://static.colruytgroup.com/images/500x500/std.lang.all/97/86/asset-2829786.jpg",
    "squareImage": "https://static.colruytgroup.com/images/500x500sq/std.lang.all/97/86/asset-2829786.jpg",
    "content": "320g",
    "walkRouteSequenceNumber": 18040,
    "price": {
      "basicPrice": 2.99,
      "recommendedQuantity": "1.0",
      "measurementUnitPrice": 8.8,
      "measurementUnit": "K",
      "isRedPrice": false,
      "pricePerUOM": 8.8,
      "activationDate": "08-03-2024",
      "recordSource": "Offline",
      "isPromoActive": "N",
      "priceChangeCode": "E"
    },
    "isAvailable": true,
    "isPriceAvailable": true,
    "inPromo": false,
    "gtin": [
      "04001724038917",
      "04001724038900"
    ],
    "topCategoryName": "Diepvries",
    "topCategoryId": "129",
    "businessDomain": "RETAIL_BE",
    "IsPrivateLabel": false,
    "IsBiffe": false,
    "WeightconversionFactor": "0",
    "IsWeightArticle": false,
    "nutriscoreLabel": "C",
    "IsBio": false,
    "CountryOfOrigin": "DUITSLAND",
    "IsExclusivelySoldInLuxembourg": false,
    "OrderUnit": "P",
    "ShortName": "OETK RIST SALAME 320G",
    "IsNew": false,
    "RecentQuanityOfStockUnits": "1,7",
    "LongName": "DR.OETKER RISTORANTE pizza salame 320g",
    "FicCode": "E"
  },
  {
    "productId": "4721",
    "technicalArticleNumber": "30726",
    "commercialArticleNumber": "30726",
    "name": "Mini-Viennoiseries 24st",
    "description": "*8 croissants, 8\nchocoladebroodjes, 8\nrozijnenkoeken\n*16-18 minuten in de\noven",
    "brand": "BONI",
    "seoBrand": "Boni Selection",
    "thumbNail": "https://static.colruytgroup.com/images/200x200/std.lang.all/30/45/asset-2483045.jpg",
    "fullImage": "https://static.colruytgroup.com/images/500x500/std.lang.all/30/45/asset-2483045.jpg",
    "squareImage": "https://static.colruytgroup.com/images/500x500sq/std.lang.all/30/45/asset-2483045.jpg",
    "content": "640g",
    "walkRouteSequenceNumber": 17929,
    "price": {
      "basicPrice": 3.54,
      "recommendedQuantity": "1.0",
      "measurementUnitPrice": 5.54,
      "measurementUnit": "K",
      "isRedPrice": false,
      "pricePerUOM": 5.54,
      "activationDate": "31-01-2024",
      "recordSource": "Offline",
      "isPromoActive": "N",
      "priceChangeCode": "L"
    },
    "isAvailable": true,
    "isPriceAvailable": true,
    "inPromo": false,
    "gtin": [
      "05400141181807",
      "05400141219760",
      "05400141317268",
      "05400141323627",
      "15400141919254",
      "05400141443929"
    ],
    "topCategoryName": "Diepvries",
    "topCategoryId": "129",
    "businessDomain": "RETAIL_BE",
    "IsPrivateLabel": true,
    "IsBiffe": false,
    "WeightconversionFactor": "0",
    "IsWeightArticle": false,
    "nutriscoreLabel": "D",
    "IsBio": false,
    "CountryOfOrigin": "FRANKRIJK",
    "IsExclusivelySoldInLuxembourg": false,
    "OrderUnit": "P",
    "ShortName": "BONI MINI VIENNOIS 24ST",
    "IsNew": false,
    "EcoscoreLabel": "B",
    "RecentQuanityOfStockUnits": "1,12,1",
    "LongName": "BONI Mini-Viennoiseries 24st 640g",
    "AlcoholVolume": "0",
    "FicCode": "I",
    "EcoscoreValue": "69"
  },
  {
    "productId": "1067",
    "technicalArticleNumber": "30018",
    "commercialArticleNumber": "30018",
    "name": "spinazie in porties",
    "description": "*Gehakte spinazie,\nin porties",
    "brand": "EVERYDAY",
    "seoBrand": "Everyday",
    "thumbNail": "https://static.colruytgroup.com/images/200x200/std.lang.all/34/08/asset-2313408.jpg",
    "fullImage": "https://static.colruytgroup.com/images/500x500/std.lang.all/34/08/asset-2313408.jpg",
    "squareImage": "https://static.colruytgroup.com/images/500x500sq/std.lang.all/34/08/asset-2313408.jpg",
    "content": "1,5kg",
    "walkRouteSequenceNumber": 16994,
    "price": {
      "basicPrice": 1.63,
      "recommendedQuantity": "1.0",
      "measurementUnitPrice": 1.09,
      "measurementUnit": "K",
      "isRedPrice": false,
      "pricePerUOM": 1.09,
      "activationDate": "23-03-2024",
      "recordSource": "Offline",
      "isPromoActive": "N",
      "priceChangeCode": "H"
    },
    "isAvailable": true,
    "isPriceAvailable": true,
    "inPromo": false,
    "gtin": [
      "05400141300185",
      "05400141500189",
      "05400141800180",
      "05400141157970",
      "05400141182125",
      "05400141502282"
    ],
    "topCategoryName": "Diepvries",
    "topCategoryId": "129",
    "businessDomain": "RETAIL_BE",
    "IsPrivateLabel": true,
    "IsBiffe": false,
    "WeightconversionFactor": "0",
    "IsWeightArticle": false,
    "nutriscoreLabel": "A",
    "IsBio": false,
    "CountryOfOrigin": "BELGIË",
    "IsExclusivelySoldInLuxembourg": false,
    "OrderUnit": "P",
    "ShortName": "EVD SPINAZIE PORTIES1K5",
    "IsNew": false,
    "EcoscoreLabel": "A",
    "RecentQuanityOfStockUnits": "1,8",
    "LongName": "EVERYDAY spinazie in porties 1,5kg",
    "AlcoholVolume": "0",
    "FicCode": "I",
    "EcoscoreValue": "100"
  },
  {
    "productId": "186898",
    "technicalArticleNumber": "3461993",
    "commercialArticleNumber": "30699",
    "name": "erwten",
    "description": "*Bio erwten",
    "brand": "BONI BIO",
    "seoBrand": "Boni Selection Bio",
    "thumbNail": "https://static.colruytgroup.com/images/200x200/std.lang.all/56/69/asset-2155669.jpg",
    "fullImage": "https://static.colruytgroup.com/images/500x500/std.lang.all/56/69/asset-2155669.jpg",
    "squareImage": "https://static.colruytgroup.com/images/500x500sq/std.lang.all/56/69/asset-2155669.jpg",
    "content": "600g",
    "walkRouteSequenceNumber": 17029,
    "price": {
      "basicPrice": 1.69,
      "recommendedQuantity": "1.0",
      "quantityPrice": 1.4,
      "quantityPriceQuantity": "2.0",
      "measurementUnitPrice": 2.82,
      "measurementUnitQuantityPrice": 2.34,
      "measurementUnit": "K",
      "isRedPrice": false,
      "pricePerUOM": 2.82,
      "activationDate": "23-03-2024",
      "recordSource": "Offline",
      "isPromoActive": "N",
      "priceChangeCode": "E",
      "quantityPricePerUOM": 2.34,
      "quantityActivationDate": "23-03-2024",
      "quantityPriceChangeCode": "E"
    },
    "isAvailable": true,
    "isPriceAvailable": true,
    "inPromo": false,
    "gtin": [
      "15400141927839",
      "15400141276319",
      "05400141927832",
      "05400141378795",
      "05400141358001",
      "05400141276312",
      "15400141358008",
      "15400141659327",
      "05400141659320"
    ],
    "topCategoryName": "Diepvries",
    "topCategoryId": "129",
    "businessDomain": "RETAIL_BE",
    "IsPrivateLabel": true,
    "IsBiffe": false,
    "WeightconversionFactor": "0",
    "IsWeightArticle": false,
    "nutriscoreLabel": "A",
    "IsBio": true,
    "CountryOfOrigin": "BELGIË",
    "IsExclusivelySoldInLuxembourg": false,
    "OrderUnit": "P",
    "ShortName": "BS BIO ERWTEN 600G",
    "IsNew": false,
    "EcoscoreLabel": "B",
    "RecentQuanityOfStockUnits": "1,1,16",
    "LongName": "BONI BIO erwten 600g",
    "AlcoholVolume": "0",
    "FicCode": "I",
    "EcoscoreValue": "79"
  },
  {
    "productId": "2614",
    "technicalArticleNumber": "30044",
    "commercialArticleNumber": "30044",
    "name": "groenteblokjes",
    "description": "*Samenstelling:\nprei, wortelen,\nknolselder, uien",
    "brand": "BONI",
    "seoBrand": "Boni Selection",
    "thumbNail": "https://static.colruytgroup.com/images/200x200/std.lang.all/07/25/asset-2400725.jpg",
    "fullImage": "https://static.colruytgroup.com/images/500x500/std.lang.all/07/25/asset-2400725.jpg",
    "squareImage": "https://static.colruytgroup.com/images/500x500sq/std.lang.all/07/25/asset-2400725.jpg",
    "content": "1,5kg",
    "walkRouteSequenceNumber": 17076,
    "price": {
      "basicPrice": 2.47,
      "recommendedQuantity": "1.0",
      "quantityPrice": 2.27,
      "quantityPriceQuantity": "3.0",
      "measurementUnitPrice": 1.65,
      "measurementUnitQuantityPrice": 1.52,
      "measurementUnit": "K",
      "isRedPrice": false,
      "pricePerUOM": 1.65,
      "activationDate": "14-03-2024",
      "recordSource": "Offline",
      "isPromoActive": "N",
      "priceChangeCode": "H",
      "quantityPricePerUOM": 1.52,
      "quantityActivationDate": "14-03-2024",
      "quantityPriceChangeCode": "E"
    },
    "isAvailable": true,
    "isPriceAvailable": true,
    "inPromo": false,
    "gtin": [
      "05400141700497",
      "05400141040593",
      "05400141145366",
      "05400141145373",
      "05400141393446",
      "05400141400441"
    ],
    "topCategoryName": "Diepvries",
    "topCategoryId": "129",
    "businessDomain": "RETAIL_BE",
    "IsPrivateLabel": true,
    "IsBiffe": false,
    "WeightconversionFactor": "0",
    "IsWeightArticle": false,
    "nutriscoreLabel": "A",
    "IsBio": false,
    "CountryOfOrigin": "BELGIË",
    "IsExclusivelySoldInLuxembourg": false,
    "OrderUnit": "P",
    "ShortName": "BONI GROENTEBLOKJES 1K5",
    "IsNew": false,
    "EcoscoreLabel": "A",
    "RecentQuanityOfStockUnits": "1,8",
    "LongName": "BONI groenteblokjes 1,5kg",
    "AlcoholVolume": "0",
    "FicCode": "I",
    "EcoscoreValue": "100"
  },
  {
    "productId": "108951",
    "technicalArticleNumber": "3109670",
    "commercialArticleNumber": "39197",
    "name": "pizza 4 Formaggi",
    "description": "*Met mozzarella, edammer, emmentaler,\ngorgonzola, dunne boden\n*In de oven",
    "brand": "BONI",
    "seoBrand": "Boni Selection",
    "thumbNail": "https://static.colruytgroup.com/images/200x200/std.lang.all/25/77/asset-3372577.jpg",
    "fullImage": "https://static.colruytgroup.com/images/500x500/std.lang.all/25/77/asset-3372577.jpg",
    "squareImage": "https://static.colruytgroup.com/images/500x500sq/std.lang.all/25/77/asset-3372577.jpg",
    "content": "2x340g",
    "walkRouteSequenceNumber": 17990,
    "price": {
      "basicPrice": 2.89,
      "recommendedQuantity": "1.0",
      "measurementUnitPrice": 4.25,
      "measurementUnit": "K",
      "isRedPrice": false,
      "pricePerUOM": 4.25,
      "activationDate": "06-03-2024",
      "isPromoActive": "N",
      "priceChangeCode": "E"
    },
    "isAvailable": true,
    "isPriceAvailable": true,
    "inPromo": false,
    "gtin": [
      "05400141239027",
      "05400141077605",
      "15400141239024"
    ],
    "topCategoryName": "Diepvries",
    "topCategoryId": "129",
    "businessDomain": "RETAIL_BE",
    "IsPrivateLabel": true,
    "IsBiffe": false,
    "WeightconversionFactor": "0",
    "IsWeightArticle": false,
    "nutriscoreLabel": "D",
    "IsBio": false,
    "CountryOfOrigin": "DUITSLAND",
    "IsExclusivelySoldInLuxembourg": false,
    "OrderUnit": "P",
    "ShortName": "BONI PIZZA 4KAZEN2X340G",
    "IsNew": false,
    "EcoscoreLabel": "C",
    "RecentQuanityOfStockUnits": "1",
    "LongName": "BONI pizza 4 Formaggi 2x340g",
    "AlcoholVolume": "0",
    "FicCode": "I",
    "EcoscoreValue": "53"
  },
  {
    "productId": "112985",
    "technicalArticleNumber": "3084322",
    "commercialArticleNumber": "36195",
    "name": "mini vanille-ijsjes",
    "description": "*Ass. mini ijsjes:\nvanille omhuld met\nwitte, pure, melk-\nen melkchocolade\nmet nootjes",
    "brand": "EVERYDAY",
    "seoBrand": "Everyday",
    "thumbNail": "https://static.colruytgroup.com/images/200x200/std.lang.all/89/27/asset-1058927.jpg",
    "fullImage": "https://static.colruytgroup.com/images/500x500/std.lang.all/89/27/asset-1058927.jpg",
    "squareImage": "https://static.colruytgroup.com/images/500x500sq/std.lang.all/89/27/asset-1058927.jpg",
    "content": "12x50ml",
    "walkRouteSequenceNumber": 17250,
    "price": {
      "basicPrice": 1.93,
      "recommendedQuantity": "1.0",
      "measurementUnitPrice": 3.22,
      "measurementUnit": "L",
      "isRedPrice": false,
      "pricePerUOM": 3.22,
      "activationDate": "14-06-2023",
      "recordSource": "Offline",
      "isPromoActive": "N",
      "priceChangeCode": "L"
    },
    "isAvailable": true,
    "isPriceAvailable": true,
    "inPromo": false,
    "gtin": [
      "05400141415254",
      "15400141960331",
      "15400141798644",
      "05400141180497",
      "05400141119831",
      "05400141509724",
      "15400141509721"
    ],
    "topCategoryName": "Diepvries",
    "topCategoryId": "129",
    "businessDomain": "RETAIL_BE",
    "IsPrivateLabel": true,
    "IsBiffe": false,
    "WeightconversionFactor": "0",
    "IsWeightArticle": false,
    "nutriscoreLabel": "E",
    "IsBio": false,
    "CountryOfOrigin": "BELGIË",
    "IsExclusivelySoldInLuxembourg": false,
    "OrderUnit": "P",
    "ShortName": "EVD MINI MEGA 12X50ML",
    "IsNew": false,
    "EcoscoreLabel": "B",
    "RecentQuanityOfStockUnits": "1,6",
    "LongName": "EVERYDAY mini vanille-ijsjes 12x50ml",
    "AlcoholVolume": "0",
    "FicCode": "I",
    "EcoscoreValue": "77"
  },
  {
    "productId": "784656",
    "technicalArticleNumber": "4584612",
    "commercialArticleNumber": "11172",
    "name": "Prosciutto",
    "description": "*Met ham, tomaat,\nmozzarella, edammer,\ndunne bodem\n*In de oven",
    "brand": "DR.OETKER RISTORANTE",
    "seoBrand": "Dr.Oetker Ristorante",
    "thumbNail": "https://static.colruytgroup.com/images/200x200/std.lang.all/54/59/asset-3215459.jpg",
    "fullImage": "https://static.colruytgroup.com/images/500x500/std.lang.all/54/59/asset-3215459.jpg",
    "squareImage": "https://static.colruytgroup.com/images/500x500sq/std.lang.all/54/59/asset-3215459.jpg",
    "content": "340g",
    "walkRouteSequenceNumber": 18057,
    "price": {
      "basicPrice": 3.05,
      "recommendedQuantity": "1.0",
      "measurementUnitPrice": 8.98,
      "measurementUnit": "K",
      "isRedPrice": false,
      "pricePerUOM": 8.98,
      "activationDate": "27-02-2024",
      "recordSource": "Offline",
      "isPromoActive": "N",
      "priceChangeCode": "H"
    },
    "isAvailable": true,
    "isPriceAvailable": true,
    "inPromo": false,
    "gtin": [
      "04001724038962",
      "04001724038979"
    ],
    "topCategoryName": "Diepvries",
    "topCategoryId": "129",
    "businessDomain": "RETAIL_BE",
    "IsPrivateLabel": false,
    "IsBiffe": false,
    "WeightconversionFactor": "0",
    "IsWeightArticle": false,
    "nutriscoreLabel": "B",
    "IsBio": false,
    "CountryOfOrigin": "DUITSLAND",
    "IsExclusivelySoldInLuxembourg": false,
    "OrderUnit": "P",
    "ShortName": "OETK RIST PROSCIUT 340G",
    "IsNew": false,
    "RecentQuanityOfStockUnits": "1,7",
    "LongName": "DR.OETKER RISTORANTE Prosciutto 340g",
    "FicCode": "E"
  },
  {
    "productId": "2615",
    "technicalArticleNumber": "30048",
    "commercialArticleNumber": "30048",
    "name": "prei gesneden",
    "description": "*Gesneden prei\n*Los diepgevroren",
    "brand": "BONI",
    "seoBrand": "Boni Selection",
    "thumbNail": "https://static.colruytgroup.com/images/200x200/std.lang.all/84/97/asset-3438497.jpg",
    "fullImage": "https://static.colruytgroup.com/images/500x500/std.lang.all/84/97/asset-3438497.jpg",
    "squareImage": "https://static.colruytgroup.com/images/500x500sq/std.lang.all/84/97/asset-3438497.jpg",
    "content": "1,5kg",
    "walkRouteSequenceNumber": 17083,
    "price": {
      "basicPrice": 2.08,
      "recommendedQuantity": "1.0",
      "quantityPrice": 2,
      "quantityPriceQuantity": "3.0",
      "measurementUnitPrice": 1.39,
      "measurementUnitQuantityPrice": 1.34,
      "measurementUnit": "K",
      "isRedPrice": false,
      "pricePerUOM": 1.39,
      "activationDate": "19-03-2024",
      "recordSource": "Offline",
      "isPromoActive": "N",
      "priceChangeCode": "H",
      "quantityPricePerUOM": 1.34,
      "quantityActivationDate": "19-03-2024",
      "quantityPriceChangeCode": "H"
    },
    "isAvailable": true,
    "isPriceAvailable": true,
    "inPromo": false,
    "gtin": [
      "15400141276180",
      "05400141145632",
      "05400141276183",
      "05400141685862",
      "05400141700480",
      "05400141426885",
      "15400141685869"
    ],
    "topCategoryName": "Diepvries",
    "topCategoryId": "129",
    "businessDomain": "RETAIL_BE",
    "IsPrivateLabel": true,
    "IsBiffe": false,
    "WeightconversionFactor": "0",
    "IsWeightArticle": false,
    "nutriscoreLabel": "A",
    "IsBio": false,
    "CountryOfOrigin": "BELGIË",
    "IsExclusivelySoldInLuxembourg": false,
    "OrderUnit": "P",
    "ShortName": "BONI GESNEDEN PREI 1K5",
    "IsNew": false,
    "EcoscoreLabel": "A",
    "RecentQuanityOfStockUnits": "1,6,1",
    "LongName": "BONI prei gesneden 1,5kg",
    "AlcoholVolume": "0",
    "FicCode": "I",
    "EcoscoreValue": "100"
  },
  {
    "productId": "42523",
    "technicalArticleNumber": "2525032",
    "commercialArticleNumber": "14903",
    "name": "hoorntjes vanille-ijs",
    "description": "*Ijshoorntje vanille\nafgewerkt met\ncacaofantasie en\nhazelnoten",
    "brand": "EVERYDAY",
    "seoBrand": "Everyday",
    "thumbNail": "https://static.colruytgroup.com/images/200x200/std.lang.all/90/04/asset-2199004.jpg",
    "fullImage": "https://static.colruytgroup.com/images/500x500/std.lang.all/90/04/asset-2199004.jpg",
    "squareImage": "https://static.colruytgroup.com/images/500x500sq/std.lang.all/90/04/asset-2199004.jpg",
    "content": "8x120ml",
    "walkRouteSequenceNumber": 17258,
    "price": {
      "basicPrice": 1.39,
      "recommendedQuantity": "1.0",
      "measurementUnitPrice": 1.45,
      "measurementUnit": "L",
      "isRedPrice": false,
      "pricePerUOM": 1.45,
      "activationDate": "28-06-2023",
      "recordSource": "Offline",
      "isPromoActive": "N",
      "priceChangeCode": "H"
    },
    "isAvailable": true,
    "isPriceAvailable": true,
    "inPromo": false,
    "gtin": [
      "15400141511106",
      "05400141511109",
      "05400141165173",
      "05400141236057",
      "15400141236054",
      "15400141960942",
      "05400141120868"
    ],
    "topCategoryName": "Diepvries",
    "topCategoryId": "129",
    "businessDomain": "RETAIL_BE",
    "IsPrivateLabel": true,
    "IsBiffe": false,
    "WeightconversionFactor": "0",
    "IsWeightArticle": false,
    "nutriscoreLabel": "E",
    "IsBio": false,
    "CountryOfOrigin": "BELGIË",
    "IsExclusivelySoldInLuxembourg": false,
    "OrderUnit": "P",
    "ShortName": "EVD CORNETTO 8X120ML",
    "IsNew": false,
    "EcoscoreLabel": "B",
    "RecentQuanityOfStockUnits": "1,9",
    "LongName": "EVERYDAY hoorntjes vanille-ijs 8x120ml",
    "AlcoholVolume": "0",
    "FicCode": "I",
    "EcoscoreValue": "77"
  },
  {
    "productId": "976",
    "technicalArticleNumber": "30058",
    "commercialArticleNumber": "30058",
    "name": "paprika reepjes",
    "description": "*Paprika in reepjes",
    "brand": "BONI",
    "seoBrand": "Boni Selection",
    "thumbNail": "https://static.colruytgroup.com/images/200x200/std.lang.all/88/01/asset-3378801.jpg",
    "fullImage": "https://static.colruytgroup.com/images/500x500/std.lang.all/88/01/asset-3378801.jpg",
    "squareImage": "https://static.colruytgroup.com/images/500x500sq/std.lang.all/88/01/asset-3378801.jpg",
    "content": "1,5kg",
    "walkRouteSequenceNumber": 17117,
    "price": {
      "basicPrice": 4.22,
      "recommendedQuantity": "1.0",
      "quantityPrice": 4.05,
      "quantityPriceQuantity": "3.0",
      "measurementUnitPrice": 2.82,
      "measurementUnitQuantityPrice": 2.7,
      "measurementUnit": "K",
      "isRedPrice": false,
      "pricePerUOM": 2.82,
      "activationDate": "23-11-2023",
      "recordSource": "Offline",
      "isPromoActive": "N",
      "priceChangeCode": "L",
      "quantityPricePerUOM": 2.7,
      "quantityActivationDate": "23-11-2023",
      "quantityPriceChangeCode": "L"
    },
    "isAvailable": true,
    "isPriceAvailable": true,
    "inPromo": false,
    "gtin": [
      "05400141394634",
      "05400141400588",
      "15400141394631",
      "15400141920717",
      "05400141130058",
      "05400141162769",
      "05400141182323",
      "15400141805168",
      "05400141805161"
    ],
    "topCategoryName": "Diepvries",
    "topCategoryId": "129",
    "businessDomain": "RETAIL_BE",
    "IsPrivateLabel": true,
    "IsBiffe": false,
    "WeightconversionFactor": "0",
    "IsWeightArticle": false,
    "nutriscoreLabel": "A",
    "IsBio": false,
    "CountryOfOrigin": "CHINA (VOLKSREBUPLIEK)",
    "IsExclusivelySoldInLuxembourg": false,
    "OrderUnit": "P",
    "ShortName": "BONI PAPRIKA MIX 1K5",
    "IsNew": false,
    "EcoscoreLabel": "A",
    "RecentQuanityOfStockUnits": "1,6",
    "LongName": "BONI paprika reepjes 1,5kg",
    "AlcoholVolume": "0",
    "FicCode": "I",
    "EcoscoreValue": "87"
  },
  {
    "productId": "977",
    "technicalArticleNumber": "30064",
    "commercialArticleNumber": "30064",
    "name": "groenten minestrone",
    "description": "*Aardappel,wortel,\ntomaat,erwten,prei,\nprinsessenbonen,\nknolselder,rapen,\nbloemkool,courgette",
    "brand": "BONI",
    "seoBrand": "Boni Selection",
    "thumbNail": "https://static.colruytgroup.com/images/200x200/std.lang.all/00/19/asset-2330019.jpg",
    "fullImage": "https://static.colruytgroup.com/images/500x500/std.lang.all/00/19/asset-2330019.jpg",
    "squareImage": "https://static.colruytgroup.com/images/500x500sq/std.lang.all/00/19/asset-2330019.jpg",
    "content": "1kg",
    "walkRouteSequenceNumber": 17075,
    "price": {
      "basicPrice": 1.25,
      "recommendedQuantity": "1.0",
      "measurementUnitPrice": 1.25,
      "measurementUnit": "K",
      "isRedPrice": false,
      "pricePerUOM": 1.25,
      "activationDate": "03-02-2024",
      "recordSource": "Offline",
      "isPromoActive": "N",
      "priceChangeCode": "E"
    },
    "isAvailable": true,
    "isPriceAvailable": true,
    "inPromo": false,
    "gtin": [
      "05400141007169",
      "05400141096187",
      "05400141145984",
      "05400141159998",
      "05400141394641",
      "05400141400649",
      "15400141930723"
    ],
    "topCategoryName": "Diepvries",
    "topCategoryId": "129",
    "businessDomain": "RETAIL_BE",
    "IsPrivateLabel": true,
    "IsBiffe": false,
    "WeightconversionFactor": "0",
    "IsWeightArticle": false,
    "nutriscoreLabel": "A",
    "IsBio": false,
    "CountryOfOrigin": "BELGIË",
    "IsExclusivelySoldInLuxembourg": false,
    "OrderUnit": "P",
    "ShortName": "BONI MINESTRONEGROENT1K",
    "IsNew": false,
    "EcoscoreLabel": "B",
    "RecentQuanityOfStockUnits": "1",
    "LongName": "BONI groenten minestrone 1kg",
    "AlcoholVolume": "0",
    "FicCode": "I",
    "EcoscoreValue": "68"
  },
  {
    "productId": "111985",
    "technicalArticleNumber": "3052291",
    "commercialArticleNumber": "25788",
    "name": "aardappelnootjes",
    "description": "*Voorgebakken in\nzonnebloemolie\n*Frituurpan: 3-4 min\nOven: 15'-20'-220°",
    "brand": "BONI",
    "seoBrand": "Boni Selection",
    "thumbNail": "https://static.colruytgroup.com/images/200x200/std.lang.all/97/95/asset-1839795.jpg",
    "fullImage": "https://static.colruytgroup.com/images/500x500/std.lang.all/97/95/asset-1839795.jpg",
    "squareImage": "https://static.colruytgroup.com/images/500x500sq/std.lang.all/97/95/asset-1839795.jpg",
    "content": "1kg",
    "walkRouteSequenceNumber": 16415,
    "price": {
      "basicPrice": 1.65,
      "recommendedQuantity": "1.0",
      "measurementUnitPrice": 1.65,
      "measurementUnit": "K",
      "isRedPrice": false,
      "pricePerUOM": 1.65,
      "activationDate": "25-01-2024",
      "recordSource": "Offline",
      "isPromoActive": "N",
      "priceChangeCode": "H"
    },
    "isAvailable": true,
    "isPriceAvailable": true,
    "inPromo": false,
    "gtin": [
      "05400141237665",
      "05400141208276",
      "05400141156898",
      "05400141430646",
      "15400141208273",
      "05400141074932"
    ],
    "topCategoryName": "Diepvries",
    "topCategoryId": "129",
    "businessDomain": "RETAIL_BE",
    "IsPrivateLabel": true,
    "IsBiffe": false,
    "WeightconversionFactor": "0",
    "IsWeightArticle": false,
    "nutriscoreLabel": "C",
    "IsBio": false,
    "CountryOfOrigin": "BELGIË",
    "IsExclusivelySoldInLuxembourg": false,
    "OrderUnit": "P",
    "ShortName": "BONI AARDAPPELNOOT 1KG",
    "IsNew": false,
    "EcoscoreLabel": "B",
    "RecentQuanityOfStockUnits": "1,10",
    "LongName": "BONI aardappelnootjes 1kg",
    "AlcoholVolume": "0",
    "FicCode": "I",
    "EcoscoreValue": "79"
  },
  {
    "productId": "575412",
    "technicalArticleNumber": "4223704",
    "commercialArticleNumber": "18049",
    "name": "zoete aardappelfriet oven",
    "description": "*Voorgebakken\n*Diepvries",
    "brand": "BONI",
    "seoBrand": "Boni Selection",
    "thumbNail": "https://static.colruytgroup.com/images/200x200/std.lang.all/98/87/asset-2269887.jpg",
    "fullImage": "https://static.colruytgroup.com/images/500x500/std.lang.all/98/87/asset-2269887.jpg",
    "squareImage": "https://static.colruytgroup.com/images/500x500sq/std.lang.all/98/87/asset-2269887.jpg",
    "content": "450g",
    "walkRouteSequenceNumber": 16437,
    "price": {
      "basicPrice": 2.19,
      "recommendedQuantity": "1.0",
      "quantityPrice": 1.64,
      "quantityPriceQuantity": "2.0",
      "measurementUnitPrice": 4.87,
      "measurementUnitQuantityPrice": 3.65,
      "measurementUnit": "K",
      "isRedPrice": false,
      "pricePerUOM": 4.87,
      "activationDate": "21-03-2024",
      "recordSource": "Offline",
      "isPromoActive": "N",
      "priceChangeCode": "E",
      "quantityPricePerUOM": 3.65,
      "quantityActivationDate": "21-03-2024",
      "quantityPriceChangeCode": "H"
    },
    "isAvailable": true,
    "isPriceAvailable": true,
    "inPromo": false,
    "gtin": [
      "05400141427332",
      "15400141427339",
      "15400141354963",
      "05400141354966"
    ],
    "topCategoryName": "Diepvries",
    "topCategoryId": "129",
    "businessDomain": "RETAIL_BE",
    "IsPrivateLabel": true,
    "IsBiffe": false,
    "WeightconversionFactor": "0",
    "IsWeightArticle": false,
    "nutriscoreLabel": "C",
    "IsBio": false,
    "CountryOfOrigin": "CANADA",
    "IsExclusivelySoldInLuxembourg": false,
    "OrderUnit": "P",
    "ShortName": "BONI ZOE.AARD FRIET450G",
    "IsNew": false,
    "EcoscoreLabel": "A",
    "RecentQuanityOfStockUnits": "12,1",
    "LongName": "BONI zoete aardappelfriet oven 450g",
    "FicCode": "I",
    "EcoscoreValue": "92"
  },
  {
    "productId": "121634",
    "technicalArticleNumber": "3052253",
    "commercialArticleNumber": "25748",
    "name": "aardappelkroketten",
    "description": "*37-43 stuks\n*3'-4' in frituurpan\n175°c",
    "brand": "BONI",
    "seoBrand": "Boni Selection",
    "thumbNail": "https://static.colruytgroup.com/images/200x200/std.lang.all/40/92/asset-2204092.jpg",
    "fullImage": "https://static.colruytgroup.com/images/500x500/std.lang.all/40/92/asset-2204092.jpg",
    "squareImage": "https://static.colruytgroup.com/images/500x500sq/std.lang.all/40/92/asset-2204092.jpg",
    "content": "1kg",
    "walkRouteSequenceNumber": 16353,
    "price": {
      "basicPrice": 1.28,
      "recommendedQuantity": "1.0",
      "measurementUnitPrice": 1.28,
      "measurementUnit": "K",
      "isRedPrice": false,
      "pricePerUOM": 1.28,
      "activationDate": "19-03-2024",
      "recordSource": "Offline",
      "isPromoActive": "N",
      "priceChangeCode": "H"
    },
    "isAvailable": true,
    "isPriceAvailable": true,
    "inPromo": false,
    "gtin": [
      "05400141430660",
      "15400141237631",
      "05400141345667",
      "05400141237634",
      "05400141074925"
    ],
    "topCategoryName": "Diepvries",
    "topCategoryId": "129",
    "businessDomain": "RETAIL_BE",
    "IsPrivateLabel": true,
    "IsBiffe": false,
    "WeightconversionFactor": "0",
    "IsWeightArticle": false,
    "nutriscoreLabel": "C",
    "IsBio": false,
    "CountryOfOrigin": "BELGIË",
    "IsExclusivelySoldInLuxembourg": false,
    "OrderUnit": "P",
    "ShortName": "BONI AARDAPP. KROKET1KG",
    "IsNew": false,
    "EcoscoreLabel": "C",
    "RecentQuanityOfStockUnits": "1",
    "LongName": "BONI aardappelkroketten 1kg",
    "AlcoholVolume": "0",
    "FicCode": "I",
    "EcoscoreValue": "51"
  },
  {
    "productId": "2618",
    "technicalArticleNumber": "30052",
    "commercialArticleNumber": "30052",
    "name": "soepgroenten",
    "description": "* Spruiten, selder, wortel, bloemkool,\nprei, koolrabi, knolselder, peterselie\nerwten",
    "brand": "EVERYDAY",
    "seoBrand": "Everyday",
    "thumbNail": "https://static.colruytgroup.com/images/200x200/std.lang.all/57/10/asset-1405710.jpg",
    "fullImage": "https://static.colruytgroup.com/images/500x500/std.lang.all/57/10/asset-1405710.jpg",
    "squareImage": "https://static.colruytgroup.com/images/500x500sq/std.lang.all/57/10/asset-1405710.jpg",
    "content": "1,5kg",
    "walkRouteSequenceNumber": 17077,
    "price": {
      "basicPrice": 1.87,
      "recommendedQuantity": "1.0",
      "measurementUnitPrice": 1.25,
      "measurementUnit": "K",
      "isRedPrice": false,
      "pricePerUOM": 1.25,
      "activationDate": "14-11-2023",
      "recordSource": "Offline",
      "isPromoActive": "N",
      "priceChangeCode": "E"
    },
    "isAvailable": true,
    "isPriceAvailable": true,
    "inPromo": false,
    "gtin": [
      "05400141007220",
      "05400141163612",
      "05400141342307",
      "15400141342304"
    ],
    "topCategoryName": "Diepvries",
    "topCategoryId": "129",
    "businessDomain": "RETAIL_BE",
    "IsPrivateLabel": true,
    "IsBiffe": false,
    "WeightconversionFactor": "0",
    "IsWeightArticle": false,
    "nutriscoreLabel": "A",
    "IsBio": false,
    "CountryOfOrigin": "BELGIË",
    "IsExclusivelySoldInLuxembourg": false,
    "OrderUnit": "P",
    "ShortName": "EVD 10 SOEPGROENT 1.5K",
    "IsNew": false,
    "EcoscoreLabel": "B",
    "RecentQuanityOfStockUnits": "8,1",
    "LongName": "EVERYDAY soepgroenten 1,5kg",
    "AlcoholVolume": "0",
    "FicCode": "I",
    "EcoscoreValue": "68"
  },
  {
    "productId": "855215",
    "technicalArticleNumber": "4704496",
    "commercialArticleNumber": "31309",
    "name": "röstis",
    "description": "*Voorgebakken\n*Diepvries",
    "brand": "BELVIVA",
    "seoBrand": "Belviva",
    "thumbNail": "https://static.colruytgroup.com/images/200x200/std.lang.all/38/67/asset-3343867.jpg",
    "fullImage": "https://static.colruytgroup.com/images/500x500/std.lang.all/38/67/asset-3343867.jpg",
    "squareImage": "https://static.colruytgroup.com/images/500x500sq/std.lang.all/38/67/asset-3343867.jpg",
    "content": "600g",
    "walkRouteSequenceNumber": 16454,
    "price": {
      "basicPrice": 3.99,
      "recommendedQuantity": "1.0",
      "measurementUnitPrice": 6.65,
      "measurementUnit": "K",
      "isRedPrice": false,
      "pricePerUOM": 6.65,
      "activationDate": "23-03-2024",
      "recordSource": "Offline",
      "isPromoActive": "N",
      "priceChangeCode": "E"
    },
    "isAvailable": true,
    "isPriceAvailable": true,
    "inPromo": false,
    "gtin": [
      "05414807607044",
      "05414807007950"
    ],
    "topCategoryName": "Diepvries",
    "topCategoryId": "129",
    "businessDomain": "RETAIL_BE",
    "IsPrivateLabel": false,
    "IsBiffe": false,
    "WeightconversionFactor": "0",
    "IsWeightArticle": false,
    "nutriscoreLabel": "B",
    "IsBio": false,
    "CountryOfOrigin": "BELGIË",
    "IsExclusivelySoldInLuxembourg": false,
    "OrderUnit": "P",
    "ShortName": "BELV ROSTIS 600G",
    "IsNew": false,
    "RecentQuanityOfStockUnits": "1",
    "LongName": "BELVIVA röstis 600g",
    "AlcoholVolume": "0",
    "FicCode": "E"
  },
  {
    "productId": "4710",
    "technicalArticleNumber": "30542",
    "commercialArticleNumber": "30542",
    "name": "roomijs vanille",
    "description": "*Met vanille uit\nmadagascar\n*Vanilleroomijs",
    "brand": "BONI",
    "seoBrand": "Boni Selection",
    "thumbNail": "https://static.colruytgroup.com/images/200x200/std.lang.all/31/46/asset-2513146.jpg",
    "fullImage": "https://static.colruytgroup.com/images/500x500/std.lang.all/31/46/asset-2513146.jpg",
    "squareImage": "https://static.colruytgroup.com/images/500x500sq/std.lang.all/31/46/asset-2513146.jpg",
    "content": "2,5L",
    "walkRouteSequenceNumber": 17230,
    "price": {
      "basicPrice": 2.99,
      "recommendedQuantity": "1.0",
      "measurementUnitPrice": 1.2,
      "measurementUnit": "L",
      "isRedPrice": false,
      "pricePerUOM": 1.2,
      "activationDate": "15-02-2024",
      "recordSource": "Offline",
      "isPromoActive": "N",
      "priceChangeCode": "E"
    },
    "isAvailable": true,
    "isPriceAvailable": true,
    "inPromo": false,
    "gtin": [
      "05400141120295",
      "05400141261127",
      "15400141261124"
    ],
    "topCategoryName": "Diepvries",
    "topCategoryId": "129",
    "businessDomain": "RETAIL_BE",
    "IsPrivateLabel": true,
    "IsBiffe": false,
    "WeightconversionFactor": "0",
    "IsWeightArticle": false,
    "nutriscoreLabel": "D",
    "IsBio": false,
    "CountryOfOrigin": "BELGIË",
    "IsExclusivelySoldInLuxembourg": false,
    "OrderUnit": "P",
    "ShortName": "BONI VANILLEROOMIJS 2L5",
    "IsNew": false,
    "EcoscoreLabel": "B",
    "RecentQuanityOfStockUnits": "8,1",
    "LongName": "BONI roomijs vanille 2,5L",
    "AlcoholVolume": "0",
    "FicCode": "I",
    "EcoscoreValue": "72"
  },
  {
    "productId": "2617",
    "technicalArticleNumber": "30051",
    "commercialArticleNumber": "30051",
    "name": "sperziebonen extra fijn",
    "description": "*Extra fijn",
    "brand": "BONI",
    "seoBrand": "Boni Selection",
    "thumbNail": "https://static.colruytgroup.com/images/200x200/std.lang.all/37/77/asset-3233777.jpg",
    "fullImage": "https://static.colruytgroup.com/images/500x500/std.lang.all/37/77/asset-3233777.jpg",
    "squareImage": "https://static.colruytgroup.com/images/500x500sq/std.lang.all/37/77/asset-3233777.jpg",
    "content": "1,5kg",
    "walkRouteSequenceNumber": 16972,
    "price": {
      "basicPrice": 2.37,
      "recommendedQuantity": "1.0",
      "measurementUnitPrice": 1.58,
      "measurementUnit": "K",
      "isRedPrice": false,
      "pricePerUOM": 1.58,
      "activationDate": "12-03-2024",
      "recordSource": "Offline",
      "isPromoActive": "N",
      "priceChangeCode": "E"
    },
    "isAvailable": true,
    "isPriceAvailable": true,
    "inPromo": false,
    "gtin": [
      "15400141922070",
      "05400141162653",
      "05400141274349",
      "15400141274346",
      "05400141535846"
    ],
    "topCategoryName": "Diepvries",
    "topCategoryId": "129",
    "businessDomain": "RETAIL_BE",
    "IsPrivateLabel": true,
    "IsBiffe": false,
    "WeightconversionFactor": "0",
    "IsWeightArticle": false,
    "nutriscoreLabel": "A",
    "IsBio": false,
    "CountryOfOrigin": "BELGIË",
    "IsExclusivelySoldInLuxembourg": false,
    "OrderUnit": "P",
    "ShortName": "BONI PRINS BONEN EF 1K5",
    "IsNew": false,
    "EcoscoreLabel": "A",
    "RecentQuanityOfStockUnits": "1,1,8",
    "LongName": "BONI sperziebonen extra fijn 1,5kg",
    "AlcoholVolume": "0",
    "FicCode": "I",
    "EcoscoreValue": "100"
  },
  {
    "productId": "6676",
    "technicalArticleNumber": "30273",
    "commercialArticleNumber": "30273",
    "name": "frieten superfrit",
    "description": "*Voorgebakken in\nzonnebloemolie\n*Op lengte\ngeselecteerd\n*Dik: 14x14 mm",
    "brand": "BONI",
    "seoBrand": "Boni Selection",
    "thumbNail": "https://static.colruytgroup.com/images/200x200/std.lang.all/38/66/asset-2223866.jpg",
    "fullImage": "https://static.colruytgroup.com/images/500x500/std.lang.all/38/66/asset-2223866.jpg",
    "squareImage": "https://static.colruytgroup.com/images/500x500sq/std.lang.all/38/66/asset-2223866.jpg",
    "content": "2kg",
    "walkRouteSequenceNumber": 16330,
    "price": {
      "basicPrice": 2.62,
      "recommendedQuantity": "1.0",
      "quantityPrice": 2.45,
      "quantityPriceQuantity": "2.0",
      "measurementUnitPrice": 1.31,
      "measurementUnitQuantityPrice": 1.23,
      "measurementUnit": "K",
      "isRedPrice": false,
      "pricePerUOM": 1.31,
      "activationDate": "20-03-2024",
      "recordSource": "Folder",
      "isPromoActive": "N",
      "priceChangeCode": "L",
      "quantityPricePerUOM": 1.23,
      "quantityActivationDate": "20-03-2024",
      "quantityPriceChangeCode": "H"
    },
    "isAvailable": true,
    "isPriceAvailable": true,
    "inPromo": false,
    "gtin": [
      "15400141601630",
      "05400141443998",
      "05400141402735",
      "05400141005936",
      "05400141008555",
      "05400141075021",
      "05400141110661",
      "05400141223996",
      "05400141288933",
      "05400141775570",
      "15400141110668",
      "15400141288930",
      "05400141601633"
    ],
    "topCategoryName": "Diepvries",
    "topCategoryId": "129",
    "businessDomain": "RETAIL_BE",
    "IsPrivateLabel": true,
    "IsBiffe": false,
    "WeightconversionFactor": "0",
    "IsWeightArticle": false,
    "nutriscoreLabel": "B",
    "IsBio": false,
    "CountryOfOrigin": "BELGIË",
    "IsExclusivelySoldInLuxembourg": false,
    "OrderUnit": "P",
    "ShortName": "BONI SUPERFRIET 2KG",
    "IsNew": false,
    "EcoscoreLabel": "B",
    "RecentQuanityOfStockUnits": "5,5,1,1",
    "LongName": "BONI frieten superfrit 2kg",
    "AlcoholVolume": "0",
    "FicCode": "I",
    "EcoscoreValue": "76"
  },
  {
    "productId": "112998",
    "technicalArticleNumber": "3084368",
    "commercialArticleNumber": "37369",
    "name": "kaaskroketten",
    "description": "*Met 15 % smeltkaas\n*In de frituurpan",
    "brand": "EVERYDAY",
    "seoBrand": "Everyday",
    "thumbNail": "https://static.colruytgroup.com/images/200x200/std.lang.all/28/23/asset-2372823.jpg",
    "fullImage": "https://static.colruytgroup.com/images/500x500/std.lang.all/28/23/asset-2372823.jpg",
    "squareImage": "https://static.colruytgroup.com/images/500x500sq/std.lang.all/28/23/asset-2372823.jpg",
    "content": "12st 600g",
    "walkRouteSequenceNumber": 17553,
    "price": {
      "basicPrice": 1.99,
      "recommendedQuantity": "1.0",
      "measurementUnitPrice": 3.32,
      "measurementUnit": "K",
      "isRedPrice": false,
      "pricePerUOM": 3.32,
      "activationDate": "21-10-2023",
      "recordSource": "Offline",
      "isPromoActive": "N",
      "priceChangeCode": "L"
    },
    "isAvailable": true,
    "isPriceAvailable": true,
    "inPromo": false,
    "gtin": [
      "05400141119879",
      "05400141127331",
      "15400141960843",
      "05400141165050",
      "05400141840735"
    ],
    "topCategoryName": "Diepvries",
    "topCategoryId": "129",
    "businessDomain": "RETAIL_BE",
    "IsPrivateLabel": true,
    "IsBiffe": false,
    "WeightconversionFactor": "0",
    "IsWeightArticle": false,
    "nutriscoreLabel": "D",
    "IsBio": false,
    "CountryOfOrigin": "BELGIË",
    "IsExclusivelySoldInLuxembourg": false,
    "OrderUnit": "P",
    "ShortName": "EVD KAASKROKET 12X50G",
    "IsNew": false,
    "EcoscoreLabel": "B",
    "RecentQuanityOfStockUnits": "16,1",
    "LongName": "EVERYDAY kaaskroketten 12st 600g",
    "AlcoholVolume": "0",
    "FicCode": "I",
    "EcoscoreValue": "65"
  },
  {
    "productId": "670615",
    "technicalArticleNumber": "4383280",
    "commercialArticleNumber": "24388",
    "name": "margherita",
    "description": "*Pizza rijkelijk bel-\negd met mozzarella\nen gouda op en krokante\ndunne bodem\n*Diepvries",
    "brand": "DR.OETKER RISTORANTE",
    "seoBrand": "Dr.Oetker Ristorante",
    "thumbNail": "https://static.colruytgroup.com/images/200x200/std.lang.all/54/89/asset-3215489.jpg",
    "fullImage": "https://static.colruytgroup.com/images/500x500/std.lang.all/54/89/asset-3215489.jpg",
    "squareImage": "https://static.colruytgroup.com/images/500x500sq/std.lang.all/54/89/asset-3215489.jpg",
    "content": "295g",
    "walkRouteSequenceNumber": 18055,
    "price": {
      "basicPrice": 2.99,
      "recommendedQuantity": "1.0",
      "measurementUnitPrice": 10.14,
      "measurementUnit": "K",
      "isRedPrice": false,
      "pricePerUOM": 10.14,
      "activationDate": "14-02-2024",
      "recordSource": "Offline",
      "isPromoActive": "N",
      "priceChangeCode": "E"
    },
    "isAvailable": true,
    "isPriceAvailable": true,
    "inPromo": false,
    "gtin": [
      "04001724029922",
      "04001724039563",
      "04001724039570",
      "04001724029939"
    ],
    "topCategoryName": "Diepvries",
    "topCategoryId": "129",
    "businessDomain": "RETAIL_BE",
    "IsPrivateLabel": false,
    "IsBiffe": false,
    "WeightconversionFactor": "0",
    "IsWeightArticle": false,
    "nutriscoreLabel": "C",
    "IsBio": false,
    "CountryOfOrigin": "DUITSLAND",
    "IsExclusivelySoldInLuxembourg": false,
    "OrderUnit": "P",
    "ShortName": "OETK RIST.MARGHERI295G",
    "IsNew": false,
    "RecentQuanityOfStockUnits": "1,7",
    "LongName": "DR.OETKER RISTORANTE margherita 295g",
    "FicCode": "E"
  },
  {
    "productId": "52206",
    "technicalArticleNumber": "2394186",
    "commercialArticleNumber": "36501",
    "name": "vanille ijs",
    "description": "*Ijs\nmet vanillesmaak",
    "brand": "EVERYDAY",
    "seoBrand": "Everyday",
    "thumbNail": "https://static.colruytgroup.com/images/200x200/std.lang.all/52/65/asset-625265.jpg",
    "fullImage": "https://static.colruytgroup.com/images/500x500/std.lang.all/52/65/asset-625265.jpg",
    "squareImage": "https://static.colruytgroup.com/images/500x500sq/std.lang.all/52/65/asset-625265.jpg",
    "content": "2,5L",
    "walkRouteSequenceNumber": 17231,
    "price": {
      "basicPrice": 2.61,
      "recommendedQuantity": "1.0",
      "measurementUnitPrice": 1.05,
      "measurementUnit": "L",
      "isRedPrice": false,
      "pricePerUOM": 1.05,
      "activationDate": "13-03-2024",
      "recordSource": "Offline",
      "isPromoActive": "N",
      "priceChangeCode": "H"
    },
    "isAvailable": true,
    "isPriceAvailable": true,
    "inPromo": false,
    "gtin": [
      "05400141165111",
      "05400141120301",
      "15400141960904"
    ],
    "topCategoryName": "Diepvries",
    "topCategoryId": "129",
    "businessDomain": "RETAIL_BE",
    "IsPrivateLabel": true,
    "IsBiffe": false,
    "WeightconversionFactor": "0",
    "IsWeightArticle": false,
    "nutriscoreLabel": "D",
    "IsBio": false,
    "CountryOfOrigin": "BELGIË",
    "IsExclusivelySoldInLuxembourg": false,
    "OrderUnit": "P",
    "ShortName": "EVD VANILLE IJS 2L5",
    "IsNew": false,
    "EcoscoreLabel": "B",
    "RecentQuanityOfStockUnits": "8,1",
    "LongName": "EVERYDAY vanille ijs 2,5L",
    "AlcoholVolume": "0",
    "FicCode": "I",
    "EcoscoreValue": "72"
  },
  {
    "productId": "1060",
    "technicalArticleNumber": "30006",
    "commercialArticleNumber": "30006",
    "name": "spruiten",
    "brand": "BONI",
    "seoBrand": "Boni Selection",
    "thumbNail": "https://static.colruytgroup.com/images/200x200/std.lang.all/84/96/asset-3438496.jpg",
    "fullImage": "https://static.colruytgroup.com/images/500x500/std.lang.all/84/96/asset-3438496.jpg",
    "squareImage": "https://static.colruytgroup.com/images/500x500sq/std.lang.all/84/96/asset-3438496.jpg",
    "content": "1,5kg",
    "walkRouteSequenceNumber": 17070,
    "price": {
      "basicPrice": 1.93,
      "recommendedQuantity": "1.0",
      "measurementUnitPrice": 1.29,
      "measurementUnit": "K",
      "isRedPrice": false,
      "pricePerUOM": 1.29,
      "activationDate": "12-03-2024",
      "recordSource": "Offline",
      "isPromoActive": "N",
      "priceChangeCode": "E"
    },
    "isAvailable": true,
    "isPriceAvailable": true,
    "inPromo": false,
    "gtin": [
      "05400014126003",
      "05400141158090",
      "05400141158106",
      "05400141212549",
      "05400141272727",
      "05400141364675",
      "15400141272823",
      "05400141656510"
    ],
    "topCategoryName": "Diepvries",
    "topCategoryId": "129",
    "businessDomain": "RETAIL_BE",
    "IsPrivateLabel": true,
    "IsBiffe": false,
    "WeightconversionFactor": "0",
    "IsWeightArticle": false,
    "nutriscoreLabel": "A",
    "IsBio": false,
    "CountryOfOrigin": "BELGIË",
    "IsExclusivelySoldInLuxembourg": false,
    "OrderUnit": "P",
    "ShortName": "BONI SPRUITEN 1K5",
    "IsNew": false,
    "EcoscoreLabel": "A",
    "RecentQuanityOfStockUnits": "1,1",
    "LongName": "BONI spruiten 1,5kg",
    "AlcoholVolume": "0",
    "FicCode": "I",
    "EcoscoreValue": "100"
  },
  {
    "productId": "146669",
    "technicalArticleNumber": "3309582",
    "commercialArticleNumber": "32378",
    "name": "Ristorante bologn/froma",
    "description": "*Met rundsvlees, ui\nmozzarella,\nemmentaler, tomaat\n*In de oven",
    "brand": "DR.OETKER",
    "seoBrand": "Dr.Oetker Ristorante",
    "thumbNail": "https://static.colruytgroup.com/images/200x200/std.lang.all/54/87/asset-3215487.jpg",
    "fullImage": "https://static.colruytgroup.com/images/500x500/std.lang.all/54/87/asset-3215487.jpg",
    "squareImage": "https://static.colruytgroup.com/images/500x500sq/std.lang.all/54/87/asset-3215487.jpg",
    "content": "375g",
    "walkRouteSequenceNumber": 18041,
    "price": {
      "basicPrice": 3.99,
      "recommendedQuantity": "1.0",
      "quantityPrice": 3.83,
      "quantityPriceQuantity": "3.0",
      "measurementUnitPrice": 10.64,
      "measurementUnitQuantityPrice": 10.22,
      "measurementUnit": "K",
      "isRedPrice": false,
      "pricePerUOM": 10.64,
      "activationDate": "21-03-2024",
      "recordSource": "Offline",
      "isPromoActive": "N",
      "priceChangeCode": "L",
      "quantityPricePerUOM": 10.22,
      "quantityActivationDate": "21-03-2024",
      "quantityPriceChangeCode": "L"
    },
    "isAvailable": true,
    "isPriceAvailable": true,
    "inPromo": false,
    "gtin": [
      "04001724039419",
      "04001724039426",
      "04001724014324",
      "04001724014317"
    ],
    "topCategoryName": "Diepvries",
    "topCategoryId": "129",
    "businessDomain": "RETAIL_BE",
    "IsPrivateLabel": false,
    "IsBiffe": false,
    "WeightconversionFactor": "0",
    "IsWeightArticle": false,
    "nutriscoreLabel": "C",
    "IsBio": false,
    "CountryOfOrigin": "DUITSLAND",
    "IsExclusivelySoldInLuxembourg": false,
    "OrderUnit": "P",
    "ShortName": "OETK RIST BOLO FORM375G",
    "IsNew": false,
    "RecentQuanityOfStockUnits": "7,1",
    "LongName": "DR.OETKER Ristorante bologn/froma 375g",
    "AlcoholVolume": "0",
    "FicCode": "E"
  },
  {
    "productId": "841123",
    "technicalArticleNumber": "4685435",
    "commercialArticleNumber": "20074",
    "name": "klassiek frieten oven",
    "brand": "MCCAIN",
    "seoBrand": "Mccain",
    "thumbNail": "https://static.colruytgroup.com/images/200x200/std.lang.all/09/96/asset-3000996.jpg",
    "fullImage": "https://static.colruytgroup.com/images/500x500/std.lang.all/09/96/asset-3000996.jpg",
    "squareImage": "https://static.colruytgroup.com/images/500x500sq/std.lang.all/09/96/asset-3000996.jpg",
    "content": "700g",
    "walkRouteSequenceNumber": 16448,
    "price": {
      "basicPrice": 3.99,
      "recommendedQuantity": "1.0",
      "measurementUnitPrice": 5.7,
      "measurementUnit": "K",
      "isRedPrice": false,
      "pricePerUOM": 5.7,
      "activationDate": "19-03-2024",
      "recordSource": "Offline",
      "isPromoActive": "Y",
      "priceChangeCode": "H"
    },
    "isAvailable": true,
    "isPriceAvailable": true,
    "inPromo": true,
    "promotion": [
      {
        "techPromoId": "100865COLR",
        "promotionId": "100865",
        "promotionType": "3",
        "isPersonalized": "N",
        "publicationStartDate": "13-03-2024",
        "publicationEndDate": "26-03-2024"
      }
    ],
    "gtin": [
      "08710438125177",
      "08710438125184"
    ],
    "topCategoryName": "Diepvries",
    "topCategoryId": "129",
    "businessDomain": "RETAIL_BE",
    "IsPrivateLabel": false,
    "IsBiffe": false,
    "WeightconversionFactor": "0",
    "IsWeightArticle": false,
    "nutriscoreLabel": "A",
    "IsBio": false,
    "CountryOfOrigin": "EUROPA",
    "IsExclusivelySoldInLuxembourg": false,
    "OrderUnit": "P",
    "ShortName": "MCCA FRIET KLAS.OVEN700",
    "IsNew": false,
    "EcoscoreLabel": "B",
    "RecentQuanityOfStockUnits": "1,12",
    "LongName": "MCCAIN klassiek frieten oven 700g",
    "FicCode": "E",
    "EcoscoreValue": "71"
  },
  {
    "productId": "4709",
    "technicalArticleNumber": "30541",
    "commercialArticleNumber": "30541",
    "name": "roomijs vanille",
    "description": "*Vanilleroomijs",
    "brand": "IJSBOERKE",
    "seoBrand": "Ijsboerke",
    "thumbNail": "https://static.colruytgroup.com/images/200x200/std.lang.all/37/12/asset-593712.jpg",
    "fullImage": "https://static.colruytgroup.com/images/500x500/std.lang.all/37/12/asset-593712.jpg",
    "squareImage": "https://static.colruytgroup.com/images/500x500sq/std.lang.all/37/12/asset-593712.jpg",
    "content": "2,5L",
    "walkRouteSequenceNumber": 17229,
    "price": {
      "basicPrice": 9.97,
      "recommendedQuantity": "1.0",
      "quantityPrice": 9.57,
      "quantityPriceQuantity": "3.0",
      "measurementUnitPrice": 3.99,
      "measurementUnitQuantityPrice": 3.83,
      "measurementUnit": "L",
      "isRedPrice": false,
      "pricePerUOM": 3.99,
      "activationDate": "23-03-2024",
      "recordSource": "Folder",
      "isPromoActive": "Y",
      "priceChangeCode": "E",
      "quantityPricePerUOM": 3.83,
      "quantityActivationDate": "23-03-2024",
      "quantityPriceChangeCode": "E"
    },
    "isAvailable": true,
    "isPriceAvailable": true,
    "inPromo": true,
    "promotion": [
      {
        "techPromoId": "100895COLR",
        "promotionId": "100895",
        "promotionType": "3",
        "isPersonalized": "N",
        "publicationStartDate": "13-03-2024",
        "publicationEndDate": "26-03-2024"
      }
    ],
    "gtin": [
      "05412121053691",
      "05412121000114",
      "05412121300115"
    ],
    "topCategoryName": "Diepvries",
    "topCategoryId": "129",
    "businessDomain": "RETAIL_BE",
    "IsPrivateLabel": false,
    "IsBiffe": false,
    "WeightconversionFactor": "0",
    "IsWeightArticle": false,
    "nutriscoreLabel": "D",
    "IsBio": false,
    "CountryOfOrigin": "BELGIË",
    "IsExclusivelySoldInLuxembourg": false,
    "OrderUnit": "P",
    "ShortName": "IJSBOERKE VANILLE 2L5",
    "IsNew": false,
    "EcoscoreLabel": "A",
    "RecentQuanityOfStockUnits": "1,6",
    "LongName": "IJSBOERKE roomijs vanille 2,5L",
    "AlcoholVolume": "0",
    "FicCode": "E",
    "EcoscoreValue": "88"
  },
  {
    "productId": "974",
    "technicalArticleNumber": "30055",
    "commercialArticleNumber": "30055",
    "name": "groentenreepjes",
    "description": "*Samenstelling:\nknolselder, wortel,\ncourgette en\nbroccoli",
    "brand": "BONI",
    "seoBrand": "Boni Selection",
    "thumbNail": "https://static.colruytgroup.com/images/200x200/std.lang.all/53/19/asset-2845319.jpg",
    "fullImage": "https://static.colruytgroup.com/images/500x500/std.lang.all/53/19/asset-2845319.jpg",
    "squareImage": "https://static.colruytgroup.com/images/500x500sq/std.lang.all/53/19/asset-2845319.jpg",
    "content": "1kg",
    "walkRouteSequenceNumber": 17071,
    "price": {
      "basicPrice": 1.65,
      "recommendedQuantity": "1.0",
      "quantityPrice": 1.52,
      "quantityPriceQuantity": "3.0",
      "measurementUnitPrice": 1.65,
      "measurementUnitQuantityPrice": 1.52,
      "measurementUnit": "K",
      "isRedPrice": false,
      "pricePerUOM": 1.65,
      "activationDate": "05-03-2024",
      "recordSource": "Offline",
      "isPromoActive": "N",
      "priceChangeCode": "E",
      "quantityPricePerUOM": 1.52,
      "quantityActivationDate": "05-03-2024",
      "quantityPriceChangeCode": "E"
    },
    "isAvailable": true,
    "isPriceAvailable": true,
    "inPromo": false,
    "gtin": [
      "05400141144383",
      "05400141144734",
      "05400141394627",
      "05400141600490",
      "05400141556476"
    ],
    "topCategoryName": "Diepvries",
    "topCategoryId": "129",
    "businessDomain": "RETAIL_BE",
    "IsPrivateLabel": true,
    "IsBiffe": false,
    "WeightconversionFactor": "0",
    "IsWeightArticle": false,
    "nutriscoreLabel": "A",
    "IsBio": false,
    "CountryOfOrigin": "BELGIË",
    "IsExclusivelySoldInLuxembourg": false,
    "OrderUnit": "P",
    "ShortName": "BONI GROENTEREEPJES 1K",
    "IsNew": false,
    "EcoscoreLabel": "B",
    "RecentQuanityOfStockUnits": "1,10",
    "LongName": "BONI groentenreepjes 1kg",
    "AlcoholVolume": "0",
    "FicCode": "I",
    "EcoscoreValue": "79"
  },
  {
    "productId": "3739",
    "technicalArticleNumber": "1103290",
    "commercialArticleNumber": "30050",
    "name": "knoflook fijngesneden",
    "description": "*Fijngesneden\nknoflook",
    "brand": "BONI",
    "seoBrand": "Boni Selection",
    "thumbNail": "https://static.colruytgroup.com/images/200x200/std.lang.all/29/36/asset-2522936.jpg",
    "fullImage": "https://static.colruytgroup.com/images/500x500/std.lang.all/29/36/asset-2522936.jpg",
    "squareImage": "https://static.colruytgroup.com/images/500x500sq/std.lang.all/29/36/asset-2522936.jpg",
    "content": "250g",
    "walkRouteSequenceNumber": 17101,
    "price": {
      "basicPrice": 3.31,
      "recommendedQuantity": "1.0",
      "quantityPrice": 3.05,
      "quantityPriceQuantity": "3.0",
      "measurementUnitPrice": 13.24,
      "measurementUnitQuantityPrice": 12.2,
      "measurementUnit": "K",
      "isRedPrice": false,
      "pricePerUOM": 13.24,
      "activationDate": "08-02-2024",
      "recordSource": "Offline",
      "isPromoActive": "N",
      "priceChangeCode": "H",
      "quantityPricePerUOM": 12.2,
      "quantityActivationDate": "08-02-2024",
      "quantityPriceChangeCode": "E"
    },
    "isAvailable": true,
    "isPriceAvailable": true,
    "inPromo": false,
    "gtin": [
      "05400141426779",
      "15400141426776",
      "15400141342335",
      "05400141400502",
      "05400141500509",
      "05400141342338",
      "05400141276268",
      "05400141146738"
    ],
    "topCategoryName": "Diepvries",
    "topCategoryId": "129",
    "businessDomain": "RETAIL_BE",
    "IsPrivateLabel": true,
    "IsBiffe": false,
    "WeightconversionFactor": "0",
    "IsWeightArticle": false,
    "nutriscoreLabel": "A",
    "IsBio": false,
    "CountryOfOrigin": "CHINA (VOLKSREBUPLIEK)",
    "IsExclusivelySoldInLuxembourg": false,
    "OrderUnit": "P",
    "ShortName": "BONI KNOFLOOK 250G",
    "IsNew": false,
    "EcoscoreLabel": "B",
    "RecentQuanityOfStockUnits": "1",
    "LongName": "BONI knoflook fijngesneden 250g",
    "AlcoholVolume": "0",
    "FicCode": "I",
    "EcoscoreValue": "79"
  },
  {
    "productId": "85018",
    "technicalArticleNumber": "2962649",
    "commercialArticleNumber": "35524",
    "name": "aardappelpuree broccoli",
    "description": "*In porties\n*Met 42% broccoli",
    "brand": "BONI",
    "seoBrand": "Boni Selection",
    "thumbNail": "https://static.colruytgroup.com/images/200x200/std.lang.all/45/26/asset-3334526.jpg",
    "fullImage": "https://static.colruytgroup.com/images/500x500/std.lang.all/45/26/asset-3334526.jpg",
    "squareImage": "https://static.colruytgroup.com/images/500x500sq/std.lang.all/45/26/asset-3334526.jpg",
    "content": "1kg",
    "walkRouteSequenceNumber": 16543,
    "price": {
      "basicPrice": 2.25,
      "recommendedQuantity": "1.0",
      "measurementUnitPrice": 2.25,
      "measurementUnit": "K",
      "isRedPrice": false,
      "pricePerUOM": 2.25,
      "activationDate": "08-01-2024",
      "recordSource": "Offline",
      "isPromoActive": "N",
      "priceChangeCode": "H"
    },
    "isAvailable": true,
    "isPriceAvailable": true,
    "inPromo": false,
    "gtin": [
      "15400141236955",
      "15400141185987",
      "05400141355246",
      "05400141236958"
    ],
    "topCategoryName": "Diepvries",
    "topCategoryId": "129",
    "businessDomain": "RETAIL_BE",
    "IsPrivateLabel": true,
    "IsBiffe": false,
    "WeightconversionFactor": "0",
    "IsWeightArticle": false,
    "nutriscoreLabel": "C",
    "IsBio": false,
    "CountryOfOrigin": "BELGIË",
    "IsExclusivelySoldInLuxembourg": false,
    "OrderUnit": "P",
    "ShortName": "BONI PUREE BROCCOLI 1KG",
    "IsNew": false,
    "EcoscoreLabel": "A",
    "RecentQuanityOfStockUnits": "1",
    "LongName": "BONI aardappelpuree broccoli 1kg",
    "AlcoholVolume": "0",
    "FicCode": "I",
    "EcoscoreValue": "93"
  },
  {
    "productId": "186144",
    "technicalArticleNumber": "3462548",
    "commercialArticleNumber": "30706",
    "name": "prinsessenbonen zeer fijn",
    "description": "*Los diepgevroren",
    "brand": "BONI BIO",
    "seoBrand": "Boni Selection Bio",
    "thumbNail": "https://static.colruytgroup.com/images/200x200/std.lang.all/56/70/asset-2155670.jpg",
    "fullImage": "https://static.colruytgroup.com/images/500x500/std.lang.all/56/70/asset-2155670.jpg",
    "squareImage": "https://static.colruytgroup.com/images/500x500sq/std.lang.all/56/70/asset-2155670.jpg",
    "content": "600g",
    "walkRouteSequenceNumber": 16986,
    "price": {
      "basicPrice": 1.69,
      "recommendedQuantity": "1.0",
      "quantityPrice": 1.4,
      "quantityPriceQuantity": "2.0",
      "measurementUnitPrice": 2.82,
      "measurementUnitQuantityPrice": 2.34,
      "measurementUnit": "K",
      "isRedPrice": false,
      "pricePerUOM": 2.82,
      "activationDate": "23-03-2024",
      "recordSource": "Offline",
      "isPromoActive": "N",
      "priceChangeCode": "E",
      "quantityPricePerUOM": 2.34,
      "quantityActivationDate": "23-03-2024",
      "quantityPriceChangeCode": "E"
    },
    "isAvailable": true,
    "isPriceAvailable": true,
    "inPromo": false,
    "gtin": [
      "15400141362135",
      "15400141273110",
      "05400141382174",
      "05400141362138",
      "05400141273113",
      "05400141659290"
    ],
    "topCategoryName": "Diepvries",
    "topCategoryId": "129",
    "businessDomain": "RETAIL_BE",
    "IsPrivateLabel": true,
    "IsBiffe": false,
    "WeightconversionFactor": "0",
    "IsWeightArticle": false,
    "nutriscoreLabel": "A",
    "IsBio": true,
    "CountryOfOrigin": "BELGIË",
    "IsExclusivelySoldInLuxembourg": false,
    "OrderUnit": "P",
    "ShortName": "BS BIO PRINSESBONEN600G",
    "IsNew": false,
    "EcoscoreLabel": "B",
    "RecentQuanityOfStockUnits": "1,1",
    "LongName": "BONI BIO prinsessenbonen zeer fijn 600g",
    "AlcoholVolume": "0",
    "FicCode": "I",
    "EcoscoreValue": "79"
  },
  {
    "productId": "3738",
    "technicalArticleNumber": "1103289",
    "commercialArticleNumber": "30047",
    "name": "ui sjalot fijngesneden",
    "description": "*Fijngesneden sjalot",
    "brand": "BONI",
    "seoBrand": "Boni Selection",
    "thumbNail": "https://static.colruytgroup.com/images/200x200/std.lang.all/44/29/asset-3454429.jpg",
    "fullImage": "https://static.colruytgroup.com/images/500x500/std.lang.all/44/29/asset-3454429.jpg",
    "squareImage": "https://static.colruytgroup.com/images/500x500sq/std.lang.all/44/29/asset-3454429.jpg",
    "content": "250g",
    "walkRouteSequenceNumber": 17107,
    "price": {
      "basicPrice": 2.11,
      "recommendedQuantity": "1.0",
      "quantityPrice": 1.94,
      "quantityPriceQuantity": "3.0",
      "measurementUnitPrice": 8.44,
      "measurementUnitQuantityPrice": 7.76,
      "measurementUnit": "K",
      "isRedPrice": false,
      "pricePerUOM": 8.44,
      "activationDate": "17-11-2023",
      "recordSource": "Offline",
      "isPromoActive": "N",
      "priceChangeCode": "H",
      "quantityPricePerUOM": 7.76,
      "quantityActivationDate": "17-11-2023",
      "quantityPriceChangeCode": "H"
    },
    "isAvailable": true,
    "isPriceAvailable": true,
    "inPromo": false,
    "gtin": [
      "05400141089394",
      "05400141088632",
      "05400141146745",
      "15400141276227",
      "15400141931270",
      "05400141276220",
      "15400141805151",
      "05400141805154"
    ],
    "topCategoryName": "Diepvries",
    "topCategoryId": "129",
    "businessDomain": "RETAIL_BE",
    "IsPrivateLabel": true,
    "IsBiffe": false,
    "WeightconversionFactor": "0",
    "IsWeightArticle": false,
    "nutriscoreLabel": "A",
    "IsBio": false,
    "CountryOfOrigin": "POLEN",
    "IsExclusivelySoldInLuxembourg": false,
    "OrderUnit": "P",
    "ShortName": "BONI FIJNGEH.SJALOT250G",
    "IsNew": false,
    "EcoscoreLabel": "A",
    "RecentQuanityOfStockUnits": "1,20",
    "LongName": "BONI ui sjalot fijngesneden 250g",
    "AlcoholVolume": "0",
    "FicCode": "I",
    "EcoscoreValue": "97"
  },
  {
    "productId": "855223",
    "technicalArticleNumber": "4704506",
    "commercialArticleNumber": "31313",
    "name": "ovenkroketten",
    "description": "*Voorgebakken\n*Diepvries",
    "brand": "BELVIVA",
    "seoBrand": "Belviva",
    "thumbNail": "https://static.colruytgroup.com/images/200x200/std.lang.all/32/65/asset-3193265.jpg",
    "fullImage": "https://static.colruytgroup.com/images/500x500/std.lang.all/32/65/asset-3193265.jpg",
    "squareImage": "https://static.colruytgroup.com/images/500x500sq/std.lang.all/32/65/asset-3193265.jpg",
    "content": "600g",
    "walkRouteSequenceNumber": 16399,
    "price": {
      "basicPrice": 3.79,
      "recommendedQuantity": "1.0",
      "measurementUnitPrice": 6.32,
      "measurementUnit": "K",
      "isRedPrice": false,
      "pricePerUOM": 6.32,
      "activationDate": "23-03-2024",
      "recordSource": "Offline",
      "isPromoActive": "N",
      "priceChangeCode": "E"
    },
    "isAvailable": true,
    "isPriceAvailable": true,
    "inPromo": false,
    "gtin": [
      "05414807007998",
      "05414807607082"
    ],
    "topCategoryName": "Diepvries",
    "topCategoryId": "129",
    "businessDomain": "RETAIL_BE",
    "IsPrivateLabel": false,
    "IsBiffe": false,
    "WeightconversionFactor": "0",
    "IsWeightArticle": false,
    "nutriscoreLabel": "B",
    "IsBio": false,
    "CountryOfOrigin": "BELGIË",
    "IsExclusivelySoldInLuxembourg": false,
    "OrderUnit": "P",
    "ShortName": "BELV OVENKROKET 600G",
    "IsNew": false,
    "RecentQuanityOfStockUnits": "1",
    "LongName": "BELVIVA ovenkroketten 600g",
    "AlcoholVolume": "0",
    "FicCode": "E"
  },
  {
    "productId": "182228",
    "technicalArticleNumber": "3371217",
    "commercialArticleNumber": "23709",
    "name": "salami&mozza.",
    "description": "*Cherrytomaten,\nsalami, basilicum,\nkaas: mozzarella\n*In de oven",
    "brand": "DR.OETKER RISTORANTE",
    "seoBrand": "Dr.Oetker Ristorante",
    "thumbNail": "https://static.colruytgroup.com/images/200x200/std.lang.all/46/10/asset-3274610.jpg",
    "fullImage": "https://static.colruytgroup.com/images/500x500/std.lang.all/46/10/asset-3274610.jpg",
    "squareImage": "https://static.colruytgroup.com/images/500x500sq/std.lang.all/46/10/asset-3274610.jpg",
    "content": "360g",
    "walkRouteSequenceNumber": 18079,
    "price": {
      "basicPrice": 2.79,
      "recommendedQuantity": "1.0",
      "measurementUnitPrice": 7.75,
      "measurementUnit": "K",
      "isRedPrice": false,
      "pricePerUOM": 7.75,
      "activationDate": "12-02-2024",
      "recordSource": "Offline",
      "isPromoActive": "N",
      "priceChangeCode": "H"
    },
    "isAvailable": true,
    "isPriceAvailable": true,
    "inPromo": false,
    "gtin": [
      "04001724004073",
      "04001724004080",
      "04001724039297",
      "04001724039303"
    ],
    "topCategoryName": "Diepvries",
    "topCategoryId": "129",
    "businessDomain": "RETAIL_BE",
    "IsPrivateLabel": false,
    "IsBiffe": false,
    "WeightconversionFactor": "0",
    "IsWeightArticle": false,
    "nutriscoreLabel": "C",
    "IsBio": false,
    "CountryOfOrigin": "DUITSLAND",
    "IsExclusivelySoldInLuxembourg": false,
    "OrderUnit": "P",
    "ShortName": "DR OETKER RIST MOZ/SAL",
    "IsNew": false,
    "RecentQuanityOfStockUnits": "1,7",
    "LongName": "DR.OETKER RISTORANTE salami&mozza. 360g",
    "AlcoholVolume": "0",
    "FicCode": "E"
  },
  {
    "productId": "415936",
    "technicalArticleNumber": "3931123",
    "commercialArticleNumber": "1012",
    "name": "Ristorante spinazie+room",
    "description": "*met spinazie\n*met room",
    "brand": "DR OETKER",
    "seoBrand": "Dr.Oetker Ristorante",
    "thumbNail": "https://static.colruytgroup.com/images/200x200/std.lang.all/53/54/asset-3215354.jpg",
    "fullImage": "https://static.colruytgroup.com/images/500x500/std.lang.all/53/54/asset-3215354.jpg",
    "squareImage": "https://static.colruytgroup.com/images/500x500sq/std.lang.all/53/54/asset-3215354.jpg",
    "content": "390g",
    "walkRouteSequenceNumber": 18008,
    "price": {
      "basicPrice": 3.69,
      "recommendedQuantity": "1.0",
      "quantityPrice": 3.54,
      "quantityPriceQuantity": "3.0",
      "measurementUnitPrice": 9.47,
      "measurementUnitQuantityPrice": 9.08,
      "measurementUnit": "K",
      "isRedPrice": false,
      "pricePerUOM": 9.47,
      "activationDate": "04-01-2024",
      "isPromoActive": "N",
      "priceChangeCode": "H",
      "quantityPricePerUOM": 9.08,
      "quantityActivationDate": "04-01-2024",
      "quantityPriceChangeCode": "H"
    },
    "isAvailable": true,
    "isPriceAvailable": true,
    "inPromo": false,
    "gtin": [
      "04001724039532",
      "04001724029472",
      "04001724029489",
      "04001724039549"
    ],
    "topCategoryName": "Diepvries",
    "topCategoryId": "129",
    "businessDomain": "RETAIL_BE",
    "IsPrivateLabel": false,
    "IsBiffe": false,
    "WeightconversionFactor": "0",
    "IsWeightArticle": false,
    "nutriscoreLabel": "C",
    "IsBio": false,
    "CountryOfOrigin": "BELGIË",
    "IsExclusivelySoldInLuxembourg": false,
    "OrderUnit": "P",
    "ShortName": "OETK RIST.SPIN.CR.390G",
    "IsNew": false,
    "RecentQuanityOfStockUnits": "1,7",
    "LongName": "DR OETKER Ristorante spinazie+room 390g",
    "FicCode": "E"
  },
  {
    "productId": "1073",
    "technicalArticleNumber": "30034",
    "commercialArticleNumber": "30034",
    "name": "erwten en jonge wortelen",
    "description": "*Samenstelling:\nzeer fijne erwten en\nfijne jonge wortelen",
    "brand": "BONI",
    "seoBrand": "Boni Selection",
    "thumbNail": "https://static.colruytgroup.com/images/200x200/std.lang.all/44/28/asset-3454428.jpg",
    "fullImage": "https://static.colruytgroup.com/images/500x500/std.lang.all/44/28/asset-3454428.jpg",
    "squareImage": "https://static.colruytgroup.com/images/500x500sq/std.lang.all/44/28/asset-3454428.jpg",
    "content": "1,5kg",
    "walkRouteSequenceNumber": 17068,
    "price": {
      "basicPrice": 2.58,
      "recommendedQuantity": "1.0",
      "quantityPrice": 2.48,
      "quantityPriceQuantity": "3.0",
      "measurementUnitPrice": 1.72,
      "measurementUnitQuantityPrice": 1.66,
      "measurementUnit": "K",
      "isRedPrice": false,
      "pricePerUOM": 1.72,
      "activationDate": "08-03-2024",
      "recordSource": "Offline",
      "isPromoActive": "N",
      "priceChangeCode": "L",
      "quantityPricePerUOM": 1.66,
      "quantityActivationDate": "08-03-2024",
      "quantityPriceChangeCode": "L"
    },
    "isAvailable": true,
    "isPriceAvailable": true,
    "inPromo": false,
    "gtin": [
      "05400141782479",
      "15400141400349",
      "05400141157963",
      "05400141181838",
      "05400141393323",
      "05400141400342",
      "05400141600346",
      "05400141600452"
    ],
    "topCategoryName": "Diepvries",
    "topCategoryId": "129",
    "businessDomain": "RETAIL_BE",
    "IsPrivateLabel": true,
    "IsBiffe": false,
    "WeightconversionFactor": "0",
    "IsWeightArticle": false,
    "nutriscoreLabel": "A",
    "IsBio": false,
    "CountryOfOrigin": "BELGIË",
    "IsExclusivelySoldInLuxembourg": false,
    "OrderUnit": "P",
    "ShortName": "BONI ZF ERW J.H.WORT1K5",
    "IsNew": false,
    "EcoscoreLabel": "A",
    "RecentQuanityOfStockUnits": "8,1,1",
    "LongName": "BONI erwten en jonge wortelen 1,5kg",
    "AlcoholVolume": "0",
    "FicCode": "I",
    "EcoscoreValue": "100"
  },
  {
    "productId": "340526",
    "technicalArticleNumber": "3736668",
    "commercialArticleNumber": "41952",
    "name": "pizza barbecue",
    "brand": "DR.OETKER RISTORANTE",
    "seoBrand": "Dr.Oetker Ristorante",
    "thumbNail": "https://static.colruytgroup.com/images/200x200/std.lang.all/97/81/asset-2829781.jpg",
    "fullImage": "https://static.colruytgroup.com/images/500x500/std.lang.all/97/81/asset-2829781.jpg",
    "squareImage": "https://static.colruytgroup.com/images/500x500sq/std.lang.all/97/81/asset-2829781.jpg",
    "content": "340g",
    "walkRouteSequenceNumber": 18042,
    "price": {
      "basicPrice": 5.09,
      "recommendedQuantity": "1.0",
      "quantityPrice": 4.68,
      "quantityPriceQuantity": "3.0",
      "measurementUnitPrice": 14.98,
      "measurementUnitQuantityPrice": 13.77,
      "measurementUnit": "K",
      "isRedPrice": false,
      "pricePerUOM": 14.98,
      "activationDate": "06-03-2024",
      "recordSource": "Offline",
      "isPromoActive": "N",
      "priceChangeCode": "H",
      "quantityPricePerUOM": 13.77,
      "quantityActivationDate": "06-03-2024",
      "quantityPriceChangeCode": "H"
    },
    "isAvailable": true,
    "isPriceAvailable": true,
    "inPromo": false,
    "gtin": [
      "04001724039501",
      "04001724039518",
      "04001724026419",
      "04001724026433"
    ],
    "topCategoryName": "Diepvries",
    "topCategoryId": "129",
    "businessDomain": "RETAIL_BE",
    "IsPrivateLabel": false,
    "IsBiffe": false,
    "WeightconversionFactor": "0",
    "IsWeightArticle": false,
    "nutriscoreLabel": "D",
    "IsBio": false,
    "CountryOfOrigin": "DUITSLAND",
    "IsExclusivelySoldInLuxembourg": false,
    "OrderUnit": "P",
    "ShortName": "OETK RIST.BARBECUE 340G",
    "IsNew": false,
    "RecentQuanityOfStockUnits": "1",
    "LongName": "DR.OETKER RISTORANTE pizza barbecue 340g",
    "AlcoholVolume": "0",
    "FicCode": "E"
  },
  {
    "productId": "108936",
    "technicalArticleNumber": "3109642",
    "commercialArticleNumber": "39201",
    "name": "pizza Speciale",
    "description": "*Met champignons, gouda, salami, ham,\ndunne bodem\n*In de oven",
    "brand": "BONI",
    "seoBrand": "Boni Selection",
    "thumbNail": "https://static.colruytgroup.com/images/200x200/std.lang.all/58/73/asset-2985873.jpg",
    "fullImage": "https://static.colruytgroup.com/images/500x500/std.lang.all/58/73/asset-2985873.jpg",
    "squareImage": "https://static.colruytgroup.com/images/500x500sq/std.lang.all/58/73/asset-2985873.jpg",
    "content": "2x330g",
    "walkRouteSequenceNumber": 17991,
    "price": {
      "basicPrice": 3,
      "recommendedQuantity": "1.0",
      "measurementUnitPrice": 4.55,
      "measurementUnit": "K",
      "isRedPrice": false,
      "pricePerUOM": 4.55,
      "activationDate": "20-03-2024",
      "recordSource": "Folder",
      "isPromoActive": "N",
      "priceChangeCode": "L"
    },
    "isAvailable": true,
    "isPriceAvailable": true,
    "inPromo": false,
    "gtin": [
      "05400141238891",
      "05400141077599"
    ],
    "topCategoryName": "Diepvries",
    "topCategoryId": "129",
    "businessDomain": "RETAIL_BE",
    "IsPrivateLabel": true,
    "IsBiffe": false,
    "WeightconversionFactor": "0",
    "IsWeightArticle": false,
    "nutriscoreLabel": "D",
    "IsBio": false,
    "CountryOfOrigin": "DUITSLAND",
    "IsExclusivelySoldInLuxembourg": false,
    "OrderUnit": "P",
    "ShortName": "BONI PIZZA SPEC. 2X330G",
    "IsNew": false,
    "EcoscoreLabel": "C",
    "RecentQuanityOfStockUnits": "1",
    "LongName": "BONI pizza Speciale 2x330g",
    "AlcoholVolume": "0",
    "FicCode": "I",
    "EcoscoreValue": "55"
  },
  {
    "productId": "113335",
    "technicalArticleNumber": "3052527",
    "commercialArticleNumber": "24652",
    "name": "fijne frieten",
    "description": "*Voorgebakken in\nzonnebloemolie\n*Fijn: 7x7 mm",
    "brand": "EVERYDAY",
    "seoBrand": "Everyday",
    "thumbNail": "https://static.colruytgroup.com/images/200x200/std.lang.all/51/87/asset-2755187.jpg",
    "fullImage": "https://static.colruytgroup.com/images/500x500/std.lang.all/51/87/asset-2755187.jpg",
    "squareImage": "https://static.colruytgroup.com/images/500x500sq/std.lang.all/51/87/asset-2755187.jpg",
    "content": "2,5kg",
    "walkRouteSequenceNumber": 16505,
    "price": {
      "basicPrice": 2.87,
      "recommendedQuantity": "1.0",
      "measurementUnitPrice": 1.15,
      "measurementUnit": "K",
      "isRedPrice": false,
      "pricePerUOM": 1.15,
      "activationDate": "08-02-2024",
      "recordSource": "Offline",
      "isPromoActive": "N",
      "priceChangeCode": "L"
    },
    "isAvailable": true,
    "isPriceAvailable": true,
    "inPromo": false,
    "gtin": [
      "05400141601657",
      "15400141601654",
      "15400141005902",
      "05400141223989",
      "05400141005905",
      "15400141962434",
      "15400141238270",
      "05400141238273",
      "05400141425031",
      "15400141796602"
    ],
    "topCategoryName": "Diepvries",
    "topCategoryId": "129",
    "businessDomain": "RETAIL_BE",
    "IsPrivateLabel": true,
    "IsBiffe": false,
    "WeightconversionFactor": "0",
    "IsWeightArticle": false,
    "nutriscoreLabel": "A",
    "IsBio": false,
    "CountryOfOrigin": "BELGIË",
    "IsExclusivelySoldInLuxembourg": false,
    "OrderUnit": "P",
    "ShortName": "EVD FRIET.ALLUMET. 2KG5",
    "IsNew": false,
    "EcoscoreLabel": "B",
    "RecentQuanityOfStockUnits": "1,4",
    "LongName": "EVERYDAY fijne frieten 2,5kg",
    "AlcoholVolume": "0",
    "FicCode": "I",
    "EcoscoreValue": "71"
  },
  {
    "productId": "488614",
    "technicalArticleNumber": "4040403",
    "commercialArticleNumber": "5958",
    "name": "Belgische ovenfriet",
    "description": "*Ovenfrieten",
    "brand": "BELVIVA",
    "seoBrand": "Belviva",
    "thumbNail": "https://static.colruytgroup.com/images/200x200/nl_be/12/07/asset-2651207.jpg",
    "fullImage": "https://static.colruytgroup.com/images/500x500/nl_be/12/07/asset-2651207.jpg",
    "squareImage": "https://static.colruytgroup.com/images/500x500sq/nl_be/12/07/asset-2651207.jpg",
    "content": "600g",
    "walkRouteSequenceNumber": 16449,
    "price": {
      "basicPrice": 3.99,
      "recommendedQuantity": "1.0",
      "measurementUnitPrice": 6.65,
      "measurementUnit": "K",
      "isRedPrice": false,
      "pricePerUOM": 6.65,
      "activationDate": "22-03-2024",
      "recordSource": "Offline",
      "isPromoActive": "N",
      "priceChangeCode": "E"
    },
    "isAvailable": true,
    "isPriceAvailable": true,
    "inPromo": false,
    "gtin": [
      "05414807005925",
      "05414807605019"
    ],
    "topCategoryName": "Diepvries",
    "topCategoryId": "129",
    "businessDomain": "RETAIL_BE",
    "IsPrivateLabel": false,
    "IsBiffe": false,
    "WeightconversionFactor": "0",
    "IsWeightArticle": false,
    "nutriscoreLabel": "A",
    "IsBio": false,
    "CountryOfOrigin": "BELGIË",
    "IsExclusivelySoldInLuxembourg": false,
    "OrderUnit": "P",
    "ShortName": "BELV.BELG.OVENFR.600G",
    "IsNew": false,
    "RecentQuanityOfStockUnits": "1",
    "LongName": "BELVIVA Belgische ovenfriet 600g",
    "FicCode": "E"
  },
  {
    "productId": "571094",
    "technicalArticleNumber": "4216271",
    "commercialArticleNumber": "6574",
    "name": "Cookie Dough",
    "description": "*Roomijs\n*Chocolade stukjes\n*Fairtrade\n*Perfect om te delen\n*Dessert",
    "brand": "B&J",
    "seoBrand": "Ben & Jerry's",
    "thumbNail": "https://static.colruytgroup.com/images/200x200/std.lang.all/82/10/asset-3248210.jpg",
    "fullImage": "https://static.colruytgroup.com/images/500x500/std.lang.all/82/10/asset-3248210.jpg",
    "squareImage": "https://static.colruytgroup.com/images/500x500sq/std.lang.all/82/10/asset-3248210.jpg",
    "content": "465ml",
    "walkRouteSequenceNumber": 17464,
    "price": {
      "basicPrice": 5.69,
      "recommendedQuantity": "1.0",
      "measurementUnitPrice": 12.24,
      "measurementUnit": "L",
      "isRedPrice": false,
      "pricePerUOM": 12.24,
      "activationDate": "04-03-2024",
      "recordSource": "Offline",
      "isPromoActive": "N",
      "priceChangeCode": "E"
    },
    "isAvailable": true,
    "isPriceAvailable": true,
    "inPromo": false,
    "gtin": [
      "08711327373112",
      "08711327373105"
    ],
    "topCategoryName": "Diepvries",
    "topCategoryId": "129",
    "businessDomain": "RETAIL_BE",
    "IsPrivateLabel": false,
    "IsBiffe": false,
    "WeightconversionFactor": "0",
    "IsWeightArticle": false,
    "nutriscoreLabel": "D",
    "IsBio": false,
    "CountryOfOrigin": "NEDERLAND",
    "IsExclusivelySoldInLuxembourg": false,
    "OrderUnit": "P",
    "ShortName": "B&J COOKIE DOUGH 465ML",
    "IsNew": false,
    "EcoscoreLabel": "B",
    "RecentQuanityOfStockUnits": "1,8",
    "LongName": "B&J Cookie Dough 465ml",
    "FicCode": "E",
    "EcoscoreValue": "77"
  },
  {
    "productId": "866031",
    "technicalArticleNumber": "4718519",
    "commercialArticleNumber": "6324",
    "name": "belgische frieten",
    "brand": "BELVIVA",
    "seoBrand": "Belviva",
    "thumbNail": "https://static.colruytgroup.com/images/200x200/std.lang.all/44/46/asset-3194446.jpg",
    "fullImage": "https://static.colruytgroup.com/images/500x500/std.lang.all/44/46/asset-3194446.jpg",
    "squareImage": "https://static.colruytgroup.com/images/500x500sq/std.lang.all/44/46/asset-3194446.jpg",
    "content": "1,6kg",
    "walkRouteSequenceNumber": 17169,
    "price": {
      "basicPrice": 5.99,
      "recommendedQuantity": "1.0",
      "measurementUnitPrice": 3.75,
      "measurementUnit": "K",
      "isRedPrice": false,
      "pricePerUOM": 3.75,
      "activationDate": "22-03-2024",
      "recordSource": "Folder",
      "isPromoActive": "N",
      "priceChangeCode": "L"
    },
    "isAvailable": true,
    "isPriceAvailable": true,
    "inPromo": false,
    "gtin": [
      "05414807606832",
      "05414807007745"
    ],
    "topCategoryName": "Diepvries",
    "topCategoryId": "129",
    "businessDomain": "RETAIL_BE",
    "IsPrivateLabel": false,
    "IsBiffe": false,
    "WeightconversionFactor": "0",
    "IsWeightArticle": false,
    "nutriscoreLabel": "A",
    "IsBio": false,
    "CountryOfOrigin": "BELGIË",
    "IsExclusivelySoldInLuxembourg": false,
    "OrderUnit": "P",
    "ShortName": "BELV BELG.FRIETEN 1600G",
    "IsNew": false,
    "RecentQuanityOfStockUnits": "1,6",
    "LongName": "BELVIVA belgische frieten 1,6kg",
    "FicCode": "E"
  },
  {
    "productId": "55380",
    "technicalArticleNumber": "2388283",
    "commercialArticleNumber": "32396",
    "name": "groenten mix",
    "description": "*Samenstelling:\nSchijfjes oranjeen\ngele wortelen,\ngesneden snijbonen\nen broccoliroosjes",
    "brand": "BONI",
    "seoBrand": "Boni Selection",
    "thumbNail": "https://static.colruytgroup.com/images/200x200/std.lang.all/33/00/asset-553300.jpg",
    "fullImage": "https://static.colruytgroup.com/images/500x500/std.lang.all/33/00/asset-553300.jpg",
    "squareImage": "https://static.colruytgroup.com/images/500x500sq/std.lang.all/33/00/asset-553300.jpg",
    "content": "1kg",
    "walkRouteSequenceNumber": 17086,
    "price": {
      "basicPrice": 2.89,
      "recommendedQuantity": "1.0",
      "quantityPrice": 2.66,
      "quantityPriceQuantity": "3.0",
      "measurementUnitPrice": 2.89,
      "measurementUnitQuantityPrice": 2.66,
      "measurementUnit": "K",
      "isRedPrice": false,
      "pricePerUOM": 2.89,
      "activationDate": "17-11-2023",
      "isPromoActive": "N",
      "priceChangeCode": "E",
      "quantityPricePerUOM": 2.66,
      "quantityActivationDate": "17-11-2023",
      "quantityPriceChangeCode": "E"
    },
    "isAvailable": true,
    "isPriceAvailable": true,
    "inPromo": false,
    "gtin": [
      "05400141394702",
      "05400141323962",
      "05400141145519",
      "05400141423969",
      "05400141040579",
      "05400141163568"
    ],
    "topCategoryName": "Diepvries",
    "topCategoryId": "129",
    "businessDomain": "RETAIL_BE",
    "IsPrivateLabel": true,
    "IsBiffe": false,
    "WeightconversionFactor": "0",
    "IsWeightArticle": false,
    "nutriscoreLabel": "A",
    "IsBio": false,
    "CountryOfOrigin": "BELGIË",
    "IsExclusivelySoldInLuxembourg": false,
    "OrderUnit": "P",
    "ShortName": "BONI GROENTENMIX 1K",
    "IsNew": false,
    "EcoscoreLabel": "A",
    "RecentQuanityOfStockUnits": "1,10",
    "LongName": "BONI groenten mix 1kg",
    "AlcoholVolume": "0",
    "FicCode": "I",
    "EcoscoreValue": "100"
  },
  {
    "productId": "19397",
    "technicalArticleNumber": "1775105",
    "commercialArticleNumber": "33849",
    "name": "courgettes in schijfjes",
    "description": "*Courgette in\nschijfjes",
    "brand": "BONI",
    "seoBrand": "Boni Selection",
    "thumbNail": "https://static.colruytgroup.com/images/200x200/std.lang.all/98/14/asset-759814.jpg",
    "fullImage": "https://static.colruytgroup.com/images/500x500/std.lang.all/98/14/asset-759814.jpg",
    "squareImage": "https://static.colruytgroup.com/images/500x500sq/std.lang.all/98/14/asset-759814.jpg",
    "content": "1kg",
    "walkRouteSequenceNumber": 17063,
    "price": {
      "basicPrice": 1.89,
      "recommendedQuantity": "1.0",
      "quantityPrice": 1.74,
      "quantityPriceQuantity": "3.0",
      "measurementUnitPrice": 1.89,
      "measurementUnitQuantityPrice": 1.74,
      "measurementUnit": "K",
      "isRedPrice": false,
      "pricePerUOM": 1.89,
      "activationDate": "12-03-2024",
      "recordSource": "Offline",
      "isPromoActive": "N",
      "priceChangeCode": "E",
      "quantityPricePerUOM": 1.74,
      "quantityActivationDate": "12-03-2024",
      "quantityPriceChangeCode": "H"
    },
    "isAvailable": true,
    "isPriceAvailable": true,
    "inPromo": false,
    "gtin": [
      "05400141965285",
      "15400141276166",
      "15400141965282",
      "15400141855781",
      "05400141276169",
      "05400141252620",
      "05400141145601",
      "05400141438499"
    ],
    "topCategoryName": "Diepvries",
    "topCategoryId": "129",
    "businessDomain": "RETAIL_BE",
    "IsPrivateLabel": true,
    "IsBiffe": false,
    "WeightconversionFactor": "0",
    "IsWeightArticle": false,
    "nutriscoreLabel": "A",
    "IsBio": false,
    "CountryOfOrigin": "BELGIË",
    "IsExclusivelySoldInLuxembourg": false,
    "OrderUnit": "P",
    "ShortName": "BONI COURGETTES 1K",
    "IsNew": false,
    "EcoscoreLabel": "A",
    "RecentQuanityOfStockUnits": "10,1",
    "LongName": "BONI courgettes in schijfjes 1kg",
    "AlcoholVolume": "0",
    "FicCode": "I",
    "EcoscoreValue": "100"
  },
  {
    "productId": "598101",
    "technicalArticleNumber": "4261859",
    "commercialArticleNumber": "5204",
    "name": "Klassiek oven friet",
    "description": "*Frieten voor in\nde oven met\nonregelmatige\nsnede, gecoat\nen voorgebakken.",
    "brand": "BELVIVA",
    "seoBrand": "Belviva",
    "thumbNail": "https://static.colruytgroup.com/images/200x200/std.lang.all/64/93/asset-2486493.jpg",
    "fullImage": "https://static.colruytgroup.com/images/500x500/std.lang.all/64/93/asset-2486493.jpg",
    "squareImage": "https://static.colruytgroup.com/images/500x500sq/std.lang.all/64/93/asset-2486493.jpg",
    "content": "600g",
    "walkRouteSequenceNumber": 16435,
    "price": {
      "basicPrice": 3.99,
      "recommendedQuantity": "1.0",
      "measurementUnitPrice": 6.65,
      "measurementUnit": "K",
      "isRedPrice": false,
      "pricePerUOM": 6.65,
      "activationDate": "14-03-2024",
      "recordSource": "Offline",
      "isPromoActive": "N",
      "priceChangeCode": "E"
    },
    "isAvailable": true,
    "isPriceAvailable": true,
    "inPromo": false,
    "gtin": [
      "05414807006946",
      "05414807606030"
    ],
    "topCategoryName": "Diepvries",
    "topCategoryId": "129",
    "businessDomain": "RETAIL_BE",
    "IsPrivateLabel": false,
    "IsBiffe": false,
    "WeightconversionFactor": "0",
    "IsWeightArticle": false,
    "nutriscoreLabel": "B",
    "IsBio": false,
    "CountryOfOrigin": "BELGIË",
    "IsExclusivelySoldInLuxembourg": false,
    "OrderUnit": "P",
    "ShortName": "BELV KLA.FRIET.OVEN600G",
    "IsNew": false,
    "RecentQuanityOfStockUnits": "1",
    "LongName": "BELVIVA Klassiek oven friet 600g",
    "FicCode": "E"
  },
  {
    "productId": "60108",
    "technicalArticleNumber": "2180481",
    "commercialArticleNumber": "30371",
    "name": "pizza tonno",
    "description": "*Met tonijn,tomaat,\nedammer, mozzarella,\nui, kappertjes,\ndunne bodem\n*In de oven",
    "brand": "DR.OETKER RISTORANTE",
    "seoBrand": "Dr.Oetker Ristorante",
    "thumbNail": "https://static.colruytgroup.com/images/200x200/std.lang.all/79/27/asset-2847927.jpg",
    "fullImage": "https://static.colruytgroup.com/images/500x500/std.lang.all/79/27/asset-2847927.jpg",
    "squareImage": "https://static.colruytgroup.com/images/500x500sq/std.lang.all/79/27/asset-2847927.jpg",
    "content": "355g",
    "walkRouteSequenceNumber": 18009,
    "price": {
      "basicPrice": 2.99,
      "recommendedQuantity": "1.0",
      "measurementUnitPrice": 8.43,
      "measurementUnit": "K",
      "isRedPrice": false,
      "pricePerUOM": 8.43,
      "activationDate": "15-02-2024",
      "recordSource": "Offline",
      "isPromoActive": "N",
      "priceChangeCode": "E"
    },
    "isAvailable": true,
    "isPriceAvailable": true,
    "inPromo": false,
    "gtin": [
      "04001724039006",
      "04001724038993",
      "04001724819325",
      "04001724819301"
    ],
    "topCategoryName": "Diepvries",
    "topCategoryId": "129",
    "businessDomain": "RETAIL_BE",
    "IsPrivateLabel": false,
    "IsBiffe": false,
    "WeightconversionFactor": "0",
    "IsWeightArticle": false,
    "nutriscoreLabel": "B",
    "IsBio": false,
    "CountryOfOrigin": "DUITSLAND",
    "IsExclusivelySoldInLuxembourg": false,
    "OrderUnit": "P",
    "ShortName": "OETK RIST TONNO 355G",
    "IsNew": false,
    "RecentQuanityOfStockUnits": "7,1",
    "LongName": "DR.OETKER RISTORANTE pizza tonno 355g",
    "AlcoholVolume": "0",
    "FicCode": "E"
  },
  {
    "productId": "56949",
    "technicalArticleNumber": "2328961",
    "commercialArticleNumber": "18770",
    "name": "country potatoes met kruiden",
    "description": "*Voorgebakken in\nzonnebloemolie\n*Aardappelkwartjes,\nmet schil en laag\nkruiden",
    "brand": "MCCAIN",
    "seoBrand": "Mccain",
    "thumbNail": "https://static.colruytgroup.com/images/200x200/std.lang.all/17/47/asset-1671747.jpg",
    "fullImage": "https://static.colruytgroup.com/images/500x500/std.lang.all/17/47/asset-1671747.jpg",
    "squareImage": "https://static.colruytgroup.com/images/500x500sq/std.lang.all/17/47/asset-1671747.jpg",
    "content": "750g",
    "walkRouteSequenceNumber": 16453,
    "price": {
      "basicPrice": 3.95,
      "recommendedQuantity": "1.0",
      "measurementUnitPrice": 5.27,
      "measurementUnit": "K",
      "isRedPrice": false,
      "pricePerUOM": 5.27,
      "activationDate": "20-03-2024",
      "recordSource": "Offline",
      "isPromoActive": "N",
      "priceChangeCode": "L"
    },
    "isAvailable": true,
    "isPriceAvailable": true,
    "inPromo": false,
    "gtin": [
      "03256830009370",
      "03256830009387",
      "08710438075076",
      "08710438075069"
    ],
    "topCategoryName": "Diepvries",
    "topCategoryId": "129",
    "businessDomain": "RETAIL_BE",
    "IsPrivateLabel": false,
    "IsBiffe": false,
    "WeightconversionFactor": "0",
    "IsWeightArticle": false,
    "nutriscoreLabel": "A",
    "IsBio": false,
    "CountryOfOrigin": "BELGIË",
    "IsExclusivelySoldInLuxembourg": false,
    "OrderUnit": "P",
    "ShortName": "MCCAIN COUNTRY PAT 750G",
    "IsNew": false,
    "EcoscoreLabel": "A",
    "RecentQuanityOfStockUnits": "12,1",
    "LongName": "MCCAIN country potatoes met kruiden 750g",
    "AlcoholVolume": "0",
    "FicCode": "E",
    "EcoscoreValue": "90"
  },
  {
    "productId": "476063",
    "technicalArticleNumber": "4006846",
    "commercialArticleNumber": "4708",
    "name": "loempia kip ham",
    "description": "*Gevuld met verse\ngroenten, ham en kip",
    "brand": "EVERYDAY",
    "seoBrand": "Everyday",
    "thumbNail": "https://static.colruytgroup.com/images/200x200/std.lang.all/88/66/asset-2288866.jpg",
    "fullImage": "https://static.colruytgroup.com/images/500x500/std.lang.all/88/66/asset-2288866.jpg",
    "squareImage": "https://static.colruytgroup.com/images/500x500sq/std.lang.all/88/66/asset-2288866.jpg",
    "content": "700g",
    "walkRouteSequenceNumber": 17589,
    "price": {
      "basicPrice": 3.3,
      "recommendedQuantity": "1.0",
      "measurementUnitPrice": 4.72,
      "measurementUnit": "K",
      "isRedPrice": false,
      "pricePerUOM": 4.72,
      "activationDate": "22-11-2023",
      "recordSource": "Offline",
      "isPromoActive": "N",
      "priceChangeCode": "L"
    },
    "isAvailable": true,
    "isPriceAvailable": true,
    "inPromo": false,
    "gtin": [
      "15400141422563",
      "05400141194012",
      "05400141422566",
      "15400141194019"
    ],
    "topCategoryName": "Diepvries",
    "topCategoryId": "129",
    "businessDomain": "RETAIL_BE",
    "IsPrivateLabel": true,
    "IsBiffe": false,
    "WeightconversionFactor": "0",
    "IsWeightArticle": false,
    "nutriscoreLabel": "C",
    "IsBio": false,
    "CountryOfOrigin": "NEDERLAND",
    "IsExclusivelySoldInLuxembourg": false,
    "OrderUnit": "P",
    "ShortName": "EVD LOEMPIA KIP HAM700G",
    "IsNew": false,
    "EcoscoreLabel": "A",
    "RecentQuanityOfStockUnits": "1,6",
    "LongName": "EVERYDAY loempia kip ham 700g",
    "FicCode": "I",
    "EcoscoreValue": "81"
  },
  {
    "productId": "37962",
    "technicalArticleNumber": "1815406",
    "commercialArticleNumber": "34266",
    "name": "champignons schijfjes",
    "description": "*Champignons in\nschijfjes",
    "brand": "BONI",
    "seoBrand": "Boni Selection",
    "thumbNail": "https://static.colruytgroup.com/images/200x200/std.lang.all/66/67/asset-3276667.jpg",
    "fullImage": "https://static.colruytgroup.com/images/500x500/std.lang.all/66/67/asset-3276667.jpg",
    "squareImage": "https://static.colruytgroup.com/images/500x500sq/std.lang.all/66/67/asset-3276667.jpg",
    "content": "1kg",
    "walkRouteSequenceNumber": 17062,
    "price": {
      "basicPrice": 2.49,
      "recommendedQuantity": "1.0",
      "quantityPrice": 2.29,
      "quantityPriceQuantity": "3.0",
      "measurementUnitPrice": 2.49,
      "measurementUnitQuantityPrice": 2.29,
      "measurementUnit": "K",
      "isRedPrice": false,
      "pricePerUOM": 2.49,
      "activationDate": "19-03-2024",
      "recordSource": "Offline",
      "isPromoActive": "N",
      "priceChangeCode": "E",
      "quantityPricePerUOM": 2.29,
      "quantityActivationDate": "19-03-2024",
      "quantityPriceChangeCode": "H"
    },
    "isAvailable": true,
    "isPriceAvailable": true,
    "inPromo": false,
    "gtin": [
      "05400141163582",
      "15400141276272",
      "05400141342666",
      "05400141276275"
    ],
    "topCategoryName": "Diepvries",
    "topCategoryId": "129",
    "businessDomain": "RETAIL_BE",
    "IsPrivateLabel": true,
    "IsBiffe": false,
    "WeightconversionFactor": "0",
    "IsWeightArticle": false,
    "nutriscoreLabel": "A",
    "IsBio": false,
    "CountryOfOrigin": "NEDERLAND",
    "IsExclusivelySoldInLuxembourg": false,
    "OrderUnit": "P",
    "ShortName": "BONI CHAMPIGNONS 1K",
    "IsNew": false,
    "RecentQuanityOfStockUnits": "1",
    "LongName": "BONI champignons schijfjes 1kg",
    "AlcoholVolume": "0",
    "FicCode": "I"
  },
  {
    "productId": "295241",
    "technicalArticleNumber": "3698895",
    "commercialArticleNumber": "30461",
    "name": "gehaktbal kip voorgegaard",
    "description": "*Gehaktballetjes van\nkippenvlees\n*België\n*1 kg",
    "brand": "BONI",
    "seoBrand": "Boni Selection",
    "thumbNail": "https://static.colruytgroup.com/images/200x200/std.lang.all/95/18/asset-1959518.jpg",
    "fullImage": "https://static.colruytgroup.com/images/500x500/std.lang.all/95/18/asset-1959518.jpg",
    "squareImage": "https://static.colruytgroup.com/images/500x500sq/std.lang.all/95/18/asset-1959518.jpg",
    "content": "1kg",
    "walkRouteSequenceNumber": 16600,
    "price": {
      "basicPrice": 6.58,
      "recommendedQuantity": "1.0",
      "quantityPrice": 6.05,
      "quantityPriceQuantity": "3.0",
      "measurementUnitPrice": 6.58,
      "measurementUnitQuantityPrice": 6.05,
      "measurementUnit": "K",
      "isRedPrice": false,
      "pricePerUOM": 6.58,
      "activationDate": "28-02-2024",
      "recordSource": "Offline",
      "isPromoActive": "N",
      "priceChangeCode": "H",
      "quantityPricePerUOM": 6.05,
      "quantityActivationDate": "28-02-2024",
      "quantityPriceChangeCode": "H"
    },
    "isAvailable": true,
    "isPriceAvailable": true,
    "inPromo": false,
    "gtin": [
      "15400141081685",
      "05400141081688",
      "05400141285130"
    ],
    "topCategoryName": "Diepvries",
    "topCategoryId": "129",
    "businessDomain": "RETAIL_BE",
    "IsPrivateLabel": true,
    "IsBiffe": false,
    "WeightconversionFactor": "0",
    "IsWeightArticle": false,
    "nutriscoreLabel": "D",
    "IsBio": false,
    "CountryOfOrigin": "BELGIË",
    "IsExclusivelySoldInLuxembourg": false,
    "OrderUnit": "P",
    "ShortName": "BONI GEHAKTBALLETJES1KG",
    "IsNew": false,
    "EcoscoreLabel": "D",
    "RecentQuanityOfStockUnits": "1,10",
    "LongName": "BONI gehaktbal kip voorgegaard 1kg",
    "AlcoholVolume": "0",
    "FicCode": "I",
    "EcoscoreValue": "26"
  },
  {
    "productId": "16656",
    "technicalArticleNumber": "1471109",
    "commercialArticleNumber": "30356",
    "name": "pizza funghi",
    "description": "*Met champignons,\ntomaat, mozzarella,\nedammer kaas, dunne\nbodem\n*In de oven",
    "brand": "DR.OETKER RISTORANTE",
    "seoBrand": "Dr.Oetker Ristorante",
    "thumbNail": "https://static.colruytgroup.com/images/200x200/std.lang.all/79/91/asset-2847991.jpg",
    "fullImage": "https://static.colruytgroup.com/images/500x500/std.lang.all/79/91/asset-2847991.jpg",
    "squareImage": "https://static.colruytgroup.com/images/500x500sq/std.lang.all/79/91/asset-2847991.jpg",
    "content": "365g",
    "walkRouteSequenceNumber": 18011,
    "price": {
      "basicPrice": 2.79,
      "recommendedQuantity": "1.0",
      "measurementUnitPrice": 7.65,
      "measurementUnit": "K",
      "isRedPrice": false,
      "pricePerUOM": 7.65,
      "activationDate": "23-03-2024",
      "recordSource": "Offline",
      "isPromoActive": "N",
      "priceChangeCode": "L"
    },
    "isAvailable": true,
    "isPriceAvailable": true,
    "inPromo": false,
    "gtin": [
      "04001724819127",
      "04001724819103",
      "04001724038931",
      "04001724038948"
    ],
    "topCategoryName": "Diepvries",
    "topCategoryId": "129",
    "businessDomain": "RETAIL_BE",
    "IsPrivateLabel": false,
    "IsBiffe": false,
    "WeightconversionFactor": "0",
    "IsWeightArticle": false,
    "nutriscoreLabel": "B",
    "IsBio": false,
    "CountryOfOrigin": "DUITSLAND",
    "IsExclusivelySoldInLuxembourg": false,
    "OrderUnit": "P",
    "ShortName": "OETK RIST FUNGHI 365G",
    "IsNew": false,
    "RecentQuanityOfStockUnits": "1,7",
    "LongName": "DR.OETKER RISTORANTE pizza funghi 365g",
    "AlcoholVolume": "0",
    "FicCode": "E"
  },
  {
    "productId": "334759",
    "technicalArticleNumber": "3796348",
    "commercialArticleNumber": "41584",
    "name": "kippenfilets",
    "description": "*Kippenborstfilets\n*±5 x 200 g\n*Oppervlakkig\nontdooien",
    "brand": "EVERYDAY",
    "seoBrand": "Everyday",
    "thumbNail": "https://static.colruytgroup.com/images/200x200/std.lang.all/29/66/asset-1472966.jpg",
    "fullImage": "https://static.colruytgroup.com/images/500x500/std.lang.all/29/66/asset-1472966.jpg",
    "squareImage": "https://static.colruytgroup.com/images/500x500sq/std.lang.all/29/66/asset-1472966.jpg",
    "content": "1kg",
    "walkRouteSequenceNumber": 16603,
    "price": {
      "basicPrice": 8.69,
      "recommendedQuantity": "1.0",
      "measurementUnitPrice": 8.69,
      "measurementUnit": "K",
      "isRedPrice": false,
      "pricePerUOM": 8.69,
      "activationDate": "12-05-2023",
      "recordSource": "Offline",
      "isPromoActive": "N",
      "priceChangeCode": "H"
    },
    "isAvailable": true,
    "isPriceAvailable": true,
    "inPromo": false,
    "gtin": [
      "05400141431773",
      "15400141734154",
      "05400141665017",
      "05400141734157",
      "15400141186939",
      "05400141186932",
      "15400141431770",
      "15400141665014"
    ],
    "topCategoryName": "Diepvries",
    "topCategoryId": "129",
    "businessDomain": "RETAIL_BE",
    "IsPrivateLabel": true,
    "IsBiffe": false,
    "WeightconversionFactor": "0",
    "IsWeightArticle": false,
    "nutriscoreLabel": "A",
    "IsBio": false,
    "CountryOfOrigin": "BELGIË",
    "IsExclusivelySoldInLuxembourg": false,
    "OrderUnit": "P",
    "ShortName": "EVD KIPFILET 1K",
    "IsNew": false,
    "EcoscoreLabel": "D",
    "RecentQuanityOfStockUnits": "1,10",
    "LongName": "EVERYDAY kippenfilets 1kg",
    "AlcoholVolume": "0",
    "FicCode": "I",
    "EcoscoreValue": "21"
  },
  {
    "productId": "162834",
    "technicalArticleNumber": "3264484",
    "commercialArticleNumber": "5825",
    "name": "pizza prosciutto",
    "description": "*Met ham, mozzarella\nedammer, dunne bodem\n*In de oven",
    "brand": "BONI",
    "seoBrand": "Boni Selection",
    "thumbNail": "https://static.colruytgroup.com/images/200x200/std.lang.all/59/67/asset-2985967.jpg",
    "fullImage": "https://static.colruytgroup.com/images/500x500/std.lang.all/59/67/asset-2985967.jpg",
    "squareImage": "https://static.colruytgroup.com/images/500x500sq/std.lang.all/59/67/asset-2985967.jpg",
    "content": "2x330g",
    "walkRouteSequenceNumber": 17993,
    "price": {
      "basicPrice": 3.49,
      "recommendedQuantity": "1.0",
      "measurementUnitPrice": 5.29,
      "measurementUnit": "K",
      "isRedPrice": false,
      "pricePerUOM": 5.29,
      "activationDate": "20-03-2024",
      "recordSource": "Offline",
      "isPromoActive": "N",
      "priceChangeCode": "L"
    },
    "isAvailable": true,
    "isPriceAvailable": true,
    "inPromo": false,
    "gtin": [
      "05400141035919",
      "05400141239010",
      "05400141224764"
    ],
    "topCategoryName": "Diepvries",
    "topCategoryId": "129",
    "businessDomain": "RETAIL_BE",
    "IsPrivateLabel": true,
    "IsBiffe": false,
    "WeightconversionFactor": "0",
    "IsWeightArticle": false,
    "nutriscoreLabel": "C",
    "IsBio": false,
    "CountryOfOrigin": "DUITSLAND",
    "IsExclusivelySoldInLuxembourg": false,
    "OrderUnit": "P",
    "ShortName": "BONI PIZZA PROSCU2X330G",
    "IsNew": false,
    "EcoscoreLabel": "C",
    "RecentQuanityOfStockUnits": "1",
    "LongName": "BONI pizza prosciutto 2x330g",
    "AlcoholVolume": "0",
    "FicCode": "I",
    "EcoscoreValue": "54"
  },
  {
    "productId": "983",
    "technicalArticleNumber": "30076",
    "commercialArticleNumber": "30076",
    "name": "groenten chinamix",
    "description": "*Samenstelling:\nwitte kool, bamboe,\nchinese champignons,\nrode, groene paprika\nuitjes, peultjes",
    "brand": "BONI",
    "seoBrand": "Boni Selection",
    "thumbNail": "https://static.colruytgroup.com/images/200x200/std.lang.all/20/53/asset-552053.jpg",
    "fullImage": "https://static.colruytgroup.com/images/500x500/std.lang.all/20/53/asset-552053.jpg",
    "squareImage": "https://static.colruytgroup.com/images/500x500sq/std.lang.all/20/53/asset-552053.jpg",
    "content": "1kg",
    "walkRouteSequenceNumber": 17090,
    "price": {
      "basicPrice": 3.49,
      "recommendedQuantity": "1.0",
      "quantityPrice": 3.21,
      "quantityPriceQuantity": "3.0",
      "measurementUnitPrice": 3.49,
      "measurementUnitQuantityPrice": 3.21,
      "measurementUnit": "K",
      "isRedPrice": false,
      "pricePerUOM": 3.49,
      "activationDate": "17-11-2023",
      "isPromoActive": "N",
      "priceChangeCode": "H",
      "quantityPricePerUOM": 3.21,
      "quantityActivationDate": "17-11-2023",
      "quantityPriceChangeCode": "H"
    },
    "isAvailable": true,
    "isPriceAvailable": true,
    "inPromo": false,
    "gtin": [
      "15400141394655",
      "05400141300765",
      "05400141344929",
      "05400141344950",
      "05400141394658",
      "05400141144406",
      "05400141181227"
    ],
    "topCategoryName": "Diepvries",
    "topCategoryId": "129",
    "businessDomain": "RETAIL_BE",
    "IsPrivateLabel": true,
    "IsBiffe": false,
    "WeightconversionFactor": "0",
    "IsWeightArticle": false,
    "nutriscoreLabel": "A",
    "IsBio": false,
    "CountryOfOrigin": "BELGIË",
    "IsExclusivelySoldInLuxembourg": false,
    "OrderUnit": "P",
    "ShortName": "BONI CHINAMIX 1K",
    "IsNew": false,
    "EcoscoreLabel": "A",
    "RecentQuanityOfStockUnits": "1",
    "LongName": "BONI groenten chinamix 1kg",
    "AlcoholVolume": "0",
    "FicCode": "I",
    "EcoscoreValue": "100"
  },
  {
    "productId": "453470",
    "technicalArticleNumber": "4024160",
    "commercialArticleNumber": "5287",
    "name": "Torpedo RaketStarship",
    "description": "*Waterijs\n*Smaak Ananas Sinaas Framboos",
    "brand": "BONI",
    "seoBrand": "Boni Selection",
    "thumbNail": "https://static.colruytgroup.com/images/200x200/std.lang.all/90/09/asset-2199009.jpg",
    "fullImage": "https://static.colruytgroup.com/images/500x500/std.lang.all/90/09/asset-2199009.jpg",
    "squareImage": "https://static.colruytgroup.com/images/500x500sq/std.lang.all/90/09/asset-2199009.jpg",
    "content": "10x60ml",
    "walkRouteSequenceNumber": 17275,
    "price": {
      "basicPrice": 1.45,
      "recommendedQuantity": "1.0",
      "measurementUnitPrice": 2.42,
      "measurementUnit": "L",
      "isRedPrice": false,
      "pricePerUOM": 2.42,
      "activationDate": "29-02-2024",
      "recordSource": "Offline",
      "isPromoActive": "N",
      "priceChangeCode": "L"
    },
    "isAvailable": true,
    "isPriceAvailable": true,
    "inPromo": false,
    "gtin": [
      "05400141240870",
      "15400141261063"
    ],
    "topCategoryName": "Diepvries",
    "topCategoryId": "129",
    "businessDomain": "RETAIL_BE",
    "IsPrivateLabel": true,
    "IsBiffe": false,
    "WeightconversionFactor": "0",
    "IsWeightArticle": false,
    "nutriscoreLabel": "C",
    "IsBio": false,
    "CountryOfOrigin": "FRANKRIJK",
    "IsExclusivelySoldInLuxembourg": false,
    "OrderUnit": "P",
    "ShortName": "BONI TORP.IJSRAKET600ML",
    "InSeason": true,
    "IsNew": false,
    "EcoscoreLabel": "A",
    "RecentQuanityOfStockUnits": "1",
    "LongName": "BONI Torpedo RaketStarship 10x60ml",
    "StartSeasonDate": "30/12/2022",
    "FicCode": "I",
    "EcoscoreValue": "100"
  },
  {
    "productId": "297784",
    "technicalArticleNumber": "3723270",
    "commercialArticleNumber": "13091",
    "name": "Tropical Fruitmix",
    "description": "*Samenstelling:\nananas, mandarijn,\nblauwe druiven,\npapaja, groene en\noranje meloen, mango",
    "brand": "BONI",
    "seoBrand": "Boni Selection",
    "thumbNail": "https://static.colruytgroup.com/images/200x200/std.lang.all/07/55/asset-1940755.jpg",
    "fullImage": "https://static.colruytgroup.com/images/500x500/std.lang.all/07/55/asset-1940755.jpg",
    "squareImage": "https://static.colruytgroup.com/images/500x500sq/std.lang.all/07/55/asset-1940755.jpg",
    "content": "1kg",
    "walkRouteSequenceNumber": 17507,
    "price": {
      "basicPrice": 4.49,
      "recommendedQuantity": "1.0",
      "quantityPrice": 4.14,
      "quantityPriceQuantity": "3.0",
      "measurementUnitPrice": 4.49,
      "measurementUnitQuantityPrice": 4.14,
      "measurementUnit": "K",
      "isRedPrice": false,
      "pricePerUOM": 4.49,
      "activationDate": "20-03-2024",
      "recordSource": "Folder",
      "isPromoActive": "N",
      "priceChangeCode": "E",
      "quantityPricePerUOM": 4.14,
      "quantityActivationDate": "20-03-2024",
      "quantityPriceChangeCode": "H"
    },
    "isAvailable": true,
    "isPriceAvailable": true,
    "inPromo": false,
    "gtin": [
      "05400141186949",
      "05400141145083",
      "15400141272786",
      "05400141272789",
      "15400141145080",
      "05400141759099",
      "15400141759096"
    ],
    "topCategoryName": "Diepvries",
    "topCategoryId": "129",
    "businessDomain": "RETAIL_BE",
    "IsPrivateLabel": true,
    "IsBiffe": false,
    "WeightconversionFactor": "0",
    "IsWeightArticle": false,
    "nutriscoreLabel": "A",
    "IsBio": false,
    "CountryOfOrigin": "BELGIË",
    "IsExclusivelySoldInLuxembourg": false,
    "OrderUnit": "P",
    "ShortName": "BONI TROPIC FRUITMIX 1K",
    "IsNew": false,
    "EcoscoreLabel": "A",
    "RecentQuanityOfStockUnits": "5,1",
    "LongName": "BONI Tropical Fruitmix 1kg",
    "AlcoholVolume": "0",
    "FicCode": "I",
    "EcoscoreValue": "81"
  },
  {
    "productId": "103706",
    "technicalArticleNumber": "3104874",
    "commercialArticleNumber": "41526",
    "name": "vanille hoorntjes",
    "description": "*Vanille\n*Hoorntjes\n*6 stuks",
    "brand": "BONI",
    "seoBrand": "Boni Selection",
    "thumbNail": "https://static.colruytgroup.com/images/200x200/std.lang.all/96/71/asset-2539671.jpg",
    "fullImage": "https://static.colruytgroup.com/images/500x500/std.lang.all/96/71/asset-2539671.jpg",
    "squareImage": "https://static.colruytgroup.com/images/500x500sq/std.lang.all/96/71/asset-2539671.jpg",
    "content": "6x120ml",
    "walkRouteSequenceNumber": 17214,
    "price": {
      "basicPrice": 1.79,
      "recommendedQuantity": "1.0",
      "measurementUnitPrice": 2.49,
      "measurementUnit": "L",
      "isRedPrice": false,
      "pricePerUOM": 2.49,
      "activationDate": "19-03-2024",
      "recordSource": "Offline",
      "isPromoActive": "N",
      "priceChangeCode": "E"
    },
    "isAvailable": true,
    "isPriceAvailable": true,
    "inPromo": false,
    "gtin": [
      "15400141261575",
      "15400141949909",
      "05400141235234",
      "05400141121124",
      "05400141261578",
      "05400141188783"
    ],
    "topCategoryName": "Diepvries",
    "topCategoryId": "129",
    "businessDomain": "RETAIL_BE",
    "IsPrivateLabel": true,
    "IsBiffe": false,
    "WeightconversionFactor": "0",
    "IsWeightArticle": false,
    "nutriscoreLabel": "D",
    "IsBio": false,
    "CountryOfOrigin": "BELGIË",
    "IsExclusivelySoldInLuxembourg": false,
    "OrderUnit": "P",
    "ShortName": "BONI HOORN VAN.6X120ML",
    "IsNew": false,
    "EcoscoreLabel": "B",
    "RecentQuanityOfStockUnits": "1,12",
    "LongName": "BONI vanille hoorntjes 6x120ml",
    "AlcoholVolume": "0",
    "FicCode": "I",
    "EcoscoreValue": "77"
  },
  {
    "productId": "108933",
    "technicalArticleNumber": "3109637",
    "commercialArticleNumber": "39193",
    "name": "pizza mozzarella",
    "description": "*Met mozzarella,\nedammer, tomaat,\ndunne bodem\n*In de oven",
    "brand": "BONI",
    "seoBrand": "Boni Selection",
    "thumbNail": "https://static.colruytgroup.com/images/200x200/std.lang.all/78/76/asset-597876.jpg",
    "fullImage": "https://static.colruytgroup.com/images/500x500/std.lang.all/78/76/asset-597876.jpg",
    "squareImage": "https://static.colruytgroup.com/images/500x500sq/std.lang.all/78/76/asset-597876.jpg",
    "content": "2x335g",
    "walkRouteSequenceNumber": 17989,
    "price": {
      "basicPrice": 3.13,
      "recommendedQuantity": "1.0",
      "measurementUnitPrice": 4.68,
      "measurementUnit": "K",
      "isRedPrice": false,
      "pricePerUOM": 4.68,
      "activationDate": "20-03-2024",
      "recordSource": "Folder",
      "isPromoActive": "N",
      "priceChangeCode": "L"
    },
    "isAvailable": true,
    "isPriceAvailable": true,
    "inPromo": false,
    "gtin": [
      "05400141239034",
      "05400141077582",
      "15400141239031"
    ],
    "topCategoryName": "Diepvries",
    "topCategoryId": "129",
    "businessDomain": "RETAIL_BE",
    "IsPrivateLabel": true,
    "IsBiffe": false,
    "WeightconversionFactor": "0",
    "IsWeightArticle": false,
    "nutriscoreLabel": "D",
    "IsBio": false,
    "CountryOfOrigin": "DUITSLAND",
    "IsExclusivelySoldInLuxembourg": false,
    "OrderUnit": "P",
    "ShortName": "BONI PIZZA MOZZAR2X335G",
    "IsNew": false,
    "EcoscoreLabel": "C",
    "RecentQuanityOfStockUnits": "1",
    "LongName": "BONI pizza mozzarella 2x335g",
    "AlcoholVolume": "0",
    "FicCode": "I",
    "EcoscoreValue": "53"
  },
  {
    "productId": "11521",
    "technicalArticleNumber": "1355638",
    "commercialArticleNumber": "30642",
    "name": "classic vanille choco",
    "description": "*Roomijs\n*Vanillesmaak\n*Krokante chocolat\n*Bevroren sticks\n*Dessert",
    "brand": "OLA MAGNUM",
    "seoBrand": "Ola Magnum",
    "thumbNail": "https://static.colruytgroup.com/images/200x200/std.lang.all/10/19/asset-2951019.jpg",
    "fullImage": "https://static.colruytgroup.com/images/500x500/std.lang.all/10/19/asset-2951019.jpg",
    "squareImage": "https://static.colruytgroup.com/images/500x500sq/std.lang.all/10/19/asset-2951019.jpg",
    "content": "8x110ml",
    "walkRouteSequenceNumber": 17166,
    "price": {
      "basicPrice": 5.79,
      "recommendedQuantity": "1.0",
      "measurementUnitPrice": 6.58,
      "measurementUnit": "L",
      "isRedPrice": false,
      "pricePerUOM": 6.58,
      "activationDate": "14-03-2024",
      "recordSource": "Offline",
      "isPromoActive": "N",
      "priceChangeCode": "H"
    },
    "isAvailable": true,
    "isPriceAvailable": true,
    "inPromo": false,
    "gtin": [
      "08712566328383",
      "08000920966747"
    ],
    "topCategoryName": "Diepvries",
    "topCategoryId": "129",
    "businessDomain": "RETAIL_BE",
    "IsPrivateLabel": false,
    "IsBiffe": false,
    "WeightconversionFactor": "0",
    "IsWeightArticle": false,
    "nutriscoreLabel": "D",
    "IsBio": false,
    "CountryOfOrigin": "DUITSLAND",
    "IsExclusivelySoldInLuxembourg": false,
    "OrderUnit": "P",
    "ShortName": "MAGNUM CLASSIC 8X110ML",
    "IsNew": false,
    "EcoscoreLabel": "B",
    "RecentQuanityOfStockUnits": "1",
    "LongName": "OLA MAGNUM classic vanille choco 8x110ml",
    "AlcoholVolume": "0",
    "FicCode": "E",
    "EcoscoreValue": "67"
  },
  {
    "productId": "1062",
    "technicalArticleNumber": "30008",
    "commercialArticleNumber": "30008",
    "name": "prei room in porties",
    "description": "*Prei met room",
    "brand": "BONI",
    "seoBrand": "Boni Selection",
    "thumbNail": "https://static.colruytgroup.com/images/200x200/std.lang.all/57/61/asset-2985761.jpg",
    "fullImage": "https://static.colruytgroup.com/images/500x500/std.lang.all/57/61/asset-2985761.jpg",
    "squareImage": "https://static.colruytgroup.com/images/500x500sq/std.lang.all/57/61/asset-2985761.jpg",
    "content": "1kg",
    "walkRouteSequenceNumber": 17056,
    "price": {
      "basicPrice": 2.65,
      "recommendedQuantity": "1.0",
      "measurementUnitPrice": 2.65,
      "measurementUnit": "K",
      "isRedPrice": false,
      "pricePerUOM": 2.65,
      "activationDate": "05-03-2024",
      "recordSource": "Offline",
      "isPromoActive": "N",
      "priceChangeCode": "E"
    },
    "isAvailable": true,
    "isPriceAvailable": true,
    "inPromo": false,
    "gtin": [
      "05400141337709",
      "15400141337706",
      "05400141146028",
      "05400141209525",
      "05400141300086"
    ],
    "topCategoryName": "Diepvries",
    "topCategoryId": "129",
    "businessDomain": "RETAIL_BE",
    "IsPrivateLabel": true,
    "IsBiffe": false,
    "WeightconversionFactor": "0",
    "IsWeightArticle": false,
    "nutriscoreLabel": "A",
    "IsBio": false,
    "CountryOfOrigin": "BELGIË",
    "IsExclusivelySoldInLuxembourg": false,
    "OrderUnit": "P",
    "ShortName": "BONI PREI ROOM 1K",
    "IsNew": false,
    "EcoscoreLabel": "B",
    "RecentQuanityOfStockUnits": "1",
    "LongName": "BONI prei room in porties 1kg",
    "AlcoholVolume": "0",
    "FicCode": "I",
    "EcoscoreValue": "79"
  },
  {
    "productId": "866041",
    "technicalArticleNumber": "4718530",
    "commercialArticleNumber": "6419",
    "name": "Klassieke frieten",
    "brand": "BELVIVA",
    "seoBrand": "Belviva",
    "thumbNail": "https://static.colruytgroup.com/images/200x200/std.lang.all/70/55/asset-3267055.jpg",
    "fullImage": "https://static.colruytgroup.com/images/500x500/std.lang.all/70/55/asset-3267055.jpg",
    "squareImage": "https://static.colruytgroup.com/images/500x500sq/std.lang.all/70/55/asset-3267055.jpg",
    "content": "1,6kg",
    "walkRouteSequenceNumber": 16383,
    "price": {
      "basicPrice": 8.99,
      "recommendedQuantity": "1.0",
      "measurementUnitPrice": 5.62,
      "measurementUnit": "K",
      "isRedPrice": false,
      "pricePerUOM": 5.62,
      "activationDate": "20-02-2024",
      "recordSource": "Offline",
      "isPromoActive": "N",
      "priceChangeCode": "H"
    },
    "isAvailable": true,
    "isPriceAvailable": true,
    "inPromo": false,
    "gtin": [
      "05414807007769",
      "05414807606856"
    ],
    "topCategoryName": "Diepvries",
    "topCategoryId": "129",
    "businessDomain": "RETAIL_BE",
    "IsPrivateLabel": false,
    "IsBiffe": false,
    "WeightconversionFactor": "0",
    "IsWeightArticle": false,
    "nutriscoreLabel": "A",
    "IsBio": false,
    "CountryOfOrigin": "BELGIË",
    "IsExclusivelySoldInLuxembourg": false,
    "OrderUnit": "P",
    "ShortName": "BELV KLAS.FRIETEN 1600G",
    "IsNew": false,
    "RecentQuanityOfStockUnits": "1,6",
    "LongName": "BELVIVA Klassieke frieten 1,6kg",
    "FicCode": "E"
  },
  {
    "productId": "338415",
    "technicalArticleNumber": "3830270",
    "commercialArticleNumber": "42225",
    "name": "schinken",
    "description": "*Met 8 % ham,\nedammer, tomaat\n*In de oven",
    "brand": "WAGNER PICCOLINIS",
    "seoBrand": "Original Wagner Piccolinis",
    "thumbNail": "https://static.colruytgroup.com/images/200x200/std.lang.all/58/59/asset-3035859.jpg",
    "fullImage": "https://static.colruytgroup.com/images/500x500/std.lang.all/58/59/asset-3035859.jpg",
    "squareImage": "https://static.colruytgroup.com/images/500x500sq/std.lang.all/58/59/asset-3035859.jpg",
    "content": "9x30g",
    "walkRouteSequenceNumber": 16724,
    "price": {
      "basicPrice": 3.59,
      "recommendedQuantity": "1.0",
      "quantityPrice": 3.45,
      "quantityPriceQuantity": "3.0",
      "measurementUnitPrice": 13.3,
      "measurementUnitQuantityPrice": 12.78,
      "measurementUnit": "K",
      "isRedPrice": false,
      "pricePerUOM": 13.3,
      "activationDate": "23-03-2024",
      "recordSource": "Offline",
      "isPromoActive": "N",
      "priceChangeCode": "H",
      "quantityPricePerUOM": 12.78,
      "quantityActivationDate": "23-03-2024",
      "quantityPriceChangeCode": "H"
    },
    "isAvailable": true,
    "isPriceAvailable": true,
    "inPromo": false,
    "gtin": [
      "07613037926989",
      "04009233014026"
    ],
    "topCategoryName": "Diepvries",
    "topCategoryId": "129",
    "businessDomain": "RETAIL_BE",
    "IsPrivateLabel": false,
    "IsBiffe": false,
    "WeightconversionFactor": "0",
    "IsWeightArticle": false,
    "nutriscoreLabel": "D",
    "IsBio": false,
    "CountryOfOrigin": "DUITSLAND",
    "IsExclusivelySoldInLuxembourg": false,
    "OrderUnit": "P",
    "ShortName": "WAGN PICCO.SCHINK.9X30G",
    "IsNew": false,
    "RecentQuanityOfStockUnits": "1",
    "LongName": "WAGNER PICCOLINIS schinken 9x30g",
    "AlcoholVolume": "0",
    "FicCode": "E"
  },
  {
    "productId": "51285",
    "technicalArticleNumber": "2316226",
    "commercialArticleNumber": "17932",
    "name": "knolselder blokjes",
    "description": "*Knolselder in\nblokjes",
    "brand": "BONI",
    "seoBrand": "Boni Selection",
    "thumbNail": "https://static.colruytgroup.com/images/200x200/std.lang.all/88/55/asset-2288855.jpg",
    "fullImage": "https://static.colruytgroup.com/images/500x500/std.lang.all/88/55/asset-2288855.jpg",
    "squareImage": "https://static.colruytgroup.com/images/500x500sq/std.lang.all/88/55/asset-2288855.jpg",
    "content": "1kg",
    "walkRouteSequenceNumber": 17042,
    "price": {
      "basicPrice": 1.81,
      "recommendedQuantity": "1.0",
      "quantityPrice": 1.67,
      "quantityPriceQuantity": "3.0",
      "measurementUnitPrice": 1.81,
      "measurementUnitQuantityPrice": 1.67,
      "measurementUnit": "K",
      "isRedPrice": false,
      "pricePerUOM": 1.81,
      "activationDate": "28-02-2024",
      "recordSource": "Offline",
      "isPromoActive": "N",
      "priceChangeCode": "H",
      "quantityPricePerUOM": 1.67,
      "quantityActivationDate": "28-02-2024",
      "quantityPriceChangeCode": "H"
    },
    "isAvailable": true,
    "isPriceAvailable": true,
    "inPromo": false,
    "gtin": [
      "05400141159875",
      "05400141146783",
      "05400141426892",
      "05400141365023",
      "05400141272925",
      "05400141179323",
      "05400141144390"
    ],
    "topCategoryName": "Diepvries",
    "topCategoryId": "129",
    "businessDomain": "RETAIL_BE",
    "IsPrivateLabel": true,
    "IsBiffe": false,
    "WeightconversionFactor": "0",
    "IsWeightArticle": false,
    "nutriscoreLabel": "A",
    "IsBio": false,
    "CountryOfOrigin": "BELGIË",
    "IsExclusivelySoldInLuxembourg": false,
    "OrderUnit": "P",
    "ShortName": "BONI KNOLSELDERBLOKJE1K",
    "IsNew": false,
    "EcoscoreLabel": "A",
    "RecentQuanityOfStockUnits": "1,1,10",
    "LongName": "BONI knolselder blokjes 1kg",
    "AlcoholVolume": "0",
    "FicCode": "I",
    "EcoscoreValue": "100"
  },
  {
    "productId": "176234",
    "technicalArticleNumber": "3350082",
    "commercialArticleNumber": "22117",
    "name": "miniloempia groenten",
    "description": "mini loempia gevuld\nmet groenten\n4 zakjes saus",
    "brand": "BONI",
    "seoBrand": "Boni Selection",
    "thumbNail": "https://static.colruytgroup.com/images/200x200/std.lang.all/54/17/asset-3215417.jpg",
    "fullImage": "https://static.colruytgroup.com/images/500x500/std.lang.all/54/17/asset-3215417.jpg",
    "squareImage": "https://static.colruytgroup.com/images/500x500sq/std.lang.all/54/17/asset-3215417.jpg",
    "content": "660g",
    "walkRouteSequenceNumber": 17592,
    "price": {
      "basicPrice": 4.37,
      "recommendedQuantity": "1.0",
      "measurementUnitPrice": 6.63,
      "measurementUnit": "K",
      "isRedPrice": false,
      "pricePerUOM": 6.63,
      "activationDate": "19-03-2024",
      "recordSource": "Offline",
      "isPromoActive": "N",
      "priceChangeCode": "E"
    },
    "isAvailable": true,
    "isPriceAvailable": true,
    "inPromo": false,
    "gtin": [
      "15400141763284",
      "05400141763287",
      "15400141252153",
      "05400141344912",
      "05400141252156",
      "05400141238358",
      "05400141226133"
    ],
    "topCategoryName": "Diepvries",
    "topCategoryId": "129",
    "businessDomain": "RETAIL_BE",
    "IsPrivateLabel": true,
    "IsBiffe": false,
    "WeightconversionFactor": "0",
    "IsWeightArticle": false,
    "nutriscoreLabel": "C",
    "IsBio": false,
    "CountryOfOrigin": "NEDERLAND",
    "IsExclusivelySoldInLuxembourg": false,
    "OrderUnit": "P",
    "ShortName": "BONI SNACKLOEMPIA 660G",
    "IsNew": false,
    "EcoscoreLabel": "B",
    "RecentQuanityOfStockUnits": "1",
    "LongName": "BONI miniloempia groenten 660g",
    "AlcoholVolume": "0",
    "FicCode": "I",
    "EcoscoreValue": "79"
  },
  {
    "productId": "185533",
    "technicalArticleNumber": "3462514",
    "commercialArticleNumber": "30703",
    "name": "broccoli roosjes",
    "brand": "BONI BIO",
    "seoBrand": "Boni Selection Bio",
    "thumbNail": "https://static.colruytgroup.com/images/200x200/std.lang.all/35/56/asset-2223556.jpg",
    "fullImage": "https://static.colruytgroup.com/images/500x500/std.lang.all/35/56/asset-2223556.jpg",
    "squareImage": "https://static.colruytgroup.com/images/500x500sq/std.lang.all/35/56/asset-2223556.jpg",
    "content": "600g",
    "walkRouteSequenceNumber": 17047,
    "price": {
      "basicPrice": 1.87,
      "recommendedQuantity": "1.0",
      "quantityPrice": 1.49,
      "quantityPriceQuantity": "2.0",
      "measurementUnitPrice": 3.12,
      "measurementUnitQuantityPrice": 2.49,
      "measurementUnit": "K",
      "isRedPrice": false,
      "pricePerUOM": 3.12,
      "activationDate": "23-03-2024",
      "recordSource": "Offline",
      "isPromoActive": "N",
      "priceChangeCode": "H",
      "quantityPricePerUOM": 2.49,
      "quantityActivationDate": "23-03-2024",
      "quantityPriceChangeCode": "E"
    },
    "isAvailable": true,
    "isPriceAvailable": true,
    "inPromo": false,
    "gtin": [
      "05400141382150",
      "15400141365754",
      "15400141150466",
      "15400141935926",
      "05400141935929",
      "05400141365757",
      "05400141273106",
      "05400141150469",
      "15400141656043"
    ],
    "topCategoryName": "Diepvries",
    "topCategoryId": "129",
    "businessDomain": "RETAIL_BE",
    "IsPrivateLabel": true,
    "IsBiffe": false,
    "WeightconversionFactor": "0",
    "IsWeightArticle": false,
    "nutriscoreLabel": "A",
    "IsBio": true,
    "CountryOfOrigin": "SPANJE",
    "IsExclusivelySoldInLuxembourg": false,
    "OrderUnit": "P",
    "ShortName": "BS BIO BROCCOLI 600G",
    "IsNew": false,
    "EcoscoreLabel": "B",
    "RecentQuanityOfStockUnits": "1",
    "LongName": "BONI BIO broccoli roosjes 600g",
    "AlcoholVolume": "0",
    "FicCode": "I",
    "EcoscoreValue": "79"
  },
  {
    "productId": "95540",
    "technicalArticleNumber": "2917931",
    "commercialArticleNumber": "19831",
    "name": "aardbei hoorntjes",
    "description": "*Ijshoorntje\naardbeiroomijs met\naardbeisaus",
    "brand": "BONI",
    "seoBrand": "Boni Selection",
    "thumbNail": "https://static.colruytgroup.com/images/200x200/std.lang.all/96/70/asset-2539670.jpg",
    "fullImage": "https://static.colruytgroup.com/images/500x500/std.lang.all/96/70/asset-2539670.jpg",
    "squareImage": "https://static.colruytgroup.com/images/500x500sq/std.lang.all/96/70/asset-2539670.jpg",
    "content": "6x120ml",
    "walkRouteSequenceNumber": 17215,
    "price": {
      "basicPrice": 2.09,
      "recommendedQuantity": "1.0",
      "measurementUnitPrice": 2.91,
      "measurementUnit": "L",
      "isRedPrice": false,
      "pricePerUOM": 2.91,
      "activationDate": "20-03-2024",
      "recordSource": "Offline",
      "isPromoActive": "N",
      "priceChangeCode": "L"
    },
    "isAvailable": true,
    "isPriceAvailable": true,
    "inPromo": false,
    "gtin": [
      "05400141859669",
      "15400141235132",
      "05400141235135",
      "05400141188837",
      "05400141119732",
      "25400141235139",
      "05400141698824"
    ],
    "topCategoryName": "Diepvries",
    "topCategoryId": "129",
    "businessDomain": "RETAIL_BE",
    "IsPrivateLabel": true,
    "IsBiffe": false,
    "WeightconversionFactor": "0",
    "IsWeightArticle": false,
    "nutriscoreLabel": "D",
    "IsBio": false,
    "CountryOfOrigin": "BELGIË",
    "IsExclusivelySoldInLuxembourg": false,
    "OrderUnit": "P",
    "ShortName": "BONI COR AARDBEI6X120ML",
    "IsNew": false,
    "EcoscoreLabel": "B",
    "RecentQuanityOfStockUnits": "1,12",
    "LongName": "BONI aardbei hoorntjes 6x120ml",
    "AlcoholVolume": "0",
    "FicCode": "I",
    "EcoscoreValue": "77"
  },
  {
    "productId": "60106",
    "technicalArticleNumber": "2180479",
    "commercialArticleNumber": "30417",
    "name": "CASA DI MAMA 4 Formaggi",
    "description": "*Met mozzarella,\nedammer, emmentaler,\nblauwgeaderde kaas,\nrijzende bodem\n*In de oven",
    "brand": "DR.OETKER",
    "seoBrand": "Dr.Oetker Casa Di Mama",
    "thumbNail": "https://static.colruytgroup.com/images/200x200/std.lang.all/88/09/asset-3268809.jpg",
    "fullImage": "https://static.colruytgroup.com/images/500x500/std.lang.all/88/09/asset-3268809.jpg",
    "squareImage": "https://static.colruytgroup.com/images/500x500sq/std.lang.all/88/09/asset-3268809.jpg",
    "content": "410g",
    "walkRouteSequenceNumber": 18120,
    "price": {
      "basicPrice": 3.99,
      "recommendedQuantity": "1.0",
      "quantityPrice": 3.83,
      "quantityPriceQuantity": "3.0",
      "measurementUnitPrice": 9.74,
      "measurementUnitQuantityPrice": 9.35,
      "measurementUnit": "K",
      "isRedPrice": false,
      "pricePerUOM": 9.74,
      "activationDate": "13-03-2024",
      "recordSource": "Offline",
      "isPromoActive": "Y",
      "priceChangeCode": "E",
      "quantityPricePerUOM": 9.35,
      "quantityActivationDate": "13-03-2024",
      "quantityPriceChangeCode": "H"
    },
    "isAvailable": true,
    "isPriceAvailable": true,
    "inPromo": true,
    "promotion": [
      {
        "techPromoId": "100861COLR",
        "promotionId": "100861",
        "promotionType": "3",
        "isPersonalized": "N",
        "publicationStartDate": "13-03-2024",
        "publicationEndDate": "26-03-2024"
      }
    ],
    "gtin": [
      "04001724015635",
      "04001724015642"
    ],
    "topCategoryName": "Diepvries",
    "topCategoryId": "129",
    "businessDomain": "RETAIL_BE",
    "IsPrivateLabel": false,
    "IsBiffe": false,
    "WeightconversionFactor": "0",
    "IsWeightArticle": false,
    "nutriscoreLabel": "C",
    "IsBio": false,
    "CountryOfOrigin": "DUITSLAND",
    "IsExclusivelySoldInLuxembourg": false,
    "OrderUnit": "P",
    "ShortName": "OETK MAMA QUAT FORM 410",
    "IsNew": false,
    "RecentQuanityOfStockUnits": "1,5",
    "LongName": "DR.OETKER CASA DI MAMA 4 Formaggi 410g",
    "AlcoholVolume": "0",
    "FicCode": "E"
  },
  {
    "productId": "108956",
    "technicalArticleNumber": "3109683",
    "commercialArticleNumber": "39198",
    "name": "pizza Hawaï",
    "description": "*Met mozzarella, ham, edammer, ananas,\ndunne bodem\n*In de oven",
    "brand": "BONI",
    "seoBrand": "Boni Selection",
    "thumbNail": "https://static.colruytgroup.com/images/200x200/std.lang.all/78/77/asset-597877.jpg",
    "fullImage": "https://static.colruytgroup.com/images/500x500/std.lang.all/78/77/asset-597877.jpg",
    "squareImage": "https://static.colruytgroup.com/images/500x500sq/std.lang.all/78/77/asset-597877.jpg",
    "content": "2x355g",
    "walkRouteSequenceNumber": 17992,
    "price": {
      "basicPrice": 3.18,
      "recommendedQuantity": "1.0",
      "measurementUnitPrice": 4.48,
      "measurementUnit": "K",
      "isRedPrice": false,
      "pricePerUOM": 4.48,
      "activationDate": "30-01-2024",
      "recordSource": "Offline",
      "isPromoActive": "N",
      "priceChangeCode": "H"
    },
    "isAvailable": true,
    "isPriceAvailable": true,
    "inPromo": false,
    "gtin": [
      "05400141160079",
      "05400141239003",
      "05400141077612"
    ],
    "topCategoryName": "Diepvries",
    "topCategoryId": "129",
    "businessDomain": "RETAIL_BE",
    "IsPrivateLabel": true,
    "IsBiffe": false,
    "WeightconversionFactor": "0",
    "IsWeightArticle": false,
    "nutriscoreLabel": "C",
    "IsBio": false,
    "CountryOfOrigin": "DUITSLAND",
    "IsExclusivelySoldInLuxembourg": false,
    "OrderUnit": "P",
    "ShortName": "BONI PIZZA HAWAI 2X355G",
    "IsNew": false,
    "EcoscoreLabel": "C",
    "RecentQuanityOfStockUnits": "1",
    "LongName": "BONI pizza Hawaï 2x355g",
    "AlcoholVolume": "0",
    "FicCode": "I",
    "EcoscoreValue": "54"
  },
  {
    "productId": "1059",
    "technicalArticleNumber": "30005",
    "commercialArticleNumber": "30005",
    "name": "peterselie fijngesneden",
    "description": "*Fijngesneden\npeterselie",
    "brand": "BONI",
    "seoBrand": "Boni Selection",
    "thumbNail": "https://static.colruytgroup.com/images/200x200/std.lang.all/82/03/asset-3248203.jpg",
    "fullImage": "https://static.colruytgroup.com/images/500x500/std.lang.all/82/03/asset-3248203.jpg",
    "squareImage": "https://static.colruytgroup.com/images/500x500sq/std.lang.all/82/03/asset-3248203.jpg",
    "content": "250g",
    "walkRouteSequenceNumber": 17104,
    "price": {
      "basicPrice": 1.69,
      "recommendedQuantity": "1.0",
      "quantityPrice": 1.55,
      "quantityPriceQuantity": "3.0",
      "measurementUnitPrice": 6.76,
      "measurementUnitQuantityPrice": 6.2,
      "measurementUnit": "K",
      "isRedPrice": false,
      "pricePerUOM": 6.76,
      "activationDate": "14-11-2023",
      "isPromoActive": "N",
      "priceChangeCode": "E",
      "quantityPricePerUOM": 6.2,
      "quantityActivationDate": "14-11-2023",
      "quantityPriceChangeCode": "E"
    },
    "isAvailable": true,
    "isPriceAvailable": true,
    "inPromo": false,
    "gtin": [
      "05400141146714",
      "05400141282788",
      "05400141400052",
      "05400141424294",
      "05411683210696",
      "15400141007173",
      "15400141282785",
      "15400141797166"
    ],
    "topCategoryName": "Diepvries",
    "topCategoryId": "129",
    "businessDomain": "RETAIL_BE",
    "IsPrivateLabel": true,
    "IsBiffe": false,
    "WeightconversionFactor": "0",
    "IsWeightArticle": false,
    "nutriscoreLabel": "A",
    "IsBio": false,
    "CountryOfOrigin": "BELGIË",
    "IsExclusivelySoldInLuxembourg": false,
    "OrderUnit": "P",
    "ShortName": "BONI PETERSELIE 250G",
    "IsNew": false,
    "EcoscoreLabel": "A",
    "RecentQuanityOfStockUnits": "1,8",
    "LongName": "BONI peterselie fijngesneden 250g",
    "AlcoholVolume": "0",
    "FicCode": "I",
    "EcoscoreValue": "100"
  },
  {
    "productId": "439199",
    "technicalArticleNumber": "3985569",
    "commercialArticleNumber": "3951",
    "name": "Cordon Bleu kip kalkoen",
    "brand": "EVERYDAY",
    "seoBrand": "Everyday",
    "thumbNail": "https://static.colruytgroup.com/images/200x200/std.lang.all/00/50/asset-3340050.jpg",
    "fullImage": "https://static.colruytgroup.com/images/500x500/std.lang.all/00/50/asset-3340050.jpg",
    "squareImage": "https://static.colruytgroup.com/images/500x500sq/std.lang.all/00/50/asset-3340050.jpg",
    "content": "500g",
    "walkRouteSequenceNumber": 16547,
    "price": {
      "basicPrice": 3.99,
      "recommendedQuantity": "1.0",
      "measurementUnitPrice": 7.98,
      "measurementUnit": "K",
      "isRedPrice": false,
      "pricePerUOM": 7.98,
      "activationDate": "08-02-2024",
      "recordSource": "Offline",
      "isPromoActive": "N",
      "priceChangeCode": "H"
    },
    "isAvailable": true,
    "isPriceAvailable": true,
    "inPromo": false,
    "gtin": [
      "00540014113056",
      "15400141130727",
      "05400141130720"
    ],
    "topCategoryName": "Diepvries",
    "topCategoryId": "129",
    "businessDomain": "RETAIL_BE",
    "IsPrivateLabel": true,
    "IsBiffe": false,
    "WeightconversionFactor": "0",
    "IsWeightArticle": false,
    "nutriscoreLabel": "C",
    "IsBio": false,
    "CountryOfOrigin": "DUITSLAND",
    "IsExclusivelySoldInLuxembourg": false,
    "OrderUnit": "P",
    "ShortName": "EVD CORD.BLU.KIP.500G",
    "IsNew": false,
    "EcoscoreLabel": "D",
    "RecentQuanityOfStockUnits": "1,20",
    "LongName": "EVERYDAY Cordon Bleu kip kalkoen 500g",
    "FicCode": "I",
    "EcoscoreValue": "31"
  },
  {
    "productId": "95319",
    "technicalArticleNumber": "2810377",
    "commercialArticleNumber": "12654",
    "name": "preiwit gesneden",
    "description": "*Preiwit, gesneden\nin julienne",
    "brand": "BONI",
    "seoBrand": "Boni Selection",
    "thumbNail": "https://static.colruytgroup.com/images/200x200/std.lang.all/49/23/asset-3304923.jpg",
    "fullImage": "https://static.colruytgroup.com/images/500x500/std.lang.all/49/23/asset-3304923.jpg",
    "squareImage": "https://static.colruytgroup.com/images/500x500sq/std.lang.all/49/23/asset-3304923.jpg",
    "content": "1kg",
    "walkRouteSequenceNumber": 17084,
    "price": {
      "basicPrice": 2.98,
      "recommendedQuantity": "1.0",
      "quantityPrice": 2.74,
      "quantityPriceQuantity": "3.0",
      "measurementUnitPrice": 2.98,
      "measurementUnitQuantityPrice": 2.74,
      "measurementUnit": "K",
      "isRedPrice": false,
      "pricePerUOM": 2.98,
      "activationDate": "17-02-2024",
      "recordSource": "Offline",
      "isPromoActive": "N",
      "priceChangeCode": "E",
      "quantityPricePerUOM": 2.74,
      "quantityActivationDate": "17-02-2024",
      "quantityPriceChangeCode": "E"
    },
    "isAvailable": true,
    "isPriceAvailable": true,
    "inPromo": false,
    "gtin": [
      "05400141342741",
      "15400141685241",
      "05400141685244",
      "05400141126549",
      "15400141931300",
      "05400141272819",
      "05400141146776"
    ],
    "topCategoryName": "Diepvries",
    "topCategoryId": "129",
    "businessDomain": "RETAIL_BE",
    "IsPrivateLabel": true,
    "IsBiffe": false,
    "WeightconversionFactor": "0",
    "IsWeightArticle": false,
    "nutriscoreLabel": "A",
    "IsBio": false,
    "CountryOfOrigin": "BELGIË",
    "IsExclusivelySoldInLuxembourg": false,
    "OrderUnit": "P",
    "ShortName": "BONI PREI WIT 100 1KG",
    "InSeason": true,
    "IsNew": false,
    "EcoscoreLabel": "A",
    "RecentQuanityOfStockUnits": "1,10",
    "LongName": "BONI preiwit gesneden 1kg",
    "AlcoholVolume": "0",
    "StartSeasonDate": "10/11/2023",
    "FicCode": "I",
    "EcoscoreValue": "100"
  },
  {
    "productId": "979",
    "technicalArticleNumber": "30068",
    "commercialArticleNumber": "30068",
    "name": "bladspinazie",
    "description": "*Bladspinazie,\nin porties",
    "brand": "BONI BIO",
    "seoBrand": "Boni Selection Bio",
    "thumbNail": "https://static.colruytgroup.com/images/200x200/std.lang.all/77/24/asset-2137724.jpg",
    "fullImage": "https://static.colruytgroup.com/images/500x500/std.lang.all/77/24/asset-2137724.jpg",
    "squareImage": "https://static.colruytgroup.com/images/500x500sq/std.lang.all/77/24/asset-2137724.jpg",
    "content": "1kg",
    "walkRouteSequenceNumber": 16943,
    "price": {
      "basicPrice": 2.34,
      "recommendedQuantity": "1.0",
      "quantityPrice": 2.15,
      "quantityPriceQuantity": "3.0",
      "measurementUnitPrice": 2.34,
      "measurementUnitQuantityPrice": 2.15,
      "measurementUnit": "K",
      "isRedPrice": false,
      "pricePerUOM": 2.34,
      "activationDate": "23-03-2024",
      "recordSource": "Folder",
      "isPromoActive": "N",
      "priceChangeCode": "E",
      "quantityPricePerUOM": 2.15,
      "quantityActivationDate": "23-03-2024",
      "quantityPriceChangeCode": "E"
    },
    "isAvailable": true,
    "isPriceAvailable": true,
    "inPromo": false,
    "gtin": [
      "05400141030686",
      "05400141145953",
      "05400141276213",
      "05400141350975",
      "05400141500684",
      "15400141276210"
    ],
    "topCategoryName": "Diepvries",
    "topCategoryId": "129",
    "businessDomain": "RETAIL_BE",
    "IsPrivateLabel": true,
    "IsBiffe": false,
    "WeightconversionFactor": "0",
    "IsWeightArticle": false,
    "nutriscoreLabel": "A",
    "IsBio": true,
    "CountryOfOrigin": "BELGIË",
    "IsExclusivelySoldInLuxembourg": false,
    "OrderUnit": "P",
    "ShortName": "BS BIO BLADSPINAZIE 1K",
    "InSeason": true,
    "IsNew": false,
    "EcoscoreLabel": "B",
    "RecentQuanityOfStockUnits": "1",
    "LongName": "BONI BIO bladspinazie 1kg",
    "AlcoholVolume": "0",
    "StartSeasonDate": "01/06/1999",
    "FicCode": "I",
    "EcoscoreValue": "79"
  },
  {
    "productId": "2616",
    "technicalArticleNumber": "30049",
    "commercialArticleNumber": "30049",
    "name": "rode kool met appel",
    "description": "*Rodekool met\nappelen",
    "brand": "BONI",
    "seoBrand": "Boni Selection",
    "thumbNail": "https://static.colruytgroup.com/images/200x200/std.lang.all/27/14/asset-3372714.jpg",
    "fullImage": "https://static.colruytgroup.com/images/500x500/std.lang.all/27/14/asset-3372714.jpg",
    "squareImage": "https://static.colruytgroup.com/images/500x500sq/std.lang.all/27/14/asset-3372714.jpg",
    "content": "1kg",
    "walkRouteSequenceNumber": 17069,
    "price": {
      "basicPrice": 3.29,
      "recommendedQuantity": "1.0",
      "measurementUnitPrice": 3.29,
      "measurementUnit": "K",
      "isRedPrice": false,
      "pricePerUOM": 3.29,
      "activationDate": "05-03-2024",
      "recordSource": "Offline",
      "isPromoActive": "N",
      "priceChangeCode": "H"
    },
    "isAvailable": true,
    "isPriceAvailable": true,
    "inPromo": false,
    "gtin": [
      "05400141146837",
      "05400141394610",
      "15400141394617",
      "15400141931355",
      "05400141610758"
    ],
    "topCategoryName": "Diepvries",
    "topCategoryId": "129",
    "businessDomain": "RETAIL_BE",
    "IsPrivateLabel": true,
    "IsBiffe": false,
    "WeightconversionFactor": "0",
    "IsWeightArticle": false,
    "nutriscoreLabel": "B",
    "IsBio": false,
    "CountryOfOrigin": "NEDERLAND",
    "IsExclusivelySoldInLuxembourg": false,
    "OrderUnit": "P",
    "ShortName": "BONI RODEKOOL BER 1K",
    "IsNew": false,
    "EcoscoreLabel": "A",
    "RecentQuanityOfStockUnits": "1,1",
    "LongName": "BONI rode kool met appel 1kg",
    "AlcoholVolume": "0",
    "FicCode": "I",
    "EcoscoreValue": "100"
  },
  {
    "productId": "831402",
    "technicalArticleNumber": "4671492",
    "commercialArticleNumber": "14035",
    "name": "zalmfilet",
    "description": "*Diepvries",
    "brand": "BONI",
    "seoBrand": "Boni Selection",
    "thumbNail": "https://static.colruytgroup.com/images/200x200/std.lang.all/75/47/asset-3397547.jpg",
    "fullImage": "https://static.colruytgroup.com/images/500x500/std.lang.all/75/47/asset-3397547.jpg",
    "squareImage": "https://static.colruytgroup.com/images/500x500sq/std.lang.all/75/47/asset-3397547.jpg",
    "content": "1,5kg",
    "walkRouteSequenceNumber": 16807,
    "price": {
      "basicPrice": 39.95,
      "recommendedQuantity": "1.0",
      "quantityPrice": 38.35,
      "quantityPriceQuantity": "3.0",
      "measurementUnitPrice": 26.64,
      "measurementUnitQuantityPrice": 25.57,
      "measurementUnit": "K",
      "isRedPrice": false,
      "pricePerUOM": 26.64,
      "activationDate": "13-03-2024",
      "isPromoActive": "Y",
      "priceChangeCode": "E",
      "quantityPricePerUOM": 25.57,
      "quantityActivationDate": "13-03-2024",
      "quantityPriceChangeCode": "E"
    },
    "isAvailable": true,
    "isPriceAvailable": true,
    "inPromo": true,
    "promotion": [
      {
        "techPromoId": "100857COLR",
        "promotionId": "100857",
        "promotionType": "0",
        "isPersonalized": "N",
        "publicationStartDate": "13-03-2024",
        "publicationEndDate": "26-03-2024"
      }
    ],
    "gtin": [
      "15400141456872",
      "05400141456875",
      "05400141791976"
    ],
    "topCategoryName": "Diepvries",
    "topCategoryId": "129",
    "businessDomain": "RETAIL_BE",
    "IsPrivateLabel": true,
    "IsBiffe": false,
    "WeightconversionFactor": "0",
    "IsWeightArticle": false,
    "IsBio": false,
    "CountryOfOrigin": "NOORWEGEN",
    "IsExclusivelySoldInLuxembourg": false,
    "OrderUnit": "P",
    "ShortName": "BONI ZALMFILET 1.5KG",
    "IsNew": false,
    "RecentQuanityOfStockUnits": "1",
    "LongName": "BONI zalmfilet 1,5kg",
    "FicCode": "I"
  },
  {
    "productId": "107886",
    "technicalArticleNumber": "3094279",
    "commercialArticleNumber": "41701",
    "name": "roomijs chocolade",
    "description": "*Chocoladeroomijs\nmet chocoladestukjes",
    "brand": "BONI",
    "seoBrand": "Boni Selection",
    "thumbNail": "https://static.colruytgroup.com/images/200x200/std.lang.all/23/02/asset-2842302.jpg",
    "fullImage": "https://static.colruytgroup.com/images/500x500/std.lang.all/23/02/asset-2842302.jpg",
    "squareImage": "https://static.colruytgroup.com/images/500x500sq/std.lang.all/23/02/asset-2842302.jpg",
    "content": "1,5L",
    "walkRouteSequenceNumber": 17200,
    "price": {
      "basicPrice": 2.98,
      "recommendedQuantity": "1.0",
      "measurementUnitPrice": 1.99,
      "measurementUnit": "L",
      "isRedPrice": false,
      "pricePerUOM": 1.99,
      "activationDate": "22-01-2024",
      "recordSource": "Offline",
      "isPromoActive": "N",
      "priceChangeCode": "H"
    },
    "isAvailable": true,
    "isPriceAvailable": true,
    "inPromo": false,
    "gtin": [
      "15400141902942",
      "05400141902945",
      "15400141950479",
      "15400141798729",
      "05400141008074",
      "05400141120448",
      "05400141235197",
      "05400141261080",
      "05400141376876",
      "05400141415353",
      "15400141261087"
    ],
    "topCategoryName": "Diepvries",
    "topCategoryId": "129",
    "businessDomain": "RETAIL_BE",
    "IsPrivateLabel": true,
    "IsBiffe": false,
    "WeightconversionFactor": "0",
    "IsWeightArticle": false,
    "nutriscoreLabel": "E",
    "IsBio": false,
    "CountryOfOrigin": "BELGIË",
    "IsExclusivelySoldInLuxembourg": false,
    "OrderUnit": "P",
    "ShortName": "BONI ROOMIJS CHOCO 1L5",
    "IsNew": false,
    "EcoscoreLabel": "B",
    "RecentQuanityOfStockUnits": "1,6",
    "LongName": "BONI roomijs chocolade 1,5L",
    "AlcoholVolume": "0",
    "FicCode": "I",
    "EcoscoreValue": "79"
  },
  {
    "productId": "54338",
    "technicalArticleNumber": "2456551",
    "commercialArticleNumber": "26087",
    "name": "gele soepmix",
    "description": "*Samenstelling:\ngele courgette, gele\nwortelen, raap,\naardappel, ui,\npompoen, gele bonen.",
    "brand": "BONI",
    "seoBrand": "Boni Selection",
    "thumbNail": "https://static.colruytgroup.com/images/200x200/std.lang.all/98/92/asset-759892.jpg",
    "fullImage": "https://static.colruytgroup.com/images/500x500/std.lang.all/98/92/asset-759892.jpg",
    "squareImage": "https://static.colruytgroup.com/images/500x500sq/std.lang.all/98/92/asset-759892.jpg",
    "content": "1kg",
    "walkRouteSequenceNumber": 17093,
    "price": {
      "basicPrice": 3.79,
      "recommendedQuantity": "1.0",
      "quantityPrice": 3.49,
      "quantityPriceQuantity": "3.0",
      "measurementUnitPrice": 3.79,
      "measurementUnitQuantityPrice": 3.49,
      "measurementUnit": "K",
      "isRedPrice": false,
      "pricePerUOM": 3.79,
      "activationDate": "17-11-2023",
      "isPromoActive": "N",
      "priceChangeCode": "H",
      "quantityPricePerUOM": 3.49,
      "quantityActivationDate": "17-11-2023",
      "quantityPriceChangeCode": "H"
    },
    "isAvailable": true,
    "isPriceAvailable": true,
    "inPromo": false,
    "gtin": [
      "15400141855798",
      "05400141252637",
      "05400141146806",
      "05400141654585",
      "05400141360875",
      "05400141392845",
      "15400141392842"
    ],
    "topCategoryName": "Diepvries",
    "topCategoryId": "129",
    "businessDomain": "RETAIL_BE",
    "IsPrivateLabel": true,
    "IsBiffe": false,
    "WeightconversionFactor": "0",
    "IsWeightArticle": false,
    "nutriscoreLabel": "A",
    "IsBio": false,
    "CountryOfOrigin": "BELGIË",
    "IsExclusivelySoldInLuxembourg": false,
    "OrderUnit": "P",
    "ShortName": "BONI SOEP GEEL 1K",
    "IsNew": false,
    "EcoscoreLabel": "B",
    "RecentQuanityOfStockUnits": "1",
    "LongName": "BONI gele soepmix 1kg",
    "AlcoholVolume": "0",
    "FicCode": "I",
    "EcoscoreValue": "73"
  },
  {
    "productId": "42332",
    "technicalArticleNumber": "2446010",
    "commercialArticleNumber": "25938",
    "name": "pizza Margherita",
    "description": "*Met edammer, tomaat\npaprika, courgette,\ndunne bodem\n*In de oven",
    "brand": "EVERYDAY",
    "seoBrand": "Everyday",
    "thumbNail": "https://static.colruytgroup.com/images/200x200/std.lang.all/20/66/asset-552066.jpg",
    "fullImage": "https://static.colruytgroup.com/images/500x500/std.lang.all/20/66/asset-552066.jpg",
    "squareImage": "https://static.colruytgroup.com/images/500x500sq/std.lang.all/20/66/asset-552066.jpg",
    "content": "3x300g",
    "walkRouteSequenceNumber": 18160,
    "price": {
      "basicPrice": 2.39,
      "recommendedQuantity": "1.0",
      "measurementUnitPrice": 2.66,
      "measurementUnit": "K",
      "isRedPrice": false,
      "pricePerUOM": 2.66,
      "activationDate": "21-02-2024",
      "recordSource": "Offline",
      "isPromoActive": "N",
      "priceChangeCode": "H"
    },
    "isAvailable": true,
    "isPriceAvailable": true,
    "inPromo": false,
    "gtin": [
      "05400141075502",
      "05400141164367",
      "05400141984576",
      "15400141961543",
      "05400141259384"
    ],
    "topCategoryName": "Diepvries",
    "topCategoryId": "129",
    "businessDomain": "RETAIL_BE",
    "IsPrivateLabel": true,
    "IsBiffe": false,
    "WeightconversionFactor": "0",
    "IsWeightArticle": false,
    "nutriscoreLabel": "C",
    "IsBio": false,
    "CountryOfOrigin": "DUITSLAND",
    "IsExclusivelySoldInLuxembourg": false,
    "OrderUnit": "P",
    "ShortName": "EVD MARGHERITA 3X300G",
    "IsNew": false,
    "EcoscoreLabel": "A",
    "RecentQuanityOfStockUnits": "1",
    "LongName": "EVERYDAY pizza Margherita 3x300g",
    "AlcoholVolume": "0",
    "FicCode": "I",
    "EcoscoreValue": "81"
  },
  {
    "productId": "196898",
    "technicalArticleNumber": "3443505",
    "commercialArticleNumber": "30531",
    "name": "Tiger scampi M.gep.34-44 ASC",
    "description": "*Aquacultuur Vietnam\n*Geblancheerd,\nontdarmd, gepeld\n*Maat 31/40, 34-44st\n*met label ASC",
    "brand": "BONI",
    "seoBrand": "Boni Selection",
    "thumbNail": "https://static.colruytgroup.com/images/200x200/std.lang.all/89/49/asset-1358949.jpg",
    "fullImage": "https://static.colruytgroup.com/images/500x500/std.lang.all/89/49/asset-1358949.jpg",
    "squareImage": "https://static.colruytgroup.com/images/500x500sq/std.lang.all/89/49/asset-1358949.jpg",
    "content": "500g",
    "walkRouteSequenceNumber": 16697,
    "price": {
      "basicPrice": 15.95,
      "recommendedQuantity": "1.0",
      "quantityPrice": 14.67,
      "quantityPriceQuantity": "3.0",
      "measurementUnitPrice": 31.9,
      "measurementUnitQuantityPrice": 29.34,
      "measurementUnit": "K",
      "isRedPrice": false,
      "pricePerUOM": 31.9,
      "activationDate": "13-03-2024",
      "isPromoActive": "N",
      "priceChangeCode": "H",
      "quantityPricePerUOM": 29.34,
      "quantityActivationDate": "13-03-2024",
      "quantityPriceChangeCode": "H"
    },
    "isAvailable": true,
    "isPriceAvailable": true,
    "inPromo": false,
    "gtin": [
      "15400141604297",
      "05400141416930",
      "05400141334920",
      "15400141096986",
      "15400141318453",
      "15400141334927",
      "15400141826859",
      "05400141318456",
      "05400141155594",
      "05400141127355",
      "05400141096989",
      "05400141604290"
    ],
    "topCategoryName": "Diepvries",
    "topCategoryId": "129",
    "businessDomain": "RETAIL_BE",
    "IsPrivateLabel": true,
    "IsBiffe": false,
    "WeightconversionFactor": "0",
    "IsWeightArticle": false,
    "nutriscoreLabel": "A",
    "IsBio": false,
    "CountryOfOrigin": "VIETNAM",
    "IsExclusivelySoldInLuxembourg": false,
    "OrderUnit": "P",
    "ShortName": "BONI BL.TIG.SCA.MED500G",
    "IsNew": false,
    "EcoscoreLabel": "D",
    "RecentQuanityOfStockUnits": "1,1",
    "LongName": "BONI Tiger scampi M.gep.34-44 ASC 500g",
    "AlcoholVolume": "0",
    "FicCode": "I",
    "EcoscoreValue": "23"
  },
  {
    "productId": "223489",
    "technicalArticleNumber": "3472619",
    "commercialArticleNumber": "30791",
    "name": "lasagne zalm",
    "description": "*Gerookte zalm\n*Spinazie",
    "brand": "BONI",
    "seoBrand": "Boni Selection",
    "thumbNail": "https://static.colruytgroup.com/images/200x200/std.lang.all/10/97/asset-3351097.jpg",
    "fullImage": "https://static.colruytgroup.com/images/500x500/std.lang.all/10/97/asset-3351097.jpg",
    "squareImage": "https://static.colruytgroup.com/images/500x500sq/std.lang.all/10/97/asset-3351097.jpg",
    "content": "400g",
    "walkRouteSequenceNumber": 6617,
    "price": {
      "basicPrice": 2.99,
      "recommendedQuantity": "1.0",
      "measurementUnitPrice": 7.48,
      "measurementUnit": "K",
      "isRedPrice": false,
      "pricePerUOM": 7.48,
      "activationDate": "16-01-2024",
      "recordSource": "Offline",
      "isPromoActive": "N",
      "priceChangeCode": "H"
    },
    "isAvailable": true,
    "isPriceAvailable": true,
    "inPromo": false,
    "gtin": [
      "05400141705836",
      "15400141820000",
      "05400141186130",
      "05400141766363",
      "15400141186137",
      "05400141379600",
      "15400141766360"
    ],
    "topCategoryName": "Diepvries",
    "topCategoryId": "129",
    "businessDomain": "RETAIL_BE",
    "IsPrivateLabel": true,
    "IsBiffe": false,
    "WeightconversionFactor": "0",
    "IsWeightArticle": false,
    "nutriscoreLabel": "C",
    "IsBio": false,
    "CountryOfOrigin": "BELGIË",
    "IsExclusivelySoldInLuxembourg": false,
    "OrderUnit": "P",
    "ShortName": "BONI LASAGNE ZALM 400GR",
    "IsNew": false,
    "EcoscoreLabel": "B",
    "RecentQuanityOfStockUnits": "1",
    "LongName": "BONI lasagne zalm 400g",
    "AlcoholVolume": "0",
    "FicCode": "I",
    "EcoscoreValue": "67"
  },
  {
    "productId": "474871",
    "technicalArticleNumber": "4061829",
    "commercialArticleNumber": "6885",
    "name": "Diavola",
    "description": "*Met kaas, pepperoni-salami,\nop een krokante dunne\nbodem.\n*Diepvries",
    "brand": "DR.OETKER RISTORANTE",
    "seoBrand": "Dr.Oetker Ristorante",
    "thumbNail": "https://static.colruytgroup.com/images/200x200/std.lang.all/37/16/asset-3343716.jpg",
    "fullImage": "https://static.colruytgroup.com/images/500x500/std.lang.all/37/16/asset-3343716.jpg",
    "squareImage": "https://static.colruytgroup.com/images/500x500sq/std.lang.all/37/16/asset-3343716.jpg",
    "content": "350g",
    "walkRouteSequenceNumber": 18038,
    "price": {
      "basicPrice": 2.99,
      "recommendedQuantity": "1.0",
      "measurementUnitPrice": 8.55,
      "measurementUnit": "K",
      "isRedPrice": false,
      "pricePerUOM": 8.55,
      "activationDate": "08-03-2024",
      "recordSource": "Offline",
      "isPromoActive": "N",
      "priceChangeCode": "E"
    },
    "isAvailable": true,
    "isPriceAvailable": true,
    "inPromo": false,
    "gtin": [
      "04001724029953",
      "04001724029960",
      "04001724039600",
      "04001724039594"
    ],
    "topCategoryName": "Diepvries",
    "topCategoryId": "129",
    "businessDomain": "RETAIL_BE",
    "IsPrivateLabel": false,
    "IsBiffe": false,
    "WeightconversionFactor": "0",
    "IsWeightArticle": false,
    "nutriscoreLabel": "C",
    "IsBio": false,
    "CountryOfOrigin": "DUITSLAND",
    "IsExclusivelySoldInLuxembourg": false,
    "OrderUnit": "P",
    "ShortName": "OETK RISTOR.DIAVOLA350G",
    "IsNew": false,
    "RecentQuanityOfStockUnits": "1,7",
    "LongName": "DR.OETKER RISTORANTE Diavola 350g",
    "FicCode": "E"
  },
  {
    "productId": "975",
    "technicalArticleNumber": "30057",
    "commercialArticleNumber": "30057",
    "name": "boterbonen",
    "brand": "BONI",
    "seoBrand": "Boni Selection",
    "thumbNail": "https://static.colruytgroup.com/images/200x200/std.lang.all/83/29/asset-2368329.jpg",
    "fullImage": "https://static.colruytgroup.com/images/500x500/std.lang.all/83/29/asset-2368329.jpg",
    "squareImage": "https://static.colruytgroup.com/images/500x500sq/std.lang.all/83/29/asset-2368329.jpg",
    "content": "1kg",
    "walkRouteSequenceNumber": 16988,
    "price": {
      "basicPrice": 2.29,
      "recommendedQuantity": "1.0",
      "quantityPrice": 2.11,
      "quantityPriceQuantity": "3.0",
      "measurementUnitPrice": 2.29,
      "measurementUnitQuantityPrice": 2.11,
      "measurementUnit": "K",
      "isRedPrice": false,
      "pricePerUOM": 2.29,
      "activationDate": "12-03-2024",
      "recordSource": "Offline",
      "isPromoActive": "N",
      "priceChangeCode": "E",
      "quantityPricePerUOM": 2.11,
      "quantityActivationDate": "12-03-2024",
      "quantityPriceChangeCode": "E"
    },
    "isAvailable": true,
    "isPriceAvailable": true,
    "inPromo": false,
    "gtin": [
      "05400141144413",
      "05400141144604",
      "05400141272888",
      "05400141600575",
      "05400141888775"
    ],
    "topCategoryName": "Diepvries",
    "topCategoryId": "129",
    "businessDomain": "RETAIL_BE",
    "IsPrivateLabel": true,
    "IsBiffe": false,
    "WeightconversionFactor": "0",
    "IsWeightArticle": false,
    "nutriscoreLabel": "A",
    "IsBio": false,
    "CountryOfOrigin": "BELGIË",
    "IsExclusivelySoldInLuxembourg": false,
    "OrderUnit": "P",
    "ShortName": "BONI BOTERBONEN 1K",
    "IsNew": false,
    "EcoscoreLabel": "B",
    "RecentQuanityOfStockUnits": "1",
    "LongName": "BONI boterbonen 1kg",
    "AlcoholVolume": "0",
    "FicCode": "I",
    "EcoscoreValue": "78"
  },
  {
    "productId": "173532",
    "technicalArticleNumber": "3336080",
    "commercialArticleNumber": "12018",
    "name": "allumetes fijn",
    "description": "*Voorgebakken in\nzonnebloemolie\n*Extra fijn",
    "brand": "MCCAIN",
    "seoBrand": "Mccain",
    "thumbNail": "https://static.colruytgroup.com/images/200x200/std.lang.all/47/27/asset-3374727.jpg",
    "fullImage": "https://static.colruytgroup.com/images/500x500/std.lang.all/47/27/asset-3374727.jpg",
    "squareImage": "https://static.colruytgroup.com/images/500x500sq/std.lang.all/47/27/asset-3374727.jpg",
    "content": "1kg",
    "walkRouteSequenceNumber": 16491,
    "price": {
      "basicPrice": 3.29,
      "recommendedQuantity": "1.0",
      "measurementUnitPrice": 3.29,
      "measurementUnit": "K",
      "isRedPrice": false,
      "pricePerUOM": 3.29,
      "activationDate": "05-03-2024",
      "recordSource": "Offline",
      "isPromoActive": "N",
      "priceChangeCode": "E"
    },
    "isAvailable": true,
    "isPriceAvailable": true,
    "inPromo": false,
    "gtin": [
      "08710438063646",
      "08710438063639"
    ],
    "topCategoryName": "Diepvries",
    "topCategoryId": "129",
    "businessDomain": "RETAIL_BE",
    "IsPrivateLabel": false,
    "IsBiffe": false,
    "WeightconversionFactor": "0",
    "IsWeightArticle": false,
    "nutriscoreLabel": "A",
    "IsBio": false,
    "CountryOfOrigin": "BELGIË",
    "IsExclusivelySoldInLuxembourg": false,
    "OrderUnit": "P",
    "ShortName": "MCCAIN ALLUMETES 1K",
    "IsNew": false,
    "EcoscoreLabel": "A",
    "RecentQuanityOfStockUnits": "1",
    "LongName": "MCCAIN allumetes fijn 1kg",
    "AlcoholVolume": "0",
    "FicCode": "E",
    "EcoscoreValue": "85"
  },
  {
    "productId": "227973",
    "technicalArticleNumber": "3553001",
    "commercialArticleNumber": "33810",
    "name": "kabeljauwhaasje Pac.grl.MSC",
    "description": "*Gevangen N-Oostel.\nen N-Westelijk deel\nvan de Stille Oceaan\n*Fijnste deel van de\nkabeljauw, MSC",
    "brand": "EVERYDAY",
    "seoBrand": "Everyday",
    "thumbNail": "https://static.colruytgroup.com/images/200x200/std.lang.all/47/55/asset-1724755.jpg",
    "fullImage": "https://static.colruytgroup.com/images/500x500/std.lang.all/47/55/asset-1724755.jpg",
    "squareImage": "https://static.colruytgroup.com/images/500x500sq/std.lang.all/47/55/asset-1724755.jpg",
    "content": "1kg",
    "walkRouteSequenceNumber": 16778,
    "price": {
      "basicPrice": 16.64,
      "recommendedQuantity": "1.0",
      "measurementUnitPrice": 16.64,
      "measurementUnit": "K",
      "isRedPrice": false,
      "pricePerUOM": 16.64,
      "activationDate": "10-11-2023",
      "recordSource": "Offline",
      "isPromoActive": "N",
      "priceChangeCode": "E"
    },
    "isAvailable": true,
    "isPriceAvailable": true,
    "inPromo": false,
    "gtin": [
      "05400141036725",
      "15400141036722",
      "15400141797586",
      "15400141263128",
      "05400141425604",
      "05400141263121",
      "15400141777861",
      "05400141777864"
    ],
    "topCategoryName": "Diepvries",
    "topCategoryId": "129",
    "businessDomain": "RETAIL_BE",
    "IsPrivateLabel": true,
    "IsBiffe": false,
    "WeightconversionFactor": "0",
    "IsWeightArticle": false,
    "nutriscoreLabel": "A",
    "IsBio": false,
    "CountryOfOrigin": "BELGIË",
    "IsExclusivelySoldInLuxembourg": false,
    "OrderUnit": "P",
    "ShortName": "EVD PAC KAB HAASJE 1K",
    "IsNew": false,
    "EcoscoreLabel": "E",
    "RecentQuanityOfStockUnits": "1,1",
    "LongName": "EVERYDAY kabeljauwhaasje Pac.grl.MSC 1kg",
    "AlcoholVolume": "0",
    "FicCode": "I",
    "EcoscoreValue": "9"
  },
  {
    "productId": "852641",
    "technicalArticleNumber": "4700730",
    "commercialArticleNumber": "31095",
    "name": "15 Fish Sticks MSC",
    "description": "*MSC",
    "brand": "IGLO",
    "seoBrand": "Iglo",
    "thumbNail": "https://static.colruytgroup.com/images/200x200/std.lang.all/88/59/asset-3138859.jpg",
    "fullImage": "https://static.colruytgroup.com/images/500x500/std.lang.all/88/59/asset-3138859.jpg",
    "squareImage": "https://static.colruytgroup.com/images/500x500sq/std.lang.all/88/59/asset-3138859.jpg",
    "content": "450g",
    "walkRouteSequenceNumber": 16920,
    "price": {
      "basicPrice": 4.16,
      "recommendedQuantity": "1.0",
      "measurementUnitPrice": 9.25,
      "measurementUnit": "K",
      "isRedPrice": false,
      "pricePerUOM": 9.25,
      "activationDate": "13-02-2024",
      "recordSource": "Offline",
      "isPromoActive": "N",
      "priceChangeCode": "H"
    },
    "isAvailable": true,
    "isPriceAvailable": true,
    "inPromo": false,
    "gtin": [
      "05414807606917",
      "05414807007820"
    ],
    "topCategoryName": "Diepvries",
    "topCategoryId": "129",
    "businessDomain": "RETAIL_BE",
    "IsPrivateLabel": false,
    "IsBiffe": false,
    "WeightconversionFactor": "0",
    "IsWeightArticle": false,
    "nutriscoreLabel": "B",
    "IsBio": false,
    "CountryOfOrigin": "DUITSLAND",
    "IsExclusivelySoldInLuxembourg": false,
    "OrderUnit": "P",
    "ShortName": "IGLO 15 FISH STICKS450G",
    "IsNew": false,
    "RecentQuanityOfStockUnits": "1",
    "LongName": "IGLO 15 Fish Sticks MSC 450g",
    "FicCode": "E"
  },
  {
    "productId": "1058",
    "technicalArticleNumber": "30003",
    "commercialArticleNumber": "30003",
    "name": "broccoli mix",
    "description": "*Samenstelling:\nwortelschijfjes,\nbrocolliroosjes en\nbloemkoolroosjes",
    "brand": "BONI",
    "seoBrand": "Boni Selection",
    "thumbNail": "https://static.colruytgroup.com/images/200x200/std.lang.all/79/96/asset-2067996.jpg",
    "fullImage": "https://static.colruytgroup.com/images/500x500/std.lang.all/79/96/asset-2067996.jpg",
    "squareImage": "https://static.colruytgroup.com/images/500x500sq/std.lang.all/79/96/asset-2067996.jpg",
    "content": "1,5kg",
    "walkRouteSequenceNumber": 17054,
    "price": {
      "basicPrice": 4.47,
      "recommendedQuantity": "1.0",
      "quantityPrice": 4.11,
      "quantityPriceQuantity": "3.0",
      "measurementUnitPrice": 2.98,
      "measurementUnitQuantityPrice": 2.74,
      "measurementUnit": "K",
      "isRedPrice": false,
      "pricePerUOM": 2.98,
      "activationDate": "05-03-2024",
      "recordSource": "Offline",
      "isPromoActive": "N",
      "priceChangeCode": "E",
      "quantityPricePerUOM": 2.74,
      "quantityActivationDate": "05-03-2024",
      "quantityPriceChangeCode": "H"
    },
    "isAvailable": true,
    "isPriceAvailable": true,
    "inPromo": false,
    "gtin": [
      "05400141400038",
      "05400141500035",
      "05400141800036",
      "05400141252675",
      "05400141299434",
      "05400141365719",
      "05400141158113",
      "05400141504606"
    ],
    "topCategoryName": "Diepvries",
    "topCategoryId": "129",
    "businessDomain": "RETAIL_BE",
    "IsPrivateLabel": true,
    "IsBiffe": false,
    "WeightconversionFactor": "0",
    "IsWeightArticle": false,
    "nutriscoreLabel": "A",
    "IsBio": false,
    "CountryOfOrigin": "BELGIË",
    "IsExclusivelySoldInLuxembourg": false,
    "OrderUnit": "P",
    "ShortName": "BONI BROCCOLIMIX 1K5",
    "IsNew": false,
    "EcoscoreLabel": "A",
    "RecentQuanityOfStockUnits": "8,1",
    "LongName": "BONI broccoli mix 1,5kg",
    "AlcoholVolume": "0",
    "FicCode": "I",
    "EcoscoreValue": "100"
  },
  {
    "productId": "6684",
    "technicalArticleNumber": "30305",
    "commercialArticleNumber": "30305",
    "name": "viandel 12st",
    "description": "*Met 32% kippenvlees\n2% varkensvlees\n*In de frituurpan,\noven, grill",
    "brand": "EVERYDAY",
    "seoBrand": "Everyday",
    "thumbNail": "https://static.colruytgroup.com/images/200x200/std.lang.all/44/91/asset-2264491.jpg",
    "fullImage": "https://static.colruytgroup.com/images/500x500/std.lang.all/44/91/asset-2264491.jpg",
    "squareImage": "https://static.colruytgroup.com/images/500x500sq/std.lang.all/44/91/asset-2264491.jpg",
    "content": "1,2kg",
    "walkRouteSequenceNumber": 17548,
    "price": {
      "basicPrice": 9.35,
      "recommendedQuantity": "1.0",
      "measurementUnitPrice": 7.8,
      "measurementUnit": "K",
      "isRedPrice": false,
      "pricePerUOM": 7.8,
      "activationDate": "04-01-2024",
      "recordSource": "Offline",
      "isPromoActive": "N",
      "priceChangeCode": "H"
    },
    "isAvailable": true,
    "isPriceAvailable": true,
    "inPromo": false,
    "gtin": [
      "05400141180527",
      "05400141303056",
      "05400141503050",
      "15400141826378",
      "05400141381610"
    ],
    "topCategoryName": "Diepvries",
    "topCategoryId": "129",
    "businessDomain": "RETAIL_BE",
    "IsPrivateLabel": true,
    "IsBiffe": false,
    "WeightconversionFactor": "0",
    "IsWeightArticle": false,
    "nutriscoreLabel": "D",
    "IsBio": false,
    "CountryOfOrigin": "BELGIË",
    "IsExclusivelySoldInLuxembourg": false,
    "OrderUnit": "P",
    "ShortName": "EVD VIANDELLE 12ST",
    "IsNew": false,
    "EcoscoreLabel": "E",
    "RecentQuanityOfStockUnits": "1,8",
    "LongName": "EVERYDAY viandel 12st 1,2kg",
    "AlcoholVolume": "0",
    "FicCode": "I",
    "EcoscoreValue": "0"
  },
  {
    "productId": "282165",
    "technicalArticleNumber": "3653485",
    "commercialArticleNumber": "21712",
    "name": "kroketten traditioneel",
    "description": "*32-36 stuks\n*4' in frituurpan\n175°c",
    "brand": "MCCAIN",
    "seoBrand": "Mccain",
    "thumbNail": "https://static.colruytgroup.com/images/200x200/std.lang.all/64/70/asset-2976470.jpg",
    "fullImage": "https://static.colruytgroup.com/images/500x500/std.lang.all/64/70/asset-2976470.jpg",
    "squareImage": "https://static.colruytgroup.com/images/500x500sq/std.lang.all/64/70/asset-2976470.jpg",
    "content": "1kg",
    "walkRouteSequenceNumber": 16374,
    "price": {
      "basicPrice": 2.99,
      "recommendedQuantity": "1.0",
      "measurementUnitPrice": 2.99,
      "measurementUnit": "K",
      "isRedPrice": false,
      "pricePerUOM": 2.99,
      "activationDate": "07-02-2024",
      "recordSource": "Offline",
      "isPromoActive": "N",
      "priceChangeCode": "H"
    },
    "isAvailable": true,
    "isPriceAvailable": true,
    "inPromo": false,
    "gtin": [
      "05410171002065",
      "05410171102062"
    ],
    "topCategoryName": "Diepvries",
    "topCategoryId": "129",
    "businessDomain": "RETAIL_BE",
    "IsPrivateLabel": false,
    "IsBiffe": false,
    "WeightconversionFactor": "0",
    "IsWeightArticle": false,
    "nutriscoreLabel": "B",
    "IsBio": false,
    "CountryOfOrigin": "BELGIË",
    "IsExclusivelySoldInLuxembourg": false,
    "OrderUnit": "P",
    "ShortName": "MCCAIN KROKETTEN 1KG",
    "IsNew": false,
    "EcoscoreLabel": "C",
    "RecentQuanityOfStockUnits": "1",
    "LongName": "MCCAIN kroketten traditioneel 1kg",
    "AlcoholVolume": "0",
    "FicCode": "E",
    "EcoscoreValue": "49"
  },
  {
    "productId": "831191",
    "technicalArticleNumber": "4671121",
    "commercialArticleNumber": "9655",
    "name": "Diepvries frieten Allumettes",
    "description": "*Diepgevroren\nfrieten",
    "brand": "MCCAIN",
    "seoBrand": "Mccain",
    "thumbNail": "https://static.colruytgroup.com/images/200x200/std.lang.all/67/43/asset-2956743.jpg",
    "fullImage": "https://static.colruytgroup.com/images/500x500/std.lang.all/67/43/asset-2956743.jpg",
    "squareImage": "https://static.colruytgroup.com/images/500x500sq/std.lang.all/67/43/asset-2956743.jpg",
    "content": "600g",
    "walkRouteSequenceNumber": 16490,
    "price": {
      "basicPrice": 5.19,
      "recommendedQuantity": "1.0",
      "quantityPrice": 2.67,
      "quantityPriceQuantity": "2.0",
      "measurementUnitPrice": 8.65,
      "measurementUnitQuantityPrice": 4.45,
      "measurementUnit": "K",
      "isRedPrice": false,
      "pricePerUOM": 8.65,
      "activationDate": "20-03-2024",
      "recordSource": "Offline",
      "isPromoActive": "N",
      "priceChangeCode": "E",
      "quantityPricePerUOM": 4.45,
      "quantityActivationDate": "20-03-2024",
      "quantityPriceChangeCode": "L"
    },
    "isAvailable": true,
    "isPriceAvailable": true,
    "inPromo": false,
    "gtin": [
      "08710438125054",
      "08710438125061"
    ],
    "topCategoryName": "Diepvries",
    "topCategoryId": "129",
    "businessDomain": "RETAIL_BE",
    "IsPrivateLabel": false,
    "IsBiffe": false,
    "WeightconversionFactor": "0",
    "IsWeightArticle": false,
    "nutriscoreLabel": "A",
    "IsBio": false,
    "CountryOfOrigin": "EUROPA",
    "IsExclusivelySoldInLuxembourg": false,
    "OrderUnit": "P",
    "ShortName": "MCCA AIRF.ALLUMETTE600G",
    "IsNew": false,
    "EcoscoreLabel": "B",
    "RecentQuanityOfStockUnits": "1",
    "LongName": "MCCAIN Diepvries frieten Allumettes 600g",
    "FicCode": "E",
    "EcoscoreValue": "71"
  },
  {
    "productId": "1061",
    "technicalArticleNumber": "30007",
    "commercialArticleNumber": "30007",
    "name": "kervel in porties",
    "description": "*In porties",
    "brand": "BONI",
    "seoBrand": "Boni Selection",
    "thumbNail": "https://static.colruytgroup.com/images/200x200/std.lang.all/38/05/asset-383805.jpg",
    "fullImage": "https://static.colruytgroup.com/images/500x500/std.lang.all/38/05/asset-383805.jpg",
    "squareImage": "https://static.colruytgroup.com/images/500x500sq/std.lang.all/38/05/asset-383805.jpg",
    "content": "1kg",
    "walkRouteSequenceNumber": 17055,
    "price": {
      "basicPrice": 3.25,
      "recommendedQuantity": "1.0",
      "quantityPrice": 2.99,
      "quantityPriceQuantity": "3.0",
      "measurementUnitPrice": 3.25,
      "measurementUnitQuantityPrice": 2.99,
      "measurementUnit": "K",
      "isRedPrice": false,
      "pricePerUOM": 3.25,
      "activationDate": "13-03-2024",
      "recordSource": "Offline",
      "isPromoActive": "N",
      "priceChangeCode": "H",
      "quantityPricePerUOM": 2.99,
      "quantityActivationDate": "13-03-2024",
      "quantityPriceChangeCode": "H"
    },
    "isAvailable": true,
    "isPriceAvailable": true,
    "inPromo": false,
    "gtin": [
      "05400141146011",
      "05400141155266",
      "05400141163544",
      "05400141300079",
      "05400141400076",
      "05400141421743",
      "15400141300076"
    ],
    "topCategoryName": "Diepvries",
    "topCategoryId": "129",
    "businessDomain": "RETAIL_BE",
    "IsPrivateLabel": true,
    "IsBiffe": false,
    "WeightconversionFactor": "0",
    "IsWeightArticle": false,
    "nutriscoreLabel": "A",
    "IsBio": false,
    "CountryOfOrigin": "BELGIË",
    "IsExclusivelySoldInLuxembourg": false,
    "OrderUnit": "P",
    "ShortName": "BONI KERVEL PORTIE 1K",
    "InSeason": true,
    "IsNew": false,
    "EcoscoreLabel": "A",
    "RecentQuanityOfStockUnits": "1",
    "LongName": "BONI kervel in porties 1kg",
    "AlcoholVolume": "0",
    "StartSeasonDate": "03/04/2023",
    "FicCode": "I",
    "EcoscoreValue": "100"
  },
  {
    "productId": "136398",
    "technicalArticleNumber": "3175801",
    "commercialArticleNumber": "44217",
    "name": "moelleux chocolade",
    "description": "*Met 22 % Belgische\nchocolade",
    "brand": "BONI",
    "seoBrand": "Boni Selection",
    "thumbNail": "https://static.colruytgroup.com/images/200x200/std.lang.all/80/02/asset-2068002.jpg",
    "fullImage": "https://static.colruytgroup.com/images/500x500/std.lang.all/80/02/asset-2068002.jpg",
    "squareImage": "https://static.colruytgroup.com/images/500x500sq/std.lang.all/80/02/asset-2068002.jpg",
    "content": "4x90g",
    "walkRouteSequenceNumber": 17472,
    "price": {
      "basicPrice": 4.59,
      "recommendedQuantity": "1.0",
      "quantityPrice": 4.43,
      "quantityPriceQuantity": "3.0",
      "measurementUnitPrice": 12.75,
      "measurementUnitQuantityPrice": 12.31,
      "measurementUnit": "K",
      "isRedPrice": false,
      "pricePerUOM": 12.75,
      "activationDate": "20-03-2024",
      "recordSource": "Folder",
      "isPromoActive": "N",
      "priceChangeCode": "E",
      "quantityPricePerUOM": 12.31,
      "quantityActivationDate": "20-03-2024",
      "quantityPriceChangeCode": "L"
    },
    "isAvailable": true,
    "isPriceAvailable": true,
    "inPromo": false,
    "gtin": [
      "05400141244397",
      "15400141244417",
      "05400141180916",
      "05400141417128",
      "15400141906421"
    ],
    "topCategoryName": "Diepvries",
    "topCategoryId": "129",
    "businessDomain": "RETAIL_BE",
    "IsPrivateLabel": true,
    "IsBiffe": false,
    "WeightconversionFactor": "0",
    "IsWeightArticle": false,
    "nutriscoreLabel": "E",
    "IsBio": false,
    "CountryOfOrigin": "BELGIË",
    "IsExclusivelySoldInLuxembourg": false,
    "OrderUnit": "P",
    "ShortName": "BONI MOELLEUX CHOCOL4ST",
    "IsNew": false,
    "EcoscoreLabel": "B",
    "RecentQuanityOfStockUnits": "1,12",
    "LongName": "BONI moelleux chocolade 4x90g",
    "AlcoholVolume": "0",
    "FicCode": "I",
    "EcoscoreValue": "68"
  },
  {
    "productId": "885349",
    "technicalArticleNumber": "4744285",
    "commercialArticleNumber": "32548",
    "name": "Sojabonen",
    "description": "*Diepgevroren",
    "brand": "BONI",
    "seoBrand": "Boni Selection",
    "thumbNail": "https://static.colruytgroup.com/images/200x200/std.lang.all/15/90/asset-3391590.jpg",
    "fullImage": "https://static.colruytgroup.com/images/500x500/std.lang.all/15/90/asset-3391590.jpg",
    "squareImage": "https://static.colruytgroup.com/images/500x500sq/std.lang.all/15/90/asset-3391590.jpg",
    "content": "750g",
    "walkRouteSequenceNumber": 16987,
    "price": {
      "basicPrice": 4.42,
      "recommendedQuantity": "1.0",
      "quantityPrice": 4.07,
      "quantityPriceQuantity": "3.0",
      "measurementUnitPrice": 5.9,
      "measurementUnitQuantityPrice": 5.43,
      "measurementUnit": "K",
      "isRedPrice": false,
      "pricePerUOM": 5.9,
      "activationDate": "19-03-2024",
      "recordSource": "Offline",
      "isPromoActive": "N",
      "priceChangeCode": "H",
      "quantityPricePerUOM": 5.43,
      "quantityActivationDate": "19-03-2024",
      "quantityPriceChangeCode": "H"
    },
    "isAvailable": true,
    "isPriceAvailable": true,
    "inPromo": false,
    "gtin": [
      "05400141940350"
    ],
    "topCategoryName": "Diepvries",
    "topCategoryId": "129",
    "businessDomain": "RETAIL_BE",
    "IsPrivateLabel": true,
    "IsBiffe": false,
    "WeightconversionFactor": "0",
    "IsWeightArticle": false,
    "nutriscoreLabel": "A",
    "IsBio": false,
    "CountryOfOrigin": "CHINA (VOLKSREBUPLIEK)",
    "IsExclusivelySoldInLuxembourg": false,
    "OrderUnit": "P",
    "ShortName": "BONI SOJABONEN 750G",
    "IsNew": false,
    "RecentQuanityOfStockUnits": "1",
    "LongName": "BONI Sojabonen 750g",
    "FicCode": "I"
  },
  {
    "productId": "42330",
    "technicalArticleNumber": "2446008",
    "commercialArticleNumber": "24187",
    "name": "ananas stukjes",
    "description": "*Ananas in blokjes",
    "brand": "BONI",
    "seoBrand": "Boni Selection",
    "thumbNail": "https://static.colruytgroup.com/images/200x200/std.lang.all/58/64/asset-1425864.jpg",
    "fullImage": "https://static.colruytgroup.com/images/500x500/std.lang.all/58/64/asset-1425864.jpg",
    "squareImage": "https://static.colruytgroup.com/images/500x500sq/std.lang.all/58/64/asset-1425864.jpg",
    "content": "1kg",
    "walkRouteSequenceNumber": 17508,
    "price": {
      "basicPrice": 3.58,
      "recommendedQuantity": "1.0",
      "quantityPrice": 3.29,
      "quantityPriceQuantity": "3.0",
      "measurementUnitPrice": 3.58,
      "measurementUnitQuantityPrice": 3.29,
      "measurementUnit": "K",
      "isRedPrice": false,
      "pricePerUOM": 3.58,
      "activationDate": "20-03-2024",
      "recordSource": "Folder",
      "isPromoActive": "N",
      "priceChangeCode": "L",
      "quantityPricePerUOM": 3.29,
      "quantityActivationDate": "20-03-2024",
      "quantityPriceChangeCode": "L"
    },
    "isAvailable": true,
    "isPriceAvailable": true,
    "inPromo": false,
    "gtin": [
      "15400141579366",
      "15400141342649",
      "15400141199632",
      "05400141342642",
      "05400141199635",
      "05400141161960",
      "05400141224047",
      "05400141272932",
      "05400141579369"
    ],
    "topCategoryName": "Diepvries",
    "topCategoryId": "129",
    "businessDomain": "RETAIL_BE",
    "IsPrivateLabel": true,
    "IsBiffe": false,
    "WeightconversionFactor": "0",
    "IsWeightArticle": false,
    "nutriscoreLabel": "A",
    "IsBio": false,
    "CountryOfOrigin": "BELGIË",
    "IsExclusivelySoldInLuxembourg": false,
    "OrderUnit": "P",
    "ShortName": "BONI ANANAS 1K",
    "IsNew": false,
    "EcoscoreLabel": "A",
    "RecentQuanityOfStockUnits": "1,1,5,5",
    "LongName": "BONI ananas stukjes 1kg",
    "AlcoholVolume": "0",
    "FicCode": "I",
    "EcoscoreValue": "86"
  },
  {
    "productId": "11522",
    "technicalArticleNumber": "1355639",
    "commercialArticleNumber": "30645",
    "name": "almond",
    "description": "*Roomijs\n*Amandelsmaak\n*Krokante chocolat\n*Bevroren sticks\n*Dessert",
    "brand": "OLA MAGNUM",
    "seoBrand": "Ola Magnum",
    "thumbNail": "https://static.colruytgroup.com/images/200x200/std.lang.all/10/20/asset-2951020.jpg",
    "fullImage": "https://static.colruytgroup.com/images/500x500/std.lang.all/10/20/asset-2951020.jpg",
    "squareImage": "https://static.colruytgroup.com/images/500x500sq/std.lang.all/10/20/asset-2951020.jpg",
    "content": "8x110ml",
    "walkRouteSequenceNumber": 17168,
    "price": {
      "basicPrice": 6.79,
      "recommendedQuantity": "1.0",
      "measurementUnitPrice": 7.72,
      "measurementUnit": "L",
      "isRedPrice": false,
      "pricePerUOM": 7.72,
      "activationDate": "14-02-2024",
      "recordSource": "Offline",
      "isPromoActive": "N",
      "priceChangeCode": "H"
    },
    "isAvailable": true,
    "isPriceAvailable": true,
    "inPromo": false,
    "gtin": [
      "08712566328239",
      "08000920966716"
    ],
    "topCategoryName": "Diepvries",
    "topCategoryId": "129",
    "businessDomain": "RETAIL_BE",
    "IsPrivateLabel": false,
    "IsBiffe": false,
    "WeightconversionFactor": "0",
    "IsWeightArticle": false,
    "nutriscoreLabel": "E",
    "IsBio": false,
    "CountryOfOrigin": "DUITSLAND",
    "IsExclusivelySoldInLuxembourg": false,
    "OrderUnit": "P",
    "ShortName": "MAGNUM ALMOND 8X110ML",
    "IsNew": false,
    "EcoscoreLabel": "B",
    "RecentQuanityOfStockUnits": "1,4",
    "LongName": "OLA MAGNUM almond 8x110ml",
    "AlcoholVolume": "0",
    "FicCode": "E",
    "EcoscoreValue": "67"
  },
  {
    "productId": "133368",
    "technicalArticleNumber": "3170712",
    "commercialArticleNumber": "8939",
    "name": "Cornet brésilienne",
    "description": "*Vanilleroomijs\n*Cornet met\nbresilienne-nootjes\nen chocoladesaus.",
    "brand": "IJSBOERKE",
    "seoBrand": "Ijsboerke",
    "thumbNail": "https://static.colruytgroup.com/images/200x200/std.lang.all/29/92/asset-1062992.jpg",
    "fullImage": "https://static.colruytgroup.com/images/500x500/std.lang.all/29/92/asset-1062992.jpg",
    "squareImage": "https://static.colruytgroup.com/images/500x500sq/std.lang.all/29/92/asset-1062992.jpg",
    "content": "8x120ml",
    "walkRouteSequenceNumber": 17259,
    "price": {
      "basicPrice": 7.95,
      "recommendedQuantity": "1.0",
      "quantityPrice": 7.31,
      "quantityPriceQuantity": "3.0",
      "measurementUnitPrice": 8.29,
      "measurementUnitQuantityPrice": 7.62,
      "measurementUnit": "L",
      "isRedPrice": false,
      "pricePerUOM": 8.29,
      "activationDate": "19-03-2024",
      "recordSource": "Offline",
      "isPromoActive": "N",
      "priceChangeCode": "L",
      "quantityPricePerUOM": 7.62,
      "quantityActivationDate": "19-03-2024",
      "quantityPriceChangeCode": "L"
    },
    "isAvailable": true,
    "isPriceAvailable": true,
    "inPromo": false,
    "gtin": [
      "05412121001135",
      "05412121201139"
    ],
    "topCategoryName": "Diepvries",
    "topCategoryId": "129",
    "businessDomain": "RETAIL_BE",
    "IsPrivateLabel": false,
    "IsBiffe": false,
    "WeightconversionFactor": "0",
    "IsWeightArticle": false,
    "nutriscoreLabel": "D",
    "IsBio": false,
    "CountryOfOrigin": "BELGIË",
    "IsExclusivelySoldInLuxembourg": false,
    "OrderUnit": "P",
    "ShortName": "IJSB CORN.BRES.8X120ML",
    "InSeason": true,
    "IsNew": false,
    "EcoscoreLabel": "B",
    "RecentQuanityOfStockUnits": "1",
    "LongName": "IJSBOERKE Cornet brésilienne 8x120ml",
    "AlcoholVolume": "0",
    "StartSeasonDate": "27/01/2015",
    "FicCode": "E",
    "EcoscoreValue": "79"
  },
  {
    "productId": "810375",
    "technicalArticleNumber": "4634902",
    "commercialArticleNumber": "17113",
    "name": "brusselse wafels",
    "description": "*6 stuks van 80g",
    "brand": "BONI",
    "seoBrand": "Boni Selection",
    "thumbNail": "https://static.colruytgroup.com/images/200x200/std.lang.all/35/67/asset-3013567.jpg",
    "fullImage": "https://static.colruytgroup.com/images/500x500/std.lang.all/35/67/asset-3013567.jpg",
    "squareImage": "https://static.colruytgroup.com/images/500x500sq/std.lang.all/35/67/asset-3013567.jpg",
    "content": "480g",
    "walkRouteSequenceNumber": 17484,
    "price": {
      "basicPrice": 3.65,
      "recommendedQuantity": "1.0",
      "quantityPrice": 3.36,
      "quantityPriceQuantity": "3.0",
      "measurementUnitPrice": 7.61,
      "measurementUnitQuantityPrice": 7,
      "measurementUnit": "K",
      "isRedPrice": false,
      "pricePerUOM": 7.61,
      "activationDate": "19-03-2024",
      "recordSource": "Offline",
      "isPromoActive": "N",
      "priceChangeCode": "L",
      "quantityPricePerUOM": 7,
      "quantityActivationDate": "19-03-2024",
      "quantityPriceChangeCode": "L"
    },
    "isAvailable": true,
    "isPriceAvailable": true,
    "inPromo": false,
    "gtin": [
      "05400141640922",
      "15400141640929"
    ],
    "topCategoryName": "Diepvries",
    "topCategoryId": "129",
    "businessDomain": "RETAIL_BE",
    "IsPrivateLabel": true,
    "IsBiffe": false,
    "WeightconversionFactor": "0",
    "IsWeightArticle": false,
    "nutriscoreLabel": "C",
    "IsBio": false,
    "CountryOfOrigin": "BELGIË",
    "IsExclusivelySoldInLuxembourg": false,
    "OrderUnit": "P",
    "ShortName": "BONI BRUSSELS WAFEL480G",
    "IsNew": false,
    "EcoscoreLabel": "C",
    "RecentQuanityOfStockUnits": "1,4",
    "LongName": "BONI brusselse wafels 480g",
    "FicCode": "I",
    "EcoscoreValue": "56"
  },
  {
    "productId": "355639",
    "technicalArticleNumber": "3867399",
    "commercialArticleNumber": "13484",
    "name": "ingevroren avocado",
    "brand": "BONI",
    "seoBrand": "Boni Selection",
    "thumbNail": "https://static.colruytgroup.com/images/200x200/std.lang.all/88/65/asset-2288865.jpg",
    "fullImage": "https://static.colruytgroup.com/images/500x500/std.lang.all/88/65/asset-2288865.jpg",
    "squareImage": "https://static.colruytgroup.com/images/500x500sq/std.lang.all/88/65/asset-2288865.jpg",
    "content": "600g",
    "walkRouteSequenceNumber": 17496,
    "price": {
      "basicPrice": 3.69,
      "recommendedQuantity": "1.0",
      "quantityPrice": 3.54,
      "quantityPriceQuantity": "3.0",
      "measurementUnitPrice": 6.15,
      "measurementUnitQuantityPrice": 5.9,
      "measurementUnit": "K",
      "isRedPrice": false,
      "pricePerUOM": 6.15,
      "activationDate": "20-03-2024",
      "recordSource": "Folder",
      "isPromoActive": "N",
      "priceChangeCode": "L",
      "quantityPricePerUOM": 5.9,
      "quantityActivationDate": "20-03-2024",
      "quantityPriceChangeCode": "L"
    },
    "isAvailable": true,
    "isPriceAvailable": true,
    "inPromo": false,
    "gtin": [
      "05400141338812",
      "15400141338819",
      "05400141227468",
      "15400141227465"
    ],
    "topCategoryName": "Diepvries",
    "topCategoryId": "129",
    "businessDomain": "RETAIL_BE",
    "IsPrivateLabel": true,
    "IsBiffe": false,
    "WeightconversionFactor": "0",
    "IsWeightArticle": false,
    "nutriscoreLabel": "A",
    "IsBio": false,
    "CountryOfOrigin": "PERU",
    "IsExclusivelySoldInLuxembourg": false,
    "OrderUnit": "P",
    "ShortName": "BONI BEVRO.AVOCADO 600G",
    "IsNew": false,
    "EcoscoreLabel": "C",
    "RecentQuanityOfStockUnits": "14,1",
    "LongName": "BONI ingevroren avocado 600g",
    "AlcoholVolume": "0",
    "FicCode": "I",
    "EcoscoreValue": "57"
  },
  {
    "productId": "67033",
    "technicalArticleNumber": "2758463",
    "commercialArticleNumber": "42076",
    "name": "gratin broccoli",
    "description": "*Individuele porties\n*Met 20% broccoli\n*10 porties",
    "brand": "BONI",
    "seoBrand": "Boni Selection",
    "thumbNail": "https://static.colruytgroup.com/images/200x200/std.lang.all/07/52/asset-3330752.jpg",
    "fullImage": "https://static.colruytgroup.com/images/500x500/std.lang.all/07/52/asset-3330752.jpg",
    "squareImage": "https://static.colruytgroup.com/images/500x500sq/std.lang.all/07/52/asset-3330752.jpg",
    "content": "1,2kg",
    "walkRouteSequenceNumber": 16466,
    "price": {
      "basicPrice": 5.6,
      "recommendedQuantity": "1.0",
      "measurementUnitPrice": 4.67,
      "measurementUnit": "K",
      "isRedPrice": false,
      "pricePerUOM": 4.67,
      "activationDate": "20-03-2024",
      "recordSource": "Folder",
      "isPromoActive": "N",
      "priceChangeCode": "E"
    },
    "isAvailable": true,
    "isPriceAvailable": true,
    "inPromo": false,
    "gtin": [
      "05400141238242",
      "05400141420760",
      "15400141238249",
      "05400141088960",
      "05400141859584",
      "15400141859581"
    ],
    "topCategoryName": "Diepvries",
    "topCategoryId": "129",
    "businessDomain": "RETAIL_BE",
    "IsPrivateLabel": true,
    "IsBiffe": false,
    "WeightconversionFactor": "0",
    "IsWeightArticle": false,
    "nutriscoreLabel": "D",
    "IsBio": false,
    "CountryOfOrigin": "BELGIË",
    "IsExclusivelySoldInLuxembourg": false,
    "OrderUnit": "P",
    "ShortName": "BONI BROCCOLIGRATIN 1K2",
    "IsNew": false,
    "EcoscoreLabel": "A",
    "RecentQuanityOfStockUnits": "8,1",
    "LongName": "BONI gratin broccoli 1,2kg",
    "AlcoholVolume": "0",
    "FicCode": "I",
    "EcoscoreValue": "96"
  },
  {
    "productId": "6681",
    "technicalArticleNumber": "30289",
    "commercialArticleNumber": "30289",
    "name": "frikandellen",
    "description": "*Met 58% kippenvlees\n15% varkensvlees\n*In de frituurpan",
    "brand": "BECKERS",
    "seoBrand": "Beckers",
    "thumbNail": "https://static.colruytgroup.com/images/200x200/std.lang.all/37/78/asset-3233778.jpg",
    "fullImage": "https://static.colruytgroup.com/images/500x500/std.lang.all/37/78/asset-3233778.jpg",
    "squareImage": "https://static.colruytgroup.com/images/500x500sq/std.lang.all/37/78/asset-3233778.jpg",
    "content": "20x70g",
    "walkRouteSequenceNumber": 17583,
    "price": {
      "basicPrice": 6.69,
      "recommendedQuantity": "1.0",
      "quantityPrice": 6.15,
      "quantityPriceQuantity": "3.0",
      "measurementUnitPrice": 4.78,
      "measurementUnitQuantityPrice": 4.4,
      "measurementUnit": "K",
      "isRedPrice": false,
      "pricePerUOM": 4.78,
      "activationDate": "13-03-2024",
      "recordSource": "Offline",
      "isPromoActive": "N",
      "priceChangeCode": "E",
      "quantityPricePerUOM": 4.4,
      "quantityActivationDate": "13-03-2024",
      "quantityPriceChangeCode": "E"
    },
    "isAvailable": true,
    "isPriceAvailable": true,
    "inPromo": false,
    "gtin": [
      "08710555020065",
      "08710555467303",
      "08710555673025"
    ],
    "topCategoryName": "Diepvries",
    "topCategoryId": "129",
    "businessDomain": "RETAIL_BE",
    "IsPrivateLabel": false,
    "IsBiffe": false,
    "WeightconversionFactor": "0",
    "IsWeightArticle": false,
    "nutriscoreLabel": "D",
    "IsBio": false,
    "CountryOfOrigin": "BELGIË",
    "IsExclusivelySoldInLuxembourg": false,
    "OrderUnit": "P",
    "ShortName": "BECKERS FRIKAND20X70",
    "IsNew": false,
    "EcoscoreLabel": "E",
    "RecentQuanityOfStockUnits": "1",
    "LongName": "BECKERS frikandellen 20x70g",
    "AlcoholVolume": "0",
    "FicCode": "E",
    "EcoscoreValue": "0"
  },
  {
    "productId": "187816",
    "technicalArticleNumber": "3451023",
    "commercialArticleNumber": "30593",
    "name": "vanille-ijs witte choc.",
    "description": "*Vanille ijs omhuld\nmet witte chocolade",
    "brand": "EVERYDAY",
    "seoBrand": "Everyday",
    "thumbNail": "https://static.colruytgroup.com/images/200x200/std.lang.all/81/84/asset-1238184.jpg",
    "fullImage": "https://static.colruytgroup.com/images/500x500/std.lang.all/81/84/asset-1238184.jpg",
    "squareImage": "https://static.colruytgroup.com/images/500x500sq/std.lang.all/81/84/asset-1238184.jpg",
    "content": "6x120ml",
    "walkRouteSequenceNumber": 17249,
    "price": {
      "basicPrice": 2.08,
      "recommendedQuantity": "1.0",
      "measurementUnitPrice": 2.89,
      "measurementUnit": "L",
      "isRedPrice": false,
      "pricePerUOM": 2.89,
      "activationDate": "20-03-2024",
      "recordSource": "Offline",
      "isPromoActive": "N",
      "priceChangeCode": "H"
    },
    "isAvailable": true,
    "isPriceAvailable": true,
    "inPromo": false,
    "gtin": [
      "05400141511093",
      "05400141415216",
      "15400141853046",
      "15400141799429",
      "05400141378047"
    ],
    "topCategoryName": "Diepvries",
    "topCategoryId": "129",
    "businessDomain": "RETAIL_BE",
    "IsPrivateLabel": true,
    "IsBiffe": false,
    "WeightconversionFactor": "0",
    "IsWeightArticle": false,
    "nutriscoreLabel": "E",
    "IsBio": false,
    "CountryOfOrigin": "BELGIË",
    "IsExclusivelySoldInLuxembourg": false,
    "OrderUnit": "P",
    "ShortName": "EVD JUMBO WHITE 6X120ML",
    "IsNew": false,
    "EcoscoreLabel": "B",
    "RecentQuanityOfStockUnits": "1,6",
    "LongName": "EVERYDAY vanille-ijs witte choc. 6x120ml",
    "AlcoholVolume": "0",
    "FicCode": "I",
    "EcoscoreValue": "77"
  },
  {
    "productId": "187804",
    "technicalArticleNumber": "3451006",
    "commercialArticleNumber": "30586",
    "name": "roomijs mokka",
    "description": "*Mokkaroomijs (96%)\nmet stukjes met\nkoffiesmaak(4%).",
    "brand": "BONI",
    "seoBrand": "Boni Selection",
    "thumbNail": "https://static.colruytgroup.com/images/200x200/std.lang.all/46/12/asset-3274612.jpg",
    "fullImage": "https://static.colruytgroup.com/images/500x500/std.lang.all/46/12/asset-3274612.jpg",
    "squareImage": "https://static.colruytgroup.com/images/500x500sq/std.lang.all/46/12/asset-3274612.jpg",
    "content": "1,5L",
    "walkRouteSequenceNumber": 17198,
    "price": {
      "basicPrice": 4.03,
      "recommendedQuantity": "1.0",
      "quantityPrice": 3.87,
      "quantityPriceQuantity": "3.0",
      "measurementUnitPrice": 2.69,
      "measurementUnitQuantityPrice": 2.58,
      "measurementUnit": "L",
      "isRedPrice": false,
      "pricePerUOM": 2.69,
      "activationDate": "19-03-2024",
      "recordSource": "Offline",
      "isPromoActive": "N",
      "priceChangeCode": "E",
      "quantityPricePerUOM": 2.58,
      "quantityActivationDate": "19-03-2024",
      "quantityPriceChangeCode": "E"
    },
    "isAvailable": true,
    "isPriceAvailable": true,
    "inPromo": false,
    "gtin": [
      "15400141261407",
      "15400141853749",
      "05400141378023",
      "05400141261400"
    ],
    "topCategoryName": "Diepvries",
    "topCategoryId": "129",
    "businessDomain": "RETAIL_BE",
    "IsPrivateLabel": true,
    "IsBiffe": false,
    "WeightconversionFactor": "0",
    "IsWeightArticle": false,
    "nutriscoreLabel": "D",
    "IsBio": false,
    "CountryOfOrigin": "BELGIË",
    "IsExclusivelySoldInLuxembourg": false,
    "OrderUnit": "P",
    "ShortName": "BONI MOKKAROOMIJS 1L5",
    "IsNew": false,
    "EcoscoreLabel": "B",
    "RecentQuanityOfStockUnits": "1",
    "LongName": "BONI roomijs mokka 1,5L",
    "AlcoholVolume": "0",
    "FicCode": "I",
    "EcoscoreValue": "79"
  },
  {
    "productId": "868171",
    "technicalArticleNumber": "4721008",
    "commercialArticleNumber": "14177",
    "name": "Zoete aardappelbl. groentenmix",
    "brand": "BONI",
    "seoBrand": "Boni Selection",
    "thumbNail": "https://static.colruytgroup.com/images/200x200/std.lang.all/88/13/asset-3378813.jpg",
    "fullImage": "https://static.colruytgroup.com/images/500x500/std.lang.all/88/13/asset-3378813.jpg",
    "squareImage": "https://static.colruytgroup.com/images/500x500sq/std.lang.all/88/13/asset-3378813.jpg",
    "content": "1kg",
    "walkRouteSequenceNumber": 17130,
    "price": {
      "basicPrice": 3.99,
      "recommendedQuantity": "1.0",
      "quantityPrice": 3.83,
      "quantityPriceQuantity": "3.0",
      "measurementUnitPrice": 3.99,
      "measurementUnitQuantityPrice": 3.83,
      "measurementUnit": "K",
      "isRedPrice": false,
      "pricePerUOM": 3.99,
      "activationDate": "28-02-2024",
      "isPromoActive": "N",
      "priceChangeCode": "H",
      "quantityPricePerUOM": 3.83,
      "quantityActivationDate": "28-02-2024",
      "quantityPriceChangeCode": "H"
    },
    "isAvailable": true,
    "isPriceAvailable": true,
    "inPromo": false,
    "gtin": [
      "05400141681833"
    ],
    "topCategoryName": "Diepvries",
    "topCategoryId": "129",
    "businessDomain": "RETAIL_BE",
    "IsPrivateLabel": true,
    "IsBiffe": false,
    "WeightconversionFactor": "0",
    "IsWeightArticle": false,
    "nutriscoreLabel": "B",
    "IsBio": false,
    "CountryOfOrigin": "BELGIË",
    "IsExclusivelySoldInLuxembourg": false,
    "OrderUnit": "P",
    "ShortName": "BONI Z.AARD.GR.MIX.1KG",
    "IsNew": false,
    "EcoscoreLabel": "B",
    "RecentQuanityOfStockUnits": "1",
    "LongName": "BONI Zoete aardappelbl. groentenmix 1kg",
    "FicCode": "I",
    "EcoscoreValue": "79"
  },
  {
    "productId": "475394",
    "technicalArticleNumber": "4059886",
    "commercialArticleNumber": "6835",
    "name": "CASA DI MAMA pizza Salame",
    "description": "*Dunne bodem\n*Knaperige rand\n*Salami",
    "brand": "DR OETKER",
    "seoBrand": "Dr.Oetker Casa Di Mama",
    "thumbNail": "https://ecgproductmw.colruytgroup.com/ecgproductmw/noPicForArticle_2.jpg",
    "fullImage": "https://ecgproductmw.colruytgroup.com/ecgproductmw/noPicForArticle_5.jpg",
    "squareImage": "https://ecgproductmw.colruytgroup.com/ecgproductmw/noPicForArticle_5.jpg",
    "content": "390g",
    "walkRouteSequenceNumber": 18124,
    "price": {
      "basicPrice": 3.79,
      "recommendedQuantity": "1.0",
      "measurementUnitPrice": 9.72,
      "measurementUnit": "K",
      "isRedPrice": false,
      "pricePerUOM": 9.72,
      "activationDate": "19-03-2024",
      "recordSource": "Offline",
      "isPromoActive": "N",
      "priceChangeCode": "L"
    },
    "isAvailable": true,
    "isPriceAvailable": true,
    "inPromo": true,
    "promotion": [
      {
        "techPromoId": "100861COLR",
        "promotionId": "100861",
        "promotionType": "3",
        "isPersonalized": "N",
        "publicationStartDate": "13-03-2024",
        "publicationEndDate": "26-03-2024"
      }
    ],
    "gtin": [
      "04001724015697",
      "04001724015703"
    ],
    "topCategoryName": "Diepvries",
    "topCategoryId": "129",
    "businessDomain": "RETAIL_BE",
    "IsPrivateLabel": false,
    "IsBiffe": false,
    "WeightconversionFactor": "0",
    "IsWeightArticle": false,
    "nutriscoreLabel": "C",
    "IsBio": false,
    "CountryOfOrigin": "DUITSLAND",
    "IsExclusivelySoldInLuxembourg": false,
    "OrderUnit": "P",
    "ShortName": "OETK MAMA SALAME 390G",
    "IsNew": false,
    "RecentQuanityOfStockUnits": "5,1",
    "LongName": "DR OETKER CASA DI MAMA pizza Salame 390g",
    "FicCode": "E"
  },
  {
    "productId": "30763",
    "technicalArticleNumber": "1705487",
    "commercialArticleNumber": "32830",
    "name": "aardappelkroketten met boter",
    "description": "*30-35 stuks\n*Met boter\n*3'-4' in frituurpan\n175°c",
    "brand": "BONI",
    "seoBrand": "Boni Selection",
    "thumbNail": "https://static.colruytgroup.com/images/200x200/std.lang.all/38/68/asset-2223868.jpg",
    "fullImage": "https://static.colruytgroup.com/images/500x500/std.lang.all/38/68/asset-2223868.jpg",
    "squareImage": "https://static.colruytgroup.com/images/500x500sq/std.lang.all/38/68/asset-2223868.jpg",
    "content": "1kg",
    "walkRouteSequenceNumber": 16341,
    "price": {
      "basicPrice": 2.29,
      "recommendedQuantity": "1.0",
      "measurementUnitPrice": 2.29,
      "measurementUnit": "K",
      "isRedPrice": false,
      "pricePerUOM": 2.29,
      "activationDate": "20-03-2024",
      "recordSource": "Folder",
      "isPromoActive": "N",
      "priceChangeCode": "L"
    },
    "isAvailable": true,
    "isPriceAvailable": true,
    "inPromo": false,
    "gtin": [
      "05400141430653",
      "05400141345650",
      "15400141238133",
      "15400141785064",
      "05400141088984",
      "05400141238136"
    ],
    "topCategoryName": "Diepvries",
    "topCategoryId": "129",
    "businessDomain": "RETAIL_BE",
    "IsPrivateLabel": true,
    "IsBiffe": false,
    "WeightconversionFactor": "0",
    "IsWeightArticle": false,
    "nutriscoreLabel": "C",
    "IsBio": false,
    "CountryOfOrigin": "BELGIË",
    "IsExclusivelySoldInLuxembourg": false,
    "OrderUnit": "P",
    "ShortName": "BONI KROKET BOTER 1K",
    "IsNew": false,
    "EcoscoreLabel": "C",
    "RecentQuanityOfStockUnits": "1",
    "LongName": "BONI aardappelkroketten met boter 1kg",
    "AlcoholVolume": "0",
    "FicCode": "I",
    "EcoscoreValue": "51"
  },
  {
    "productId": "47229",
    "technicalArticleNumber": "2485191",
    "commercialArticleNumber": "20235",
    "name": "topping chocolade",
    "description": "Dessertsaus met chocoladesmaak.\nLekker bij desserts, roomijs of\npannenkoeken.",
    "brand": "BONI",
    "seoBrand": "Boni Selection",
    "thumbNail": "https://static.colruytgroup.com/images/200x200/std.lang.all/13/86/asset-3421386.jpg",
    "fullImage": "https://static.colruytgroup.com/images/500x500/std.lang.all/13/86/asset-3421386.jpg",
    "squareImage": "https://static.colruytgroup.com/images/500x500sq/std.lang.all/13/86/asset-3421386.jpg",
    "content": "430ml",
    "walkRouteSequenceNumber": 17148,
    "price": {
      "basicPrice": 2.69,
      "recommendedQuantity": "1.0",
      "measurementUnitPrice": 6.26,
      "measurementUnit": "L",
      "isRedPrice": false,
      "pricePerUOM": 6.26,
      "activationDate": "13-03-2024",
      "recordSource": "Offline",
      "isPromoActive": "N",
      "priceChangeCode": "E"
    },
    "isAvailable": true,
    "isPriceAvailable": true,
    "inPromo": false,
    "gtin": [
      "05400141046434",
      "05400141276664",
      "15400141046431",
      "15400141276661",
      "15400141998549"
    ],
    "topCategoryName": "Diepvries",
    "topCategoryId": "129",
    "businessDomain": "RETAIL_BE",
    "IsPrivateLabel": true,
    "IsBiffe": false,
    "WeightconversionFactor": "0",
    "IsWeightArticle": false,
    "nutriscoreLabel": "D",
    "IsBio": false,
    "CountryOfOrigin": "BELGIË",
    "IsExclusivelySoldInLuxembourg": false,
    "OrderUnit": "P",
    "ShortName": "BONI CHOCOLA SAUS 430ML",
    "IsNew": false,
    "EcoscoreLabel": "A",
    "RecentQuanityOfStockUnits": "1,12",
    "LongName": "BONI topping chocolade 430ml",
    "AlcoholVolume": "0",
    "FicCode": "I",
    "EcoscoreValue": "86"
  },
  {
    "productId": "111979",
    "technicalArticleNumber": "3052282",
    "commercialArticleNumber": "25749",
    "name": "aardappelkroketten",
    "description": "*80 - 100 stuks\n*3'-4' in frituurpan\n175°c",
    "brand": "EVERYDAY",
    "seoBrand": "Everyday",
    "thumbNail": "https://static.colruytgroup.com/images/200x200/std.lang.all/58/10/asset-2125810.jpg",
    "fullImage": "https://static.colruytgroup.com/images/500x500/std.lang.all/58/10/asset-2125810.jpg",
    "squareImage": "https://static.colruytgroup.com/images/500x500sq/std.lang.all/58/10/asset-2125810.jpg",
    "content": "2,5kg",
    "walkRouteSequenceNumber": 16351,
    "price": {
      "basicPrice": 3.22,
      "recommendedQuantity": "1.0",
      "measurementUnitPrice": 1.29,
      "measurementUnit": "K",
      "isRedPrice": false,
      "pricePerUOM": 1.29,
      "activationDate": "23-01-2024",
      "recordSource": "Offline",
      "isPromoActive": "N",
      "priceChangeCode": "E"
    },
    "isAvailable": true,
    "isPriceAvailable": true,
    "inPromo": false,
    "gtin": [
      "05400141237658",
      "15400141233930",
      "05400141430752",
      "05400141233933",
      "05400141229165",
      "05400141164381",
      "05400141156928",
      "05400141074901"
    ],
    "topCategoryName": "Diepvries",
    "topCategoryId": "129",
    "businessDomain": "RETAIL_BE",
    "IsPrivateLabel": true,
    "IsBiffe": false,
    "WeightconversionFactor": "0",
    "IsWeightArticle": false,
    "nutriscoreLabel": "C",
    "IsBio": false,
    "CountryOfOrigin": "BELGIË",
    "IsExclusivelySoldInLuxembourg": false,
    "OrderUnit": "P",
    "ShortName": "EVD KROKETTEN 2K5",
    "IsNew": false,
    "EcoscoreLabel": "C",
    "RecentQuanityOfStockUnits": "1,4",
    "LongName": "EVERYDAY aardappelkroketten 2,5kg",
    "AlcoholVolume": "0",
    "FicCode": "I",
    "EcoscoreValue": "51"
  },
  {
    "productId": "6678",
    "technicalArticleNumber": "30281",
    "commercialArticleNumber": "30281",
    "name": "aardappelschijfjes",
    "description": "*Voorgebakken in\nzonnebloemolie",
    "brand": "BONI",
    "seoBrand": "Boni Selection",
    "thumbNail": "https://static.colruytgroup.com/images/200x200/std.lang.all/00/56/asset-3330056.jpg",
    "fullImage": "https://static.colruytgroup.com/images/500x500/std.lang.all/00/56/asset-3330056.jpg",
    "squareImage": "https://static.colruytgroup.com/images/500x500sq/std.lang.all/00/56/asset-3330056.jpg",
    "content": "1kg",
    "walkRouteSequenceNumber": 16452,
    "price": {
      "basicPrice": 1.86,
      "recommendedQuantity": "1.0",
      "measurementUnitPrice": 1.86,
      "measurementUnit": "K",
      "isRedPrice": false,
      "pricePerUOM": 1.86,
      "activationDate": "20-03-2024",
      "recordSource": "Folder",
      "isPromoActive": "N",
      "priceChangeCode": "L"
    },
    "isAvailable": true,
    "isPriceAvailable": true,
    "inPromo": false,
    "gtin": [
      "05400141430639",
      "15400141056744",
      "05400141056747",
      "05400141074888",
      "05400141156881",
      "05400141237719"
    ],
    "topCategoryName": "Diepvries",
    "topCategoryId": "129",
    "businessDomain": "RETAIL_BE",
    "IsPrivateLabel": true,
    "IsBiffe": false,
    "WeightconversionFactor": "0",
    "IsWeightArticle": false,
    "nutriscoreLabel": "B",
    "IsBio": false,
    "CountryOfOrigin": "BELGIË",
    "IsExclusivelySoldInLuxembourg": false,
    "OrderUnit": "P",
    "ShortName": "BONI AARDSCHIJFJES 1KG",
    "IsNew": false,
    "EcoscoreLabel": "A",
    "RecentQuanityOfStockUnits": "1,10",
    "LongName": "BONI aardappelschijfjes 1kg",
    "AlcoholVolume": "0",
    "FicCode": "I",
    "EcoscoreValue": "100"
  },
  {
    "productId": "1068",
    "technicalArticleNumber": "30020",
    "commercialArticleNumber": "30020",
    "name": "tomaten blokjes",
    "description": "*Tomaten in blokjes",
    "brand": "BONI",
    "seoBrand": "Boni Selection",
    "thumbNail": "https://static.colruytgroup.com/images/200x200/std.lang.all/72/84/asset-3397284.jpg",
    "fullImage": "https://static.colruytgroup.com/images/500x500/std.lang.all/72/84/asset-3397284.jpg",
    "squareImage": "https://static.colruytgroup.com/images/500x500sq/std.lang.all/72/84/asset-3397284.jpg",
    "content": "1kg",
    "walkRouteSequenceNumber": 17041,
    "price": {
      "basicPrice": 2.25,
      "recommendedQuantity": "1.0",
      "quantityPrice": 2.07,
      "quantityPriceQuantity": "3.0",
      "measurementUnitPrice": 2.25,
      "measurementUnitQuantityPrice": 2.07,
      "measurementUnit": "K",
      "isRedPrice": true,
      "redPriceReason": "Promo",
      "referencePrice": 2.59,
      "retentionPeriod": 30,
      "pricePerUOM": 2.25,
      "activationDate": "13-03-2024",
      "isPromoActive": "Y",
      "priceChangeCode": "L",
      "quantityPricePerUOM": 2.07,
      "quantityActivationDate": "13-03-2024",
      "quantityPriceChangeCode": "L"
    },
    "isAvailable": true,
    "isPriceAvailable": true,
    "inPromo": false,
    "gtin": [
      "05400141111125",
      "05400141182293",
      "05400141276176",
      "05400141305623",
      "05400141400205",
      "15400141305620",
      "15400141920687",
      "05400141145991"
    ],
    "topCategoryName": "Diepvries",
    "topCategoryId": "129",
    "businessDomain": "RETAIL_BE",
    "IsPrivateLabel": true,
    "IsBiffe": false,
    "WeightconversionFactor": "0",
    "IsWeightArticle": false,
    "nutriscoreLabel": "A",
    "IsBio": false,
    "CountryOfOrigin": "BELGIË",
    "IsExclusivelySoldInLuxembourg": false,
    "OrderUnit": "P",
    "ShortName": "BONI TOMATENBLOKJES 1K",
    "IsNew": false,
    "EcoscoreLabel": "A",
    "RecentQuanityOfStockUnits": "1,10",
    "LongName": "BONI tomaten blokjes 1kg",
    "AlcoholVolume": "0",
    "FicCode": "I",
    "EcoscoreValue": "87"
  },
  {
    "productId": "852782",
    "technicalArticleNumber": "4701136",
    "commercialArticleNumber": "31122",
    "name": "Classic",
    "brand": "OLA CORNETTO",
    "seoBrand": "Ola Cornetto",
    "thumbNail": "https://static.colruytgroup.com/images/200x200/std.lang.all/98/65/asset-3149865.jpg",
    "fullImage": "https://static.colruytgroup.com/images/500x500/std.lang.all/98/65/asset-3149865.jpg",
    "squareImage": "https://static.colruytgroup.com/images/500x500sq/std.lang.all/98/65/asset-3149865.jpg",
    "content": "5x125ml",
    "walkRouteSequenceNumber": 17220,
    "price": {
      "basicPrice": 4.99,
      "recommendedQuantity": "1.0",
      "quantityPrice": 4.79,
      "quantityPriceQuantity": "3.0",
      "measurementUnitPrice": 7.99,
      "measurementUnitQuantityPrice": 7.67,
      "measurementUnit": "L",
      "isRedPrice": false,
      "pricePerUOM": 7.99,
      "activationDate": "17-01-2024",
      "recordSource": "Offline",
      "isPromoActive": "N",
      "priceChangeCode": "H",
      "quantityPricePerUOM": 7.67,
      "quantityActivationDate": "17-01-2024",
      "quantityPriceChangeCode": "H"
    },
    "isAvailable": true,
    "isPriceAvailable": true,
    "inPromo": false,
    "gtin": [
      "08711327535893",
      "08711327535886"
    ],
    "topCategoryName": "Diepvries",
    "topCategoryId": "129",
    "businessDomain": "RETAIL_BE",
    "IsPrivateLabel": false,
    "IsBiffe": false,
    "WeightconversionFactor": "0",
    "IsWeightArticle": false,
    "nutriscoreLabel": "D",
    "IsBio": false,
    "CountryOfOrigin": "ITALIË",
    "IsExclusivelySoldInLuxembourg": false,
    "OrderUnit": "P",
    "ShortName": "OLA CORN CLASSIC5X125ML",
    "IsNew": false,
    "EcoscoreLabel": "B",
    "RecentQuanityOfStockUnits": "1,6",
    "LongName": "OLA CORNETTO Classic 5x125ml",
    "FicCode": "E",
    "EcoscoreValue": "67"
  },
  {
    "productId": "10758",
    "technicalArticleNumber": "1397634",
    "commercialArticleNumber": "30453",
    "name": "mediterrane groentenmix",
    "description": "*Samenstelling:\ntomaten, uien, rode\nen groene paprika's,\ncourgettes,\naubergines",
    "brand": "BONI",
    "seoBrand": "Boni Selection",
    "thumbNail": "https://static.colruytgroup.com/images/200x200/std.lang.all/98/07/asset-3359807.jpg",
    "fullImage": "https://static.colruytgroup.com/images/500x500/std.lang.all/98/07/asset-3359807.jpg",
    "squareImage": "https://static.colruytgroup.com/images/500x500sq/std.lang.all/98/07/asset-3359807.jpg",
    "content": "1kg",
    "walkRouteSequenceNumber": 17089,
    "price": {
      "basicPrice": 3.31,
      "recommendedQuantity": "1.0",
      "quantityPrice": 2.64,
      "quantityPriceQuantity": "3.0",
      "measurementUnitPrice": 3.31,
      "measurementUnitQuantityPrice": 2.64,
      "measurementUnit": "K",
      "isRedPrice": false,
      "pricePerUOM": 3.31,
      "activationDate": "19-03-2024",
      "recordSource": "Offline",
      "isPromoActive": "N",
      "priceChangeCode": "E",
      "quantityPricePerUOM": 2.64,
      "quantityActivationDate": "19-03-2024",
      "quantityPriceChangeCode": "L"
    },
    "isAvailable": true,
    "isPriceAvailable": true,
    "inPromo": false,
    "gtin": [
      "15400141394686",
      "15400141920700",
      "05400141394689",
      "05400141404531",
      "05400141182316"
    ],
    "topCategoryName": "Diepvries",
    "topCategoryId": "129",
    "businessDomain": "RETAIL_BE",
    "IsPrivateLabel": true,
    "IsBiffe": false,
    "WeightconversionFactor": "0",
    "IsWeightArticle": false,
    "nutriscoreLabel": "A",
    "IsBio": false,
    "CountryOfOrigin": "BELGIË",
    "IsExclusivelySoldInLuxembourg": false,
    "OrderUnit": "P",
    "ShortName": "BONI MEDITERRANE MIX 1K",
    "IsNew": false,
    "EcoscoreLabel": "A",
    "RecentQuanityOfStockUnits": "1",
    "LongName": "BONI mediterrane groentenmix 1kg",
    "AlcoholVolume": "0",
    "FicCode": "I",
    "EcoscoreValue": "96"
  },
  {
    "productId": "754233",
    "technicalArticleNumber": "4528459",
    "commercialArticleNumber": "2748",
    "name": "Franse groentenmix gekruid",
    "description": "*wortel, erwten,\nchampignons, rode\npaprika, maïs,\nzilveruitjes",
    "brand": "BONI",
    "seoBrand": "Boni Selection",
    "thumbNail": "https://static.colruytgroup.com/images/200x200/std.lang.all/03/14/asset-2770314.jpg",
    "fullImage": "https://static.colruytgroup.com/images/500x500/std.lang.all/03/14/asset-2770314.jpg",
    "squareImage": "https://static.colruytgroup.com/images/500x500sq/std.lang.all/03/14/asset-2770314.jpg",
    "content": "750g",
    "walkRouteSequenceNumber": 17116,
    "price": {
      "basicPrice": 2.99,
      "recommendedQuantity": "1.0",
      "quantityPrice": 2.75,
      "quantityPriceQuantity": "3.0",
      "measurementUnitPrice": 3.99,
      "measurementUnitQuantityPrice": 3.67,
      "measurementUnit": "K",
      "isRedPrice": false,
      "pricePerUOM": 3.99,
      "activationDate": "17-11-2023",
      "isPromoActive": "N",
      "priceChangeCode": "H",
      "quantityPricePerUOM": 3.67,
      "quantityActivationDate": "17-11-2023",
      "quantityPriceChangeCode": "H"
    },
    "isAvailable": true,
    "isPriceAvailable": true,
    "inPromo": false,
    "gtin": [
      "05400141615524",
      "15400141615521"
    ],
    "topCategoryName": "Diepvries",
    "topCategoryId": "129",
    "businessDomain": "RETAIL_BE",
    "IsPrivateLabel": true,
    "IsBiffe": false,
    "WeightconversionFactor": "0",
    "IsWeightArticle": false,
    "nutriscoreLabel": "A",
    "IsBio": false,
    "CountryOfOrigin": "BELGIË",
    "IsExclusivelySoldInLuxembourg": false,
    "OrderUnit": "P",
    "ShortName": "BONI FR.GR.MIXGEKR.750G",
    "IsNew": false,
    "EcoscoreLabel": "A",
    "RecentQuanityOfStockUnits": "1",
    "LongName": "BONI Franse groentenmix gekruid 750g",
    "FicCode": "I",
    "EcoscoreValue": "100"
  },
  {
    "productId": "431043",
    "technicalArticleNumber": "3974014",
    "commercialArticleNumber": "3416",
    "name": "kalkoenschnitzel",
    "brand": "EVERYDAY",
    "seoBrand": "Everyday",
    "thumbNail": "https://static.colruytgroup.com/images/200x200/std.lang.all/46/38/asset-3274638.jpg",
    "fullImage": "https://static.colruytgroup.com/images/500x500/std.lang.all/46/38/asset-3274638.jpg",
    "squareImage": "https://static.colruytgroup.com/images/500x500sq/std.lang.all/46/38/asset-3274638.jpg",
    "content": "8x125g",
    "walkRouteSequenceNumber": 16546,
    "price": {
      "basicPrice": 16.49,
      "recommendedQuantity": "1.0",
      "measurementUnitPrice": 16.49,
      "measurementUnit": "K",
      "isRedPrice": false,
      "pricePerUOM": 16.49,
      "activationDate": "04-01-2024",
      "isPromoActive": "N",
      "priceChangeCode": "H"
    },
    "isAvailable": true,
    "isPriceAvailable": true,
    "inPromo": false,
    "gtin": [
      "05400141107241",
      "05400141504637"
    ],
    "topCategoryName": "Diepvries",
    "topCategoryId": "129",
    "businessDomain": "RETAIL_BE",
    "IsPrivateLabel": true,
    "IsBiffe": false,
    "WeightconversionFactor": "0",
    "IsWeightArticle": false,
    "nutriscoreLabel": "A",
    "IsBio": false,
    "CountryOfOrigin": "BELGIË",
    "IsExclusivelySoldInLuxembourg": false,
    "OrderUnit": "P",
    "ShortName": "EVD KALKOENSCHNIT8X125G",
    "IsNew": false,
    "EcoscoreLabel": "D",
    "RecentQuanityOfStockUnits": "1",
    "LongName": "EVERYDAY kalkoenschnitzel 8x125g",
    "FicCode": "I",
    "EcoscoreValue": "39"
  },
  {
    "productId": "54831",
    "technicalArticleNumber": "2405422",
    "commercialArticleNumber": "7581",
    "name": "roomijs stracciatella",
    "description": "*Vanilleroomijs met\nchocoladestukjes",
    "brand": "BONI",
    "seoBrand": "Boni Selection",
    "thumbNail": "https://static.colruytgroup.com/images/200x200/std.lang.all/46/09/asset-3274609.jpg",
    "fullImage": "https://static.colruytgroup.com/images/500x500/std.lang.all/46/09/asset-3274609.jpg",
    "squareImage": "https://static.colruytgroup.com/images/500x500sq/std.lang.all/46/09/asset-3274609.jpg",
    "content": "900ml",
    "walkRouteSequenceNumber": 17161,
    "price": {
      "basicPrice": 1.79,
      "recommendedQuantity": "1.0",
      "measurementUnitPrice": 1.99,
      "measurementUnit": "L",
      "isRedPrice": false,
      "pricePerUOM": 1.99,
      "activationDate": "14-11-2023",
      "recordSource": "Offline",
      "isPromoActive": "N",
      "priceChangeCode": "E"
    },
    "isAvailable": true,
    "isPriceAvailable": true,
    "inPromo": false,
    "gtin": [
      "15400141401018",
      "05400141119541",
      "05400141163537",
      "05400141235210",
      "05400141401011",
      "15400141950905",
      "15400141903314",
      "15400141235217",
      "05400141417036",
      "05400141903317"
    ],
    "topCategoryName": "Diepvries",
    "topCategoryId": "129",
    "businessDomain": "RETAIL_BE",
    "IsPrivateLabel": true,
    "IsBiffe": false,
    "WeightconversionFactor": "0",
    "IsWeightArticle": false,
    "nutriscoreLabel": "D",
    "IsBio": false,
    "CountryOfOrigin": "BELGIË",
    "IsExclusivelySoldInLuxembourg": false,
    "OrderUnit": "P",
    "ShortName": "BONI STRACCIATELLA900ML",
    "IsNew": false,
    "EcoscoreLabel": "A",
    "RecentQuanityOfStockUnits": "6,1",
    "LongName": "BONI roomijs stracciatella 900ml",
    "AlcoholVolume": "0",
    "FicCode": "I",
    "EcoscoreValue": "100"
  },
  {
    "productId": "802977",
    "technicalArticleNumber": "4619219",
    "commercialArticleNumber": "11707",
    "name": "Ontbijt topper classic",
    "description": "*Diepvriesfruit",
    "brand": "BONI",
    "seoBrand": "Boni Selection",
    "thumbNail": "https://static.colruytgroup.com/images/200x200/std.lang.all/58/59/asset-2885859.jpg",
    "fullImage": "https://static.colruytgroup.com/images/500x500/std.lang.all/58/59/asset-2885859.jpg",
    "squareImage": "https://static.colruytgroup.com/images/500x500sq/std.lang.all/58/59/asset-2885859.jpg",
    "content": "450g",
    "walkRouteSequenceNumber": 17497,
    "price": {
      "basicPrice": 3.09,
      "recommendedQuantity": "1.0",
      "quantityPrice": 2.84,
      "quantityPriceQuantity": "3.0",
      "measurementUnitPrice": 6.87,
      "measurementUnitQuantityPrice": 6.32,
      "measurementUnit": "K",
      "isRedPrice": false,
      "pricePerUOM": 6.87,
      "activationDate": "13-03-2024",
      "isPromoActive": "N",
      "priceChangeCode": "E",
      "quantityPricePerUOM": 6.32,
      "quantityActivationDate": "13-03-2024",
      "quantityPriceChangeCode": "E"
    },
    "isAvailable": true,
    "isPriceAvailable": true,
    "inPromo": false,
    "gtin": [
      "15400141994596",
      "05400141994599"
    ],
    "topCategoryName": "Diepvries",
    "topCategoryId": "129",
    "businessDomain": "RETAIL_BE",
    "IsPrivateLabel": true,
    "IsBiffe": false,
    "WeightconversionFactor": "0",
    "IsWeightArticle": false,
    "nutriscoreLabel": "A",
    "IsBio": false,
    "CountryOfOrigin": "BELGIË",
    "IsExclusivelySoldInLuxembourg": false,
    "OrderUnit": "P",
    "ShortName": "BONI ONT.TOP.CLASS.450G",
    "IsNew": false,
    "EcoscoreLabel": "A",
    "RecentQuanityOfStockUnits": "1",
    "LongName": "BONI Ontbijt topper classic 450g",
    "FicCode": "I",
    "EcoscoreValue": "85"
  },
  {
    "productId": "766439",
    "technicalArticleNumber": "4549836",
    "commercialArticleNumber": "12725",
    "name": "rainbow",
    "description": "*4 kleuren regenboog\nijs",
    "brand": "BONI",
    "seoBrand": "Boni Selection",
    "thumbNail": "https://static.colruytgroup.com/images/200x200/std.lang.all/09/96/asset-2760996.jpg",
    "fullImage": "https://static.colruytgroup.com/images/500x500/std.lang.all/09/96/asset-2760996.jpg",
    "squareImage": "https://static.colruytgroup.com/images/500x500sq/std.lang.all/09/96/asset-2760996.jpg",
    "content": "12x40ml",
    "walkRouteSequenceNumber": 17274,
    "price": {
      "basicPrice": 1.87,
      "recommendedQuantity": "1.0",
      "quantityPrice": 1.8,
      "quantityPriceQuantity": "3.0",
      "measurementUnitPrice": 3.9,
      "measurementUnitQuantityPrice": 3.75,
      "measurementUnit": "L",
      "isRedPrice": false,
      "pricePerUOM": 3.9,
      "activationDate": "14-02-2024",
      "recordSource": "Offline",
      "isPromoActive": "N",
      "priceChangeCode": "H",
      "quantityPricePerUOM": 3.75,
      "quantityActivationDate": "14-02-2024",
      "quantityPriceChangeCode": "H"
    },
    "isAvailable": true,
    "isPriceAvailable": true,
    "inPromo": false,
    "gtin": [
      "05400141636260",
      "15400141636267"
    ],
    "topCategoryName": "Diepvries",
    "topCategoryId": "129",
    "businessDomain": "RETAIL_BE",
    "IsPrivateLabel": true,
    "IsBiffe": false,
    "WeightconversionFactor": "0",
    "IsWeightArticle": false,
    "nutriscoreLabel": "C",
    "IsBio": false,
    "CountryOfOrigin": "NEDERLAND",
    "IsExclusivelySoldInLuxembourg": false,
    "OrderUnit": "P",
    "ShortName": "BONI RAINBOW 12X40ML",
    "IsNew": false,
    "EcoscoreLabel": "B",
    "RecentQuanityOfStockUnits": "1,10",
    "LongName": "BONI rainbow 12x40ml",
    "FicCode": "I",
    "EcoscoreValue": "73"
  },
  {
    "productId": "54336",
    "technicalArticleNumber": "2456546",
    "commercialArticleNumber": "26037",
    "name": "groene soepmix",
    "description": "*Samenstelling:\nbroccoli, preigroen,\nui, prinsessenbonen,\ncourgette",
    "brand": "BONI",
    "seoBrand": "Boni Selection",
    "thumbNail": "https://static.colruytgroup.com/images/200x200/std.lang.all/12/48/asset-731248.jpg",
    "fullImage": "https://static.colruytgroup.com/images/500x500/std.lang.all/12/48/asset-731248.jpg",
    "squareImage": "https://static.colruytgroup.com/images/500x500sq/std.lang.all/12/48/asset-731248.jpg",
    "content": "1kg",
    "walkRouteSequenceNumber": 17092,
    "price": {
      "basicPrice": 2.49,
      "recommendedQuantity": "1.0",
      "quantityPrice": 2.29,
      "quantityPriceQuantity": "3.0",
      "measurementUnitPrice": 2.49,
      "measurementUnitQuantityPrice": 2.29,
      "measurementUnit": "K",
      "isRedPrice": false,
      "pricePerUOM": 2.49,
      "activationDate": "15-01-2024",
      "recordSource": "Offline",
      "isPromoActive": "N",
      "priceChangeCode": "E",
      "quantityPricePerUOM": 2.29,
      "quantityActivationDate": "15-01-2024",
      "quantityPriceChangeCode": "H"
    },
    "isAvailable": true,
    "isPriceAvailable": true,
    "inPromo": false,
    "gtin": [
      "05400141214123",
      "05400141252644",
      "05400141260373",
      "05400141421729",
      "15400141855804",
      "15400141421726",
      "05400141146820"
    ],
    "topCategoryName": "Diepvries",
    "topCategoryId": "129",
    "businessDomain": "RETAIL_BE",
    "IsPrivateLabel": true,
    "IsBiffe": false,
    "WeightconversionFactor": "0",
    "IsWeightArticle": false,
    "nutriscoreLabel": "A",
    "IsBio": false,
    "CountryOfOrigin": "BELGIË",
    "IsExclusivelySoldInLuxembourg": false,
    "OrderUnit": "P",
    "ShortName": "BONI SOEP GROEN 1K",
    "IsNew": false,
    "EcoscoreLabel": "A",
    "RecentQuanityOfStockUnits": "1",
    "LongName": "BONI groene soepmix 1kg",
    "AlcoholVolume": "0",
    "FicCode": "I",
    "EcoscoreValue": "84"
  },
  {
    "productId": "433929",
    "technicalArticleNumber": "3973933",
    "commercialArticleNumber": "3412",
    "name": "Sandwiches 15st",
    "description": "*Ontdooid product\nmag niet meer worden ingevroren",
    "brand": "BONI",
    "seoBrand": "Boni Selection",
    "thumbNail": "https://static.colruytgroup.com/images/200x200/std.lang.all/42/50/asset-1674250.jpg",
    "fullImage": "https://static.colruytgroup.com/images/500x500/std.lang.all/42/50/asset-1674250.jpg",
    "squareImage": "https://static.colruytgroup.com/images/500x500sq/std.lang.all/42/50/asset-1674250.jpg",
    "content": "675g",
    "walkRouteSequenceNumber": 17877,
    "price": {
      "basicPrice": 3.89,
      "recommendedQuantity": "1.0",
      "quantityPrice": 3.73,
      "quantityPriceQuantity": "3.0",
      "measurementUnitPrice": 5.77,
      "measurementUnitQuantityPrice": 5.53,
      "measurementUnit": "K",
      "isRedPrice": false,
      "pricePerUOM": 5.77,
      "activationDate": "04-01-2024",
      "isPromoActive": "N",
      "priceChangeCode": "H",
      "quantityPricePerUOM": 5.53,
      "quantityActivationDate": "04-01-2024",
      "quantityPriceChangeCode": "H"
    },
    "isAvailable": true,
    "isPriceAvailable": true,
    "inPromo": false,
    "gtin": [
      "05400141624090",
      "05400141113808",
      "15400141241270",
      "05400141241273"
    ],
    "topCategoryName": "Diepvries",
    "topCategoryId": "129",
    "businessDomain": "RETAIL_BE",
    "IsPrivateLabel": true,
    "IsBiffe": false,
    "WeightconversionFactor": "0",
    "IsWeightArticle": false,
    "nutriscoreLabel": "D",
    "IsBio": false,
    "CountryOfOrigin": "BELGIË",
    "IsExclusivelySoldInLuxembourg": false,
    "OrderUnit": "P",
    "ShortName": "BONI SANDWICH 15ST 675G",
    "IsNew": false,
    "EcoscoreLabel": "B",
    "RecentQuanityOfStockUnits": "1",
    "LongName": "BONI Sandwiches 15st 675g",
    "FicCode": "I",
    "EcoscoreValue": "77"
  },
  {
    "productId": "3960",
    "technicalArticleNumber": "1005726",
    "commercialArticleNumber": "30701",
    "name": "keizerbroodjes",
    "description": "*12-14 minuten in de\noven",
    "brand": "BONI",
    "seoBrand": "Boni Selection",
    "thumbNail": "https://static.colruytgroup.com/images/200x200/std.lang.all/11/47/asset-2441147.jpg",
    "fullImage": "https://static.colruytgroup.com/images/500x500/std.lang.all/11/47/asset-2441147.jpg",
    "squareImage": "https://static.colruytgroup.com/images/500x500sq/std.lang.all/11/47/asset-2441147.jpg",
    "content": "12st",
    "walkRouteSequenceNumber": 17894,
    "price": {
      "basicPrice": 4.29,
      "recommendedQuantity": "1.0",
      "quantityPrice": 3.95,
      "quantityPriceQuantity": "3.0",
      "measurementUnitPrice": 5.96,
      "measurementUnitQuantityPrice": 5.49,
      "measurementUnit": "K",
      "isRedPrice": false,
      "pricePerUOM": 5.96,
      "activationDate": "04-01-2024",
      "isPromoActive": "N",
      "priceChangeCode": "H",
      "quantityPricePerUOM": 5.49,
      "quantityActivationDate": "04-01-2024",
      "quantityPriceChangeCode": "H"
    },
    "isAvailable": true,
    "isPriceAvailable": true,
    "inPromo": false,
    "gtin": [
      "05400141358049",
      "15400141960508",
      "05400141607017",
      "05400141507010",
      "15400141358046",
      "05400141181043",
      "05400141075311"
    ],
    "topCategoryName": "Diepvries",
    "topCategoryId": "129",
    "businessDomain": "RETAIL_BE",
    "IsPrivateLabel": true,
    "IsBiffe": false,
    "WeightconversionFactor": "0",
    "IsWeightArticle": false,
    "nutriscoreLabel": "C",
    "IsBio": false,
    "CountryOfOrigin": "DUITSLAND",
    "IsExclusivelySoldInLuxembourg": false,
    "OrderUnit": "P",
    "ShortName": "BONI KEIZERSBROOD 12ST",
    "IsNew": false,
    "EcoscoreLabel": "B",
    "RecentQuanityOfStockUnits": "1,10",
    "LongName": "BONI keizerbroodjes 12st",
    "AlcoholVolume": "0",
    "FicCode": "I",
    "EcoscoreValue": "77"
  },
  {
    "productId": "852966",
    "technicalArticleNumber": "4701554",
    "commercialArticleNumber": "31154",
    "name": "Kombinos Tomaat MozzarellaMSC",
    "description": "*6 porties Alaska\npollak met tomaat\nmozzarellasaus\ngepaneerd\n*MSC",
    "brand": "IGLO",
    "seoBrand": "Iglo",
    "thumbNail": "https://static.colruytgroup.com/images/200x200/std.lang.all/88/82/asset-3138882.jpg",
    "fullImage": "https://static.colruytgroup.com/images/500x500/std.lang.all/88/82/asset-3138882.jpg",
    "squareImage": "https://static.colruytgroup.com/images/500x500sq/std.lang.all/88/82/asset-3138882.jpg",
    "content": "600g",
    "walkRouteSequenceNumber": 16903,
    "price": {
      "basicPrice": 8.99,
      "recommendedQuantity": "1.0",
      "quantityPrice": 8.63,
      "quantityPriceQuantity": "3.0",
      "measurementUnitPrice": 14.99,
      "measurementUnitQuantityPrice": 14.39,
      "measurementUnit": "K",
      "isRedPrice": false,
      "pricePerUOM": 14.99,
      "activationDate": "02-03-2024",
      "recordSource": "Offline",
      "isPromoActive": "N",
      "priceChangeCode": "E",
      "quantityPricePerUOM": 14.39,
      "quantityActivationDate": "02-03-2024",
      "quantityPriceChangeCode": "E"
    },
    "isAvailable": true,
    "isPriceAvailable": true,
    "inPromo": false,
    "gtin": [
      "05414807606979",
      "05414807007882"
    ],
    "topCategoryName": "Diepvries",
    "topCategoryId": "129",
    "businessDomain": "RETAIL_BE",
    "IsPrivateLabel": false,
    "IsBiffe": false,
    "WeightconversionFactor": "0",
    "IsWeightArticle": false,
    "nutriscoreLabel": "B",
    "IsBio": false,
    "CountryOfOrigin": "DUITSLAND",
    "IsExclusivelySoldInLuxembourg": false,
    "OrderUnit": "P",
    "ShortName": "IGLO KOMB.TOM/MOZZ 600G",
    "IsNew": false,
    "RecentQuanityOfStockUnits": "1",
    "LongName": "IGLO Kombinos Tomaat MozzarellaMSC 600g",
    "FicCode": "E"
  },
  {
    "productId": "496159",
    "technicalArticleNumber": "4047222",
    "commercialArticleNumber": "6514",
    "name": "profiteroles",
    "description": "*Belgisch product",
    "brand": "BONI",
    "seoBrand": "Boni Selection",
    "thumbNail": "https://static.colruytgroup.com/images/200x200/std.lang.all/12/27/asset-2551227.jpg",
    "fullImage": "https://static.colruytgroup.com/images/500x500/std.lang.all/12/27/asset-2551227.jpg",
    "squareImage": "https://static.colruytgroup.com/images/500x500sq/std.lang.all/12/27/asset-2551227.jpg",
    "content": "400g",
    "walkRouteSequenceNumber": 17473,
    "price": {
      "basicPrice": 2.69,
      "recommendedQuantity": "1.0",
      "quantityPrice": 2.58,
      "quantityPriceQuantity": "3.0",
      "measurementUnitPrice": 6.73,
      "measurementUnitQuantityPrice": 6.45,
      "measurementUnit": "K",
      "isRedPrice": false,
      "pricePerUOM": 6.73,
      "activationDate": "18-01-2024",
      "recordSource": "Offline",
      "isPromoActive": "N",
      "priceChangeCode": "E",
      "quantityPricePerUOM": 6.45,
      "quantityActivationDate": "18-01-2024",
      "quantityPriceChangeCode": "H"
    },
    "isAvailable": true,
    "isPriceAvailable": true,
    "inPromo": false,
    "gtin": [
      "05400141257397",
      "15400141257394"
    ],
    "topCategoryName": "Diepvries",
    "topCategoryId": "129",
    "businessDomain": "RETAIL_BE",
    "IsPrivateLabel": true,
    "IsBiffe": false,
    "WeightconversionFactor": "0",
    "IsWeightArticle": false,
    "nutriscoreLabel": "D",
    "IsBio": false,
    "CountryOfOrigin": "BELGIË",
    "IsExclusivelySoldInLuxembourg": false,
    "OrderUnit": "P",
    "ShortName": "BONI S.PROFITEROLES400G",
    "IsNew": false,
    "EcoscoreLabel": "B",
    "RecentQuanityOfStockUnits": "1,6",
    "LongName": "BONI profiteroles 400g",
    "AlcoholVolume": "0",
    "FicCode": "I",
    "EcoscoreValue": "68"
  },
  {
    "productId": "188498",
    "technicalArticleNumber": "3447044",
    "commercialArticleNumber": "30561",
    "name": "roomijs salted caramel",
    "description": "*Slagroomijs (40%)\nen karamel met\ngezouten boter\nroomijs (40%)",
    "brand": "BONI",
    "seoBrand": "Boni Selection",
    "thumbNail": "https://static.colruytgroup.com/images/200x200/std.lang.all/93/39/asset-2559339.jpg",
    "fullImage": "https://static.colruytgroup.com/images/500x500/std.lang.all/93/39/asset-2559339.jpg",
    "squareImage": "https://static.colruytgroup.com/images/500x500sq/std.lang.all/93/39/asset-2559339.jpg",
    "content": "900ml",
    "walkRouteSequenceNumber": 17162,
    "price": {
      "basicPrice": 2.06,
      "recommendedQuantity": "1.0",
      "measurementUnitPrice": 2.29,
      "measurementUnit": "L",
      "isRedPrice": false,
      "pricePerUOM": 2.29,
      "activationDate": "22-01-2024",
      "recordSource": "Offline",
      "isPromoActive": "N",
      "priceChangeCode": "E"
    },
    "isAvailable": true,
    "isPriceAvailable": true,
    "inPromo": false,
    "gtin": [
      "15400141401056",
      "05400141903003",
      "05400141209761",
      "05400141235166",
      "15400141853695",
      "15400141261025",
      "05400141261028",
      "05400141377958",
      "05400141401059",
      "15400141903000"
    ],
    "topCategoryName": "Diepvries",
    "topCategoryId": "129",
    "businessDomain": "RETAIL_BE",
    "IsPrivateLabel": true,
    "IsBiffe": false,
    "WeightconversionFactor": "0",
    "IsWeightArticle": false,
    "nutriscoreLabel": "E",
    "IsBio": false,
    "CountryOfOrigin": "BELGIË",
    "IsExclusivelySoldInLuxembourg": false,
    "OrderUnit": "P",
    "ShortName": "BONI SAL.CARAMEL 900ML",
    "IsNew": false,
    "EcoscoreLabel": "B",
    "RecentQuanityOfStockUnits": "1,6",
    "LongName": "BONI roomijs salted caramel 900ml",
    "AlcoholVolume": "0",
    "FicCode": "I",
    "EcoscoreValue": "79"
  },
  {
    "productId": "830530",
    "technicalArticleNumber": "4670124",
    "commercialArticleNumber": "1839",
    "name": "Airfryer Klassiek frieten",
    "brand": "MCCAIN",
    "seoBrand": "Mccain",
    "thumbNail": "https://static.colruytgroup.com/images/200x200/std.lang.all/90/32/asset-2959032.jpg",
    "fullImage": "https://static.colruytgroup.com/images/500x500/std.lang.all/90/32/asset-2959032.jpg",
    "squareImage": "https://static.colruytgroup.com/images/500x500sq/std.lang.all/90/32/asset-2959032.jpg",
    "content": "600g",
    "walkRouteSequenceNumber": 16406,
    "price": {
      "basicPrice": 4.95,
      "recommendedQuantity": "1.0",
      "quantityPrice": 2.54,
      "quantityPriceQuantity": "2.0",
      "measurementUnitPrice": 8.25,
      "measurementUnitQuantityPrice": 4.24,
      "measurementUnit": "K",
      "isRedPrice": false,
      "pricePerUOM": 8.25,
      "activationDate": "20-03-2024",
      "recordSource": "Offline",
      "isPromoActive": "N",
      "priceChangeCode": "H",
      "quantityPricePerUOM": 4.24,
      "quantityActivationDate": "20-03-2024",
      "quantityPriceChangeCode": "L"
    },
    "isAvailable": true,
    "isPriceAvailable": true,
    "inPromo": false,
    "gtin": [
      "08710438125085",
      "08710438125092"
    ],
    "topCategoryName": "Diepvries",
    "topCategoryId": "129",
    "businessDomain": "RETAIL_BE",
    "IsPrivateLabel": false,
    "IsBiffe": false,
    "WeightconversionFactor": "0",
    "IsWeightArticle": false,
    "nutriscoreLabel": "A",
    "IsBio": false,
    "CountryOfOrigin": "BELGIË",
    "IsExclusivelySoldInLuxembourg": false,
    "OrderUnit": "P",
    "ShortName": "MACC AIRFRY.KLA.FRI600G",
    "IsNew": false,
    "EcoscoreLabel": "B",
    "RecentQuanityOfStockUnits": "1",
    "LongName": "MCCAIN Airfryer Klassiek frieten 600g",
    "FicCode": "E",
    "EcoscoreValue": "71"
  },
  {
    "productId": "211038",
    "technicalArticleNumber": "3524212",
    "commercialArticleNumber": "33317",
    "name": "bitterballen Excellent ±40st",
    "description": "*7% rundvlees\n*in de frituurpan",
    "brand": "MORA",
    "seoBrand": "Mora",
    "thumbNail": "https://static.colruytgroup.com/images/200x200/std.lang.all/27/87/asset-2112787.jpg",
    "fullImage": "https://static.colruytgroup.com/images/500x500/std.lang.all/27/87/asset-2112787.jpg",
    "squareImage": "https://static.colruytgroup.com/images/500x500sq/std.lang.all/27/87/asset-2112787.jpg",
    "content": "800g",
    "walkRouteSequenceNumber": 17532,
    "price": {
      "basicPrice": 4.99,
      "recommendedQuantity": "1.0",
      "quantityPrice": 4.79,
      "quantityPriceQuantity": "3.0",
      "measurementUnitPrice": 6.24,
      "measurementUnitQuantityPrice": 5.99,
      "measurementUnit": "K",
      "isRedPrice": false,
      "pricePerUOM": 6.24,
      "activationDate": "13-03-2024",
      "recordSource": "Offline",
      "isPromoActive": "N",
      "priceChangeCode": "E",
      "quantityPricePerUOM": 5.99,
      "quantityActivationDate": "13-03-2024",
      "quantityPriceChangeCode": "E"
    },
    "isAvailable": true,
    "isPriceAvailable": true,
    "inPromo": false,
    "gtin": [
      "08710861086052",
      "08710861986055"
    ],
    "topCategoryName": "Diepvries",
    "topCategoryId": "129",
    "businessDomain": "RETAIL_BE",
    "IsPrivateLabel": false,
    "IsBiffe": false,
    "WeightconversionFactor": "0",
    "IsWeightArticle": false,
    "nutriscoreLabel": "D",
    "IsBio": false,
    "CountryOfOrigin": "NEDERLAND",
    "IsExclusivelySoldInLuxembourg": false,
    "OrderUnit": "P",
    "ShortName": "MORA EX BITTERBAL 40ST",
    "IsNew": false,
    "EcoscoreLabel": "E",
    "RecentQuanityOfStockUnits": "1,12",
    "LongName": "MORA bitterballen Excellent ±40st 800g",
    "AlcoholVolume": "0",
    "FicCode": "E",
    "EcoscoreValue": "0"
  },
  {
    "productId": "855210",
    "technicalArticleNumber": "4704488",
    "commercialArticleNumber": "31306",
    "name": "duchesses",
    "brand": "BELVIVA",
    "seoBrand": "Belviva",
    "thumbNail": "https://static.colruytgroup.com/images/200x200/std.lang.all/32/76/asset-3193276.jpg",
    "fullImage": "https://static.colruytgroup.com/images/500x500/std.lang.all/32/76/asset-3193276.jpg",
    "squareImage": "https://static.colruytgroup.com/images/500x500sq/std.lang.all/32/76/asset-3193276.jpg",
    "content": "600g",
    "walkRouteSequenceNumber": 16427,
    "price": {
      "basicPrice": 3.49,
      "recommendedQuantity": "1.0",
      "measurementUnitPrice": 5.82,
      "measurementUnit": "K",
      "isRedPrice": false,
      "pricePerUOM": 5.82,
      "activationDate": "23-03-2024",
      "recordSource": "Online",
      "isPromoActive": "N",
      "priceChangeCode": "E"
    },
    "isAvailable": true,
    "isPriceAvailable": true,
    "inPromo": false,
    "gtin": [
      "05414807007943",
      "05414807607037"
    ],
    "topCategoryName": "Diepvries",
    "topCategoryId": "129",
    "businessDomain": "RETAIL_BE",
    "IsPrivateLabel": false,
    "IsBiffe": false,
    "WeightconversionFactor": "0",
    "IsWeightArticle": false,
    "nutriscoreLabel": "B",
    "IsBio": false,
    "CountryOfOrigin": "BELGIË",
    "IsExclusivelySoldInLuxembourg": false,
    "OrderUnit": "P",
    "ShortName": "BELV.POM DUCHE 600G",
    "IsNew": false,
    "RecentQuanityOfStockUnits": "1",
    "LongName": "BELVIVA duchesses 600g",
    "FicCode": "E"
  },
  {
    "productId": "285110",
    "technicalArticleNumber": "3660304",
    "commercialArticleNumber": "30191",
    "name": "kebab voorgebakken",
    "description": "*Voorgegrilde kip-\nen rundskebab\n*België\n*5 min. in de pan\n*Niet ontdooien",
    "brand": "BONI",
    "seoBrand": "Boni Selection",
    "thumbNail": "https://static.colruytgroup.com/images/200x200/std.lang.all/00/38/asset-2330038.jpg",
    "fullImage": "https://static.colruytgroup.com/images/500x500/std.lang.all/00/38/asset-2330038.jpg",
    "squareImage": "https://static.colruytgroup.com/images/500x500sq/std.lang.all/00/38/asset-2330038.jpg",
    "content": "1kg",
    "walkRouteSequenceNumber": 16544,
    "price": {
      "basicPrice": 12.55,
      "recommendedQuantity": "1.0",
      "quantityPrice": 11.55,
      "quantityPriceQuantity": "3.0",
      "measurementUnitPrice": 12.55,
      "measurementUnitQuantityPrice": 11.55,
      "measurementUnit": "K",
      "isRedPrice": false,
      "pricePerUOM": 12.55,
      "activationDate": "02-11-2023",
      "isPromoActive": "N",
      "priceChangeCode": "H",
      "quantityPricePerUOM": 11.55,
      "quantityActivationDate": "02-11-2023",
      "quantityPriceChangeCode": "H"
    },
    "isAvailable": true,
    "isPriceAvailable": true,
    "inPromo": false,
    "gtin": [
      "05400141401530",
      "15400141004400",
      "05400141081619",
      "05400141004403",
      "15400141081616"
    ],
    "topCategoryName": "Diepvries",
    "topCategoryId": "129",
    "businessDomain": "RETAIL_BE",
    "IsPrivateLabel": true,
    "IsBiffe": false,
    "WeightconversionFactor": "0",
    "IsWeightArticle": false,
    "nutriscoreLabel": "E",
    "IsBio": false,
    "CountryOfOrigin": "BELGIË",
    "IsExclusivelySoldInLuxembourg": false,
    "OrderUnit": "P",
    "ShortName": "BONI KEBAB 1K",
    "IsNew": false,
    "EcoscoreLabel": "C",
    "RecentQuanityOfStockUnits": "1",
    "LongName": "BONI kebab voorgebakken 1kg",
    "AlcoholVolume": "0",
    "FicCode": "I",
    "EcoscoreValue": "52"
  },
  {
    "productId": "471876",
    "technicalArticleNumber": "4062643",
    "commercialArticleNumber": "7021",
    "name": "dame blanche cups",
    "description": "*4bekertjes gevuld met\nroomijs met vanillesmaak\ngedecoreerd met\ncacaosaus en\nchocoladekrullen",
    "brand": "BONI",
    "seoBrand": "Boni Selection",
    "thumbNail": "https://static.colruytgroup.com/images/200x200/std.lang.all/38/26/asset-3343826.jpg",
    "fullImage": "https://static.colruytgroup.com/images/500x500/std.lang.all/38/26/asset-3343826.jpg",
    "squareImage": "https://static.colruytgroup.com/images/500x500sq/std.lang.all/38/26/asset-3343826.jpg",
    "content": "4x135ml",
    "walkRouteSequenceNumber": 17296,
    "price": {
      "basicPrice": 2.35,
      "recommendedQuantity": "1.0",
      "measurementUnitPrice": 4.36,
      "measurementUnit": "L",
      "isRedPrice": false,
      "pricePerUOM": 4.36,
      "activationDate": "23-11-2023",
      "recordSource": "Offline",
      "isPromoActive": "N",
      "priceChangeCode": "E"
    },
    "isAvailable": true,
    "isPriceAvailable": true,
    "inPromo": false,
    "gtin": [
      "15400141702047",
      "05400141266610",
      "05400141702040",
      "15400141266617"
    ],
    "topCategoryName": "Diepvries",
    "topCategoryId": "129",
    "businessDomain": "RETAIL_BE",
    "IsPrivateLabel": true,
    "IsBiffe": false,
    "WeightconversionFactor": "0",
    "IsWeightArticle": false,
    "nutriscoreLabel": "D",
    "IsBio": false,
    "CountryOfOrigin": "BELGIË",
    "IsExclusivelySoldInLuxembourg": false,
    "OrderUnit": "P",
    "ShortName": "BONI DAME BLAN.CUP4X135",
    "IsNew": false,
    "EcoscoreLabel": "A",
    "RecentQuanityOfStockUnits": "1,9",
    "LongName": "BONI dame blanche cups 4x135ml",
    "FicCode": "I",
    "EcoscoreValue": "88"
  },
  {
    "productId": "1066",
    "technicalArticleNumber": "30016",
    "commercialArticleNumber": "30016",
    "name": "groenten couscous",
    "description": "*Samenstelling:\nwortelen, courgettes\nrapen, kikkererwten,\nselder, uien,\npaprika, kerstomaat",
    "brand": "BONI",
    "seoBrand": "Boni Selection",
    "thumbNail": "https://static.colruytgroup.com/images/200x200/std.lang.all/10/61/asset-2181061.jpg",
    "fullImage": "https://static.colruytgroup.com/images/500x500/std.lang.all/10/61/asset-2181061.jpg",
    "squareImage": "https://static.colruytgroup.com/images/500x500sq/std.lang.all/10/61/asset-2181061.jpg",
    "content": "1kg",
    "walkRouteSequenceNumber": 17120,
    "price": {
      "basicPrice": 2.49,
      "recommendedQuantity": "1.0",
      "quantityPrice": 1.76,
      "quantityPriceQuantity": "3.0",
      "measurementUnitPrice": 2.49,
      "measurementUnitQuantityPrice": 1.76,
      "measurementUnit": "K",
      "isRedPrice": false,
      "pricePerUOM": 2.49,
      "activationDate": "19-03-2024",
      "recordSource": "Offline",
      "isPromoActive": "N",
      "priceChangeCode": "E",
      "quantityPricePerUOM": 1.76,
      "quantityActivationDate": "19-03-2024",
      "quantityPriceChangeCode": "L"
    },
    "isAvailable": true,
    "isPriceAvailable": true,
    "inPromo": false,
    "gtin": [
      "05400141504569",
      "05400141007152",
      "05400141096170",
      "05400141160048",
      "05400141162639",
      "05400141252668",
      "05400141392937",
      "05400141500165",
      "15400141855828",
      "05400141700824"
    ],
    "topCategoryName": "Diepvries",
    "topCategoryId": "129",
    "businessDomain": "RETAIL_BE",
    "IsPrivateLabel": true,
    "IsBiffe": false,
    "WeightconversionFactor": "0",
    "IsWeightArticle": false,
    "nutriscoreLabel": "A",
    "IsBio": false,
    "CountryOfOrigin": "BELGIË",
    "IsExclusivelySoldInLuxembourg": false,
    "OrderUnit": "P",
    "ShortName": "BONI COUSCOUSGROENTEN1K",
    "IsNew": false,
    "EcoscoreLabel": "A",
    "RecentQuanityOfStockUnits": "1,10",
    "LongName": "BONI groenten couscous 1kg",
    "AlcoholVolume": "0",
    "FicCode": "I",
    "EcoscoreValue": "100"
  },
  {
    "productId": "4506",
    "technicalArticleNumber": "30364",
    "commercialArticleNumber": "30364",
    "name": "chixfingers kip ±35st",
    "description": "*Met 13% kippenvlees\n14% kalkoenvlees\n*In de frituurpan,\noven, grill",
    "brand": "MORA",
    "seoBrand": "Mora",
    "thumbNail": "https://static.colruytgroup.com/images/200x200/std.lang.all/84/76/asset-1648476.jpg",
    "fullImage": "https://static.colruytgroup.com/images/500x500/std.lang.all/84/76/asset-1648476.jpg",
    "squareImage": "https://static.colruytgroup.com/images/500x500sq/std.lang.all/84/76/asset-1648476.jpg",
    "content": "550g",
    "walkRouteSequenceNumber": 17533,
    "price": {
      "basicPrice": 9.59,
      "recommendedQuantity": "1.0",
      "quantityPrice": 8.82,
      "quantityPriceQuantity": "3.0",
      "measurementUnitPrice": 17.44,
      "measurementUnitQuantityPrice": 16.04,
      "measurementUnit": "K",
      "isRedPrice": false,
      "pricePerUOM": 17.44,
      "activationDate": "20-02-2024",
      "recordSource": "Offline",
      "isPromoActive": "N",
      "priceChangeCode": "E",
      "quantityPricePerUOM": 16.04,
      "quantityActivationDate": "20-02-2024",
      "quantityPriceChangeCode": "H"
    },
    "isAvailable": true,
    "isPriceAvailable": true,
    "inPromo": false,
    "gtin": [
      "05410341072287",
      "05410341072386"
    ],
    "topCategoryName": "Diepvries",
    "topCategoryId": "129",
    "businessDomain": "RETAIL_BE",
    "IsPrivateLabel": false,
    "IsBiffe": false,
    "WeightconversionFactor": "0",
    "IsWeightArticle": false,
    "nutriscoreLabel": "D",
    "IsBio": false,
    "CountryOfOrigin": "NEDERLAND",
    "IsExclusivelySoldInLuxembourg": false,
    "OrderUnit": "P",
    "ShortName": "MORA CHIXFINGERS 550 G",
    "IsNew": false,
    "EcoscoreLabel": "E",
    "RecentQuanityOfStockUnits": "10,1",
    "LongName": "MORA chixfingers kip ±35st 550g",
    "AlcoholVolume": "0",
    "FicCode": "E",
    "EcoscoreValue": "16"
  },
  {
    "productId": "9863",
    "technicalArticleNumber": "1346902",
    "commercialArticleNumber": "30491",
    "name": "paella royale",
    "description": "*46% rijst,12% kip,\n7% koolvis, 10%\nzeevruchten, 5%\nchorizo, groenten\n*In de pan",
    "brand": "EVERYDAY",
    "seoBrand": "Everyday",
    "thumbNail": "https://static.colruytgroup.com/images/200x200/std.lang.all/90/26/asset-2959026.jpg",
    "fullImage": "https://static.colruytgroup.com/images/500x500/std.lang.all/90/26/asset-2959026.jpg",
    "squareImage": "https://static.colruytgroup.com/images/500x500sq/std.lang.all/90/26/asset-2959026.jpg",
    "content": "1,5kg",
    "walkRouteSequenceNumber": 16528,
    "price": {
      "basicPrice": 5.18,
      "recommendedQuantity": "1.0",
      "measurementUnitPrice": 3.46,
      "measurementUnit": "K",
      "isRedPrice": false,
      "pricePerUOM": 3.46,
      "activationDate": "20-03-2024",
      "recordSource": "Offline",
      "isPromoActive": "N",
      "priceChangeCode": "H"
    },
    "isAvailable": true,
    "isPriceAvailable": true,
    "inPromo": false,
    "gtin": [
      "05400141910292",
      "15400141387053",
      "05400141387056",
      "05400141180411",
      "05400141075700",
      "15400141960287"
    ],
    "topCategoryName": "Diepvries",
    "topCategoryId": "129",
    "businessDomain": "RETAIL_BE",
    "IsPrivateLabel": true,
    "IsBiffe": false,
    "WeightconversionFactor": "0",
    "IsWeightArticle": false,
    "nutriscoreLabel": "C",
    "IsBio": false,
    "CountryOfOrigin": "BELGIË",
    "IsExclusivelySoldInLuxembourg": false,
    "OrderUnit": "P",
    "ShortName": "EVD PAELLA ROYAL 1.5 KG",
    "IsNew": false,
    "EcoscoreLabel": "D",
    "RecentQuanityOfStockUnits": "1,1",
    "LongName": "EVERYDAY paella royale 1,5kg",
    "AlcoholVolume": "0",
    "FicCode": "I",
    "EcoscoreValue": "33"
  },
  {
    "productId": "139228",
    "technicalArticleNumber": "3199896",
    "commercialArticleNumber": "43033",
    "name": "calamari fritti 50-90st",
    "description": "*Wild, zuid-\nwestelijk deel van\nde Atlantische\noceaan\n*50-90 stuks",
    "brand": "BONI",
    "seoBrand": "Boni Selection",
    "thumbNail": "https://static.colruytgroup.com/images/200x200/std.lang.all/11/34/asset-3311134.jpg",
    "fullImage": "https://static.colruytgroup.com/images/500x500/std.lang.all/11/34/asset-3311134.jpg",
    "squareImage": "https://static.colruytgroup.com/images/500x500sq/std.lang.all/11/34/asset-3311134.jpg",
    "content": "1kg",
    "walkRouteSequenceNumber": 16739,
    "price": {
      "basicPrice": 7.79,
      "recommendedQuantity": "1.0",
      "measurementUnitPrice": 7.79,
      "measurementUnit": "K",
      "isRedPrice": false,
      "pricePerUOM": 7.79,
      "activationDate": "04-01-2024",
      "recordSource": "Offline",
      "isPromoActive": "N",
      "priceChangeCode": "H"
    },
    "isAvailable": true,
    "isPriceAvailable": true,
    "inPromo": false,
    "gtin": [
      "15400141794752",
      "15400141319702",
      "05400141417159",
      "05400141319705",
      "05400141224054",
      "05400141376883",
      "05400141182880",
      "15400141443711",
      "05400141443714"
    ],
    "topCategoryName": "Diepvries",
    "topCategoryId": "129",
    "businessDomain": "RETAIL_BE",
    "IsPrivateLabel": true,
    "IsBiffe": false,
    "WeightconversionFactor": "0",
    "IsWeightArticle": false,
    "nutriscoreLabel": "C",
    "IsBio": false,
    "CountryOfOrigin": "SPANJE",
    "IsExclusivelySoldInLuxembourg": false,
    "OrderUnit": "P",
    "ShortName": "BONI CALMAR FRITTI 1K",
    "IsNew": false,
    "EcoscoreLabel": "E",
    "RecentQuanityOfStockUnits": "1,1,8",
    "LongName": "BONI calamari fritti 50-90st 1kg",
    "AlcoholVolume": "0",
    "FicCode": "I",
    "EcoscoreValue": "19"
  },
  {
    "productId": "505078",
    "technicalArticleNumber": "4058330",
    "commercialArticleNumber": "6693",
    "name": "Oven rundvleesbitterballen",
    "description": "*Oven\n*Diepvriessnack\n*Smeurig ragout",
    "brand": "MORA",
    "seoBrand": "Mora",
    "thumbNail": "https://static.colruytgroup.com/images/200x200/std.lang.all/38/59/asset-3343859.jpg",
    "fullImage": "https://static.colruytgroup.com/images/500x500/std.lang.all/38/59/asset-3343859.jpg",
    "squareImage": "https://static.colruytgroup.com/images/500x500sq/std.lang.all/38/59/asset-3343859.jpg",
    "content": "12x25g",
    "walkRouteSequenceNumber": 16714,
    "price": {
      "basicPrice": 3.99,
      "recommendedQuantity": "1.0",
      "measurementUnitPrice": 13.3,
      "measurementUnit": "K",
      "isRedPrice": false,
      "pricePerUOM": 13.3,
      "activationDate": "21-03-2024",
      "recordSource": "Offline",
      "isPromoActive": "N",
      "priceChangeCode": "E"
    },
    "isAvailable": true,
    "isPriceAvailable": true,
    "inPromo": false,
    "gtin": [
      "08710861995217",
      "08710861095214"
    ],
    "topCategoryName": "Diepvries",
    "topCategoryId": "129",
    "businessDomain": "RETAIL_BE",
    "IsPrivateLabel": false,
    "IsBiffe": false,
    "WeightconversionFactor": "0",
    "IsWeightArticle": false,
    "nutriscoreLabel": "D",
    "IsBio": false,
    "CountryOfOrigin": "NEDERLAND",
    "IsExclusivelySoldInLuxembourg": false,
    "OrderUnit": "P",
    "ShortName": "MORA OV. RUNDBIT.12X25G",
    "IsNew": false,
    "EcoscoreLabel": "E",
    "RecentQuanityOfStockUnits": "1",
    "LongName": "MORA Oven rundvleesbitterballen 12x25g",
    "FicCode": "E",
    "EcoscoreValue": "0"
  },
  {
    "productId": "353062",
    "technicalArticleNumber": "3866064",
    "commercialArticleNumber": "21578",
    "name": "vanille cups",
    "brand": "BONI",
    "seoBrand": "Boni Selection",
    "thumbNail": "https://static.colruytgroup.com/images/200x200/std.lang.all/23/05/asset-2842305.jpg",
    "fullImage": "https://static.colruytgroup.com/images/500x500/std.lang.all/23/05/asset-2842305.jpg",
    "squareImage": "https://static.colruytgroup.com/images/500x500sq/std.lang.all/23/05/asset-2842305.jpg",
    "content": "6x100ml",
    "walkRouteSequenceNumber": 17244,
    "price": {
      "basicPrice": 1.49,
      "recommendedQuantity": "1.0",
      "measurementUnitPrice": 2.49,
      "measurementUnit": "L",
      "isRedPrice": false,
      "pricePerUOM": 2.49,
      "activationDate": "19-01-2024",
      "recordSource": "Offline",
      "isPromoActive": "N",
      "priceChangeCode": "L"
    },
    "isAvailable": true,
    "isPriceAvailable": true,
    "inPromo": false,
    "gtin": [
      "15400141702023",
      "15400141227175",
      "05400141250039",
      "05400141702026",
      "05400141227178"
    ],
    "topCategoryName": "Diepvries",
    "topCategoryId": "129",
    "businessDomain": "RETAIL_BE",
    "IsPrivateLabel": true,
    "IsBiffe": false,
    "WeightconversionFactor": "0",
    "IsWeightArticle": false,
    "nutriscoreLabel": "D",
    "IsBio": false,
    "CountryOfOrigin": "BELGIË",
    "IsExclusivelySoldInLuxembourg": false,
    "OrderUnit": "P",
    "ShortName": "BONI VANIL.CUPS 6X100ML",
    "IsNew": false,
    "EcoscoreLabel": "A",
    "RecentQuanityOfStockUnits": "1,6",
    "LongName": "BONI vanille cups 6x100ml",
    "AlcoholVolume": "0",
    "FicCode": "I",
    "EcoscoreValue": "80"
  },
  {
    "productId": "556331",
    "technicalArticleNumber": "4190737",
    "commercialArticleNumber": "14664",
    "name": "forestière mix",
    "description": "*Diepgevroren\ngroenten en\naardappelen\nen spek",
    "brand": "BONI",
    "seoBrand": "Boni Selection",
    "thumbNail": "https://static.colruytgroup.com/images/200x200/std.lang.all/37/77/asset-2093777.jpg",
    "fullImage": "https://static.colruytgroup.com/images/500x500/std.lang.all/37/77/asset-2093777.jpg",
    "squareImage": "https://static.colruytgroup.com/images/500x500sq/std.lang.all/37/77/asset-2093777.jpg",
    "content": "1kg",
    "walkRouteSequenceNumber": 17129,
    "price": {
      "basicPrice": 4.59,
      "recommendedQuantity": "1.0",
      "quantityPrice": 4.22,
      "quantityPriceQuantity": "3.0",
      "measurementUnitPrice": 4.59,
      "measurementUnitQuantityPrice": 4.22,
      "measurementUnit": "K",
      "isRedPrice": false,
      "pricePerUOM": 4.59,
      "activationDate": "20-05-2023",
      "isPromoActive": "N",
      "priceChangeCode": "H",
      "quantityPricePerUOM": 4.22,
      "quantityActivationDate": "20-05-2023",
      "quantityPriceChangeCode": "H"
    },
    "isAvailable": true,
    "isPriceAvailable": true,
    "inPromo": false,
    "gtin": [
      "05400141503760",
      "15400141338581",
      "05400141338584"
    ],
    "topCategoryName": "Diepvries",
    "topCategoryId": "129",
    "businessDomain": "RETAIL_BE",
    "IsPrivateLabel": true,
    "IsBiffe": false,
    "WeightconversionFactor": "0",
    "IsWeightArticle": false,
    "nutriscoreLabel": "C",
    "IsBio": false,
    "CountryOfOrigin": "BELGIË",
    "IsExclusivelySoldInLuxembourg": false,
    "OrderUnit": "P",
    "ShortName": "BONI FORESTIERE MIX 1K",
    "IsNew": false,
    "EcoscoreLabel": "B",
    "RecentQuanityOfStockUnits": "1",
    "LongName": "BONI forestière mix 1kg",
    "FicCode": "I",
    "EcoscoreValue": "73"
  },
  {
    "productId": "132178",
    "technicalArticleNumber": "3194649",
    "commercialArticleNumber": "42681",
    "name": "Alaska pollak graatl.5st MSC",
    "description": "*Gepaneerde Alaska pollak, porties\n*Wild, noord-oostelijk deel van de\nStille oceaan\n*MSC",
    "brand": "BONI",
    "seoBrand": "Boni Selection",
    "thumbNail": "https://static.colruytgroup.com/images/200x200/std.lang.all/44/31/asset-3454431.jpg",
    "fullImage": "https://static.colruytgroup.com/images/500x500/std.lang.all/44/31/asset-3454431.jpg",
    "squareImage": "https://static.colruytgroup.com/images/500x500sq/std.lang.all/44/31/asset-3454431.jpg",
    "content": "800g",
    "walkRouteSequenceNumber": 16854,
    "price": {
      "basicPrice": 7.97,
      "recommendedQuantity": "1.0",
      "quantityPrice": 7.65,
      "quantityPriceQuantity": "3.0",
      "measurementUnitPrice": 9.97,
      "measurementUnitQuantityPrice": 9.57,
      "measurementUnit": "K",
      "isRedPrice": false,
      "pricePerUOM": 9.97,
      "activationDate": "21-03-2024",
      "recordSource": "Offline",
      "isPromoActive": "N",
      "priceChangeCode": "H",
      "quantityPricePerUOM": 9.57,
      "quantityActivationDate": "21-03-2024",
      "quantityPriceChangeCode": "E"
    },
    "isAvailable": true,
    "isPriceAvailable": true,
    "inPromo": false,
    "gtin": [
      "05400141398328",
      "05400141941357",
      "05400141182439",
      "05400141320756",
      "05400141398380",
      "15400141698807",
      "15400141819554",
      "05400141698800"
    ],
    "topCategoryName": "Diepvries",
    "topCategoryId": "129",
    "businessDomain": "RETAIL_BE",
    "IsPrivateLabel": true,
    "IsBiffe": false,
    "WeightconversionFactor": "0",
    "IsWeightArticle": false,
    "nutriscoreLabel": "A",
    "IsBio": false,
    "CountryOfOrigin": "VERENIGDE STATEN VAN AMERIKA",
    "IsExclusivelySoldInLuxembourg": false,
    "OrderUnit": "P",
    "ShortName": "BONI ALASKA POLL 5X160G",
    "IsNew": false,
    "EcoscoreLabel": "D",
    "RecentQuanityOfStockUnits": "1,1,10",
    "LongName": "BONI Alaska pollak graatl.5st MSC 800g",
    "AlcoholVolume": "0",
    "FicCode": "I",
    "EcoscoreValue": "25"
  },
  {
    "productId": "185908",
    "technicalArticleNumber": "3454767",
    "commercialArticleNumber": "30650",
    "name": "roze zalm Pac.graatl.MSC",
    "description": "*Wild\n*Noordoostelijk en\nnoordwestelijk deel\nPacifische oceaan\n*met label MSC",
    "brand": "EVERYDAY",
    "seoBrand": "Everyday",
    "thumbNail": "https://static.colruytgroup.com/images/200x200/std.lang.all/92/35/asset-1359235.jpg",
    "fullImage": "https://static.colruytgroup.com/images/500x500/std.lang.all/92/35/asset-1359235.jpg",
    "squareImage": "https://static.colruytgroup.com/images/500x500sq/std.lang.all/92/35/asset-1359235.jpg",
    "content": "1kg",
    "walkRouteSequenceNumber": 16824,
    "price": {
      "basicPrice": 15.96,
      "recommendedQuantity": "1.0",
      "measurementUnitPrice": 15.96,
      "measurementUnit": "K",
      "isRedPrice": false,
      "pricePerUOM": 15.96,
      "activationDate": "07-03-2024",
      "recordSource": "Offline",
      "isPromoActive": "N",
      "priceChangeCode": "L"
    },
    "isAvailable": true,
    "isPriceAvailable": true,
    "inPromo": false,
    "gtin": [
      "05400141642582",
      "15400141226277",
      "05400141511031",
      "15400141331766",
      "05400141226270",
      "05400141233322",
      "05400141256680",
      "05400141331769",
      "05400141378467",
      "15400141256687",
      "15400141642589"
    ],
    "topCategoryName": "Diepvries",
    "topCategoryId": "129",
    "businessDomain": "RETAIL_BE",
    "IsPrivateLabel": true,
    "IsBiffe": false,
    "WeightconversionFactor": "0",
    "IsWeightArticle": false,
    "nutriscoreLabel": "A",
    "IsBio": false,
    "CountryOfOrigin": "BELGIË",
    "IsExclusivelySoldInLuxembourg": false,
    "OrderUnit": "P",
    "ShortName": "EVD ROZE ZALMPORTIES1KG",
    "IsNew": false,
    "EcoscoreLabel": "D",
    "RecentQuanityOfStockUnits": "1,1",
    "LongName": "EVERYDAY roze zalm Pac.graatl.MSC 1kg",
    "AlcoholVolume": "0",
    "FicCode": "I",
    "EcoscoreValue": "34"
  },
  {
    "productId": "784738",
    "technicalArticleNumber": "4584733",
    "commercialArticleNumber": "12002",
    "name": "pizza Hawaï",
    "description": "*Met ananasstukjes,\ngekookte ham,tomaat,\nkaas: mozzarella en\nedammer",
    "brand": "DR.OETKER CASA DI MAMA",
    "seoBrand": "Dr.Oetker Casa Di Mama",
    "thumbNail": "https://static.colruytgroup.com/images/200x200/std.lang.all/53/87/asset-3215387.jpg",
    "fullImage": "https://static.colruytgroup.com/images/500x500/std.lang.all/53/87/asset-3215387.jpg",
    "squareImage": "https://static.colruytgroup.com/images/500x500sq/std.lang.all/53/87/asset-3215387.jpg",
    "content": "415g",
    "walkRouteSequenceNumber": 18121,
    "price": {
      "basicPrice": 3.99,
      "recommendedQuantity": "1.0",
      "quantityPrice": 3.83,
      "quantityPriceQuantity": "3.0",
      "measurementUnitPrice": 9.62,
      "measurementUnitQuantityPrice": 9.23,
      "measurementUnit": "K",
      "isRedPrice": false,
      "pricePerUOM": 9.62,
      "activationDate": "13-03-2024",
      "recordSource": "Offline",
      "isPromoActive": "Y",
      "priceChangeCode": "E",
      "quantityPricePerUOM": 9.23,
      "quantityActivationDate": "13-03-2024",
      "quantityPriceChangeCode": "H"
    },
    "isAvailable": true,
    "isPriceAvailable": true,
    "inPromo": true,
    "promotion": [
      {
        "techPromoId": "100861COLR",
        "promotionId": "100861",
        "promotionType": "3",
        "isPersonalized": "N",
        "publicationStartDate": "13-03-2024",
        "publicationEndDate": "26-03-2024"
      }
    ],
    "gtin": [
      "04001724041184",
      "04001724041191"
    ],
    "topCategoryName": "Diepvries",
    "topCategoryId": "129",
    "businessDomain": "RETAIL_BE",
    "IsPrivateLabel": false,
    "IsBiffe": false,
    "WeightconversionFactor": "0",
    "IsWeightArticle": false,
    "nutriscoreLabel": "C",
    "IsBio": false,
    "CountryOfOrigin": "DUITSLAND",
    "IsExclusivelySoldInLuxembourg": false,
    "OrderUnit": "P",
    "ShortName": "OETK MAMA HAWAI 415G",
    "IsNew": false,
    "RecentQuanityOfStockUnits": "1,5",
    "LongName": "DR.OETKER CASA DI MAMA pizza Hawaï 415g",
    "FicCode": "E"
  },
  {
    "productId": "636328",
    "technicalArticleNumber": "4326216",
    "commercialArticleNumber": "21165",
    "name": "oven fun mix",
    "description": "*Mix van 4\nvoorgegaarde hapjes",
    "brand": "MORA",
    "seoBrand": "Mora",
    "thumbNail": "https://static.colruytgroup.com/images/200x200/std.lang.all/54/20/asset-3215420.jpg",
    "fullImage": "https://static.colruytgroup.com/images/500x500/std.lang.all/54/20/asset-3215420.jpg",
    "squareImage": "https://static.colruytgroup.com/images/500x500sq/std.lang.all/54/20/asset-3215420.jpg",
    "content": "16st",
    "walkRouteSequenceNumber": 16712,
    "price": {
      "basicPrice": 6.95,
      "recommendedQuantity": "1.0",
      "quantityPrice": 6.39,
      "quantityPriceQuantity": "3.0",
      "measurementUnitPrice": 20.94,
      "measurementUnitQuantityPrice": 19.25,
      "measurementUnit": "K",
      "isRedPrice": false,
      "pricePerUOM": 20.94,
      "activationDate": "09-03-2024",
      "recordSource": "Offline",
      "isPromoActive": "N",
      "priceChangeCode": "H",
      "quantityPricePerUOM": 19.25,
      "quantityActivationDate": "09-03-2024",
      "quantityPriceChangeCode": "L"
    },
    "isAvailable": true,
    "isPriceAvailable": true,
    "inPromo": false,
    "gtin": [
      "08710861920837"
    ],
    "topCategoryName": "Diepvries",
    "topCategoryId": "129",
    "businessDomain": "RETAIL_BE",
    "IsPrivateLabel": false,
    "IsBiffe": false,
    "WeightconversionFactor": "0",
    "IsWeightArticle": false,
    "nutriscoreLabel": "D",
    "IsBio": false,
    "CountryOfOrigin": "NEDERLAND",
    "IsExclusivelySoldInLuxembourg": false,
    "OrderUnit": "P",
    "ShortName": "MORA OVEN FUN MIX 16ST",
    "IsNew": false,
    "EcoscoreLabel": "E",
    "RecentQuanityOfStockUnits": "1",
    "LongName": "MORA oven fun mix 16st",
    "FicCode": "E",
    "EcoscoreValue": "0"
  },
  {
    "productId": "338427",
    "technicalArticleNumber": "3830282",
    "commercialArticleNumber": "42226",
    "name": "tomaat-mozzar.",
    "description": "*Tomaten, mozzarella",
    "brand": "WAGNER PICCOLINIS",
    "seoBrand": "Original Wagner Piccolinis",
    "thumbNail": "https://static.colruytgroup.com/images/200x200/std.lang.all/60/18/asset-3036018.jpg",
    "fullImage": "https://static.colruytgroup.com/images/500x500/std.lang.all/60/18/asset-3036018.jpg",
    "squareImage": "https://static.colruytgroup.com/images/500x500sq/std.lang.all/60/18/asset-3036018.jpg",
    "content": "9x30g",
    "walkRouteSequenceNumber": 16725,
    "price": {
      "basicPrice": 3.49,
      "recommendedQuantity": "1.0",
      "quantityPrice": 3.35,
      "quantityPriceQuantity": "3.0",
      "measurementUnitPrice": 12.93,
      "measurementUnitQuantityPrice": 12.41,
      "measurementUnit": "K",
      "isRedPrice": false,
      "pricePerUOM": 12.93,
      "activationDate": "29-02-2024",
      "recordSource": "Offline",
      "isPromoActive": "N",
      "priceChangeCode": "E",
      "quantityPricePerUOM": 12.41,
      "quantityActivationDate": "29-02-2024",
      "quantityPriceChangeCode": "H"
    },
    "isAvailable": true,
    "isPriceAvailable": true,
    "inPromo": false,
    "gtin": [
      "07613037927313",
      "04009233114443",
      "04009233014446"
    ],
    "topCategoryName": "Diepvries",
    "topCategoryId": "129",
    "businessDomain": "RETAIL_BE",
    "IsPrivateLabel": false,
    "IsBiffe": false,
    "WeightconversionFactor": "0",
    "IsWeightArticle": false,
    "nutriscoreLabel": "C",
    "IsBio": false,
    "CountryOfOrigin": "DUITSLAND",
    "IsExclusivelySoldInLuxembourg": false,
    "OrderUnit": "P",
    "ShortName": "WAGN PICCO.TOM.MOZ9X30G",
    "InSeason": true,
    "IsNew": false,
    "RecentQuanityOfStockUnits": "1",
    "LongName": "WAGNER PICCOLINIS tomaat-mozzar. 9x30g",
    "AlcoholVolume": "0",
    "StartSeasonDate": "30/06/2023",
    "FicCode": "E"
  },
  {
    "productId": "556328",
    "technicalArticleNumber": "4190734",
    "commercialArticleNumber": "14660",
    "name": "wokmix groenten",
    "description": "*Mengeling met\ndiepgevroren\nwokgroenten",
    "brand": "BONI",
    "seoBrand": "Boni Selection",
    "thumbNail": "https://static.colruytgroup.com/images/200x200/std.lang.all/04/53/asset-2040453.jpg",
    "fullImage": "https://static.colruytgroup.com/images/500x500/std.lang.all/04/53/asset-2040453.jpg",
    "squareImage": "https://static.colruytgroup.com/images/500x500sq/std.lang.all/04/53/asset-2040453.jpg",
    "content": "1kg",
    "walkRouteSequenceNumber": 17087,
    "price": {
      "basicPrice": 2.95,
      "recommendedQuantity": "1.0",
      "quantityPrice": 2.46,
      "quantityPriceQuantity": "3.0",
      "measurementUnitPrice": 2.95,
      "measurementUnitQuantityPrice": 2.46,
      "measurementUnit": "K",
      "isRedPrice": false,
      "pricePerUOM": 2.95,
      "activationDate": "19-03-2024",
      "recordSource": "Offline",
      "isPromoActive": "N",
      "priceChangeCode": "E",
      "quantityPricePerUOM": 2.46,
      "quantityActivationDate": "19-03-2024",
      "quantityPriceChangeCode": "L"
    },
    "isAvailable": true,
    "isPriceAvailable": true,
    "inPromo": false,
    "gtin": [
      "15400141929017",
      "15400141338574",
      "05400141338577",
      "05400141929010"
    ],
    "topCategoryName": "Diepvries",
    "topCategoryId": "129",
    "businessDomain": "RETAIL_BE",
    "IsPrivateLabel": true,
    "IsBiffe": false,
    "WeightconversionFactor": "0",
    "IsWeightArticle": false,
    "nutriscoreLabel": "A",
    "IsBio": false,
    "CountryOfOrigin": "BELGIË",
    "IsExclusivelySoldInLuxembourg": false,
    "OrderUnit": "P",
    "ShortName": "BONI WOKMIX GROENT.1K",
    "IsNew": false,
    "EcoscoreLabel": "A",
    "RecentQuanityOfStockUnits": "1,10",
    "LongName": "BONI wokmix groenten 1kg",
    "FicCode": "I",
    "EcoscoreValue": "92"
  },
  {
    "productId": "871982",
    "technicalArticleNumber": "4726061",
    "commercialArticleNumber": "14053",
    "name": "Mediterraanse ovenschotel",
    "brand": "BONI",
    "seoBrand": "Boni Selection",
    "thumbNail": "https://ecgproductmw.colruytgroup.com/ecgproductmw/noPicForArticle_2.jpg",
    "fullImage": "https://ecgproductmw.colruytgroup.com/ecgproductmw/noPicForArticle_5.jpg",
    "squareImage": "https://ecgproductmw.colruytgroup.com/ecgproductmw/noPicForArticle_5.jpg",
    "content": "1kg",
    "walkRouteSequenceNumber": 17131,
    "price": {
      "basicPrice": 4.49,
      "recommendedQuantity": "1.0",
      "quantityPrice": 4.31,
      "quantityPriceQuantity": "3.0",
      "measurementUnitPrice": 4.49,
      "measurementUnitQuantityPrice": 4.31,
      "measurementUnit": "K",
      "isRedPrice": false,
      "pricePerUOM": 4.49,
      "activationDate": "13-03-2024",
      "isPromoActive": "N",
      "priceChangeCode": "H",
      "quantityPricePerUOM": 4.31,
      "quantityActivationDate": "13-03-2024",
      "quantityPriceChangeCode": "E"
    },
    "isAvailable": true,
    "isPriceAvailable": true,
    "inPromo": false,
    "gtin": [
      "05400141710137"
    ],
    "topCategoryName": "Diepvries",
    "topCategoryId": "129",
    "businessDomain": "RETAIL_BE",
    "IsPrivateLabel": true,
    "IsBiffe": false,
    "WeightconversionFactor": "0",
    "IsWeightArticle": false,
    "nutriscoreLabel": "A",
    "IsBio": false,
    "CountryOfOrigin": "BELGIË",
    "IsExclusivelySoldInLuxembourg": false,
    "OrderUnit": "P",
    "ShortName": "BONI MEDITER.OVENSC.1KG",
    "IsNew": false,
    "RecentQuanityOfStockUnits": "1",
    "LongName": "BONI Mediterraanse ovenschotel 1kg",
    "FicCode": "I"
  },
  {
    "productId": "980",
    "technicalArticleNumber": "30070",
    "commercialArticleNumber": "30070",
    "name": "7 soepgroenten",
    "description": "*Samenstelling:\nwortelen, prei,\nerwten, bonen,\nknolselder, ui en\nbloemkool",
    "brand": "BONI BIO",
    "seoBrand": "Boni Selection Bio",
    "thumbNail": "https://static.colruytgroup.com/images/200x200/std.lang.all/10/38/asset-2711038.jpg",
    "fullImage": "https://static.colruytgroup.com/images/500x500/std.lang.all/10/38/asset-2711038.jpg",
    "squareImage": "https://static.colruytgroup.com/images/500x500sq/std.lang.all/10/38/asset-2711038.jpg",
    "content": "1kg",
    "walkRouteSequenceNumber": 17095,
    "price": {
      "basicPrice": 2.48,
      "recommendedQuantity": "1.0",
      "quantityPrice": 2.38,
      "quantityPriceQuantity": "3.0",
      "measurementUnitPrice": 2.48,
      "measurementUnitQuantityPrice": 2.38,
      "measurementUnit": "K",
      "isRedPrice": false,
      "pricePerUOM": 2.48,
      "activationDate": "22-03-2024",
      "recordSource": "Folder",
      "isPromoActive": "N",
      "priceChangeCode": "E",
      "quantityPricePerUOM": 2.38,
      "quantityActivationDate": "22-03-2024",
      "quantityPriceChangeCode": "E"
    },
    "isAvailable": true,
    "isPriceAvailable": true,
    "inPromo": false,
    "gtin": [
      "15400141840176",
      "05400141146912",
      "05400141800708",
      "15400141355496",
      "05400141350999",
      "05400141355499",
      "05400141700701"
    ],
    "topCategoryName": "Diepvries",
    "topCategoryId": "129",
    "businessDomain": "RETAIL_BE",
    "IsPrivateLabel": true,
    "IsBiffe": false,
    "WeightconversionFactor": "0",
    "IsWeightArticle": false,
    "nutriscoreLabel": "A",
    "IsBio": true,
    "CountryOfOrigin": "BELGIË",
    "IsExclusivelySoldInLuxembourg": false,
    "OrderUnit": "P",
    "ShortName": "BS BIO 7 SOEPGROENT.1K",
    "IsNew": false,
    "EcoscoreLabel": "B",
    "RecentQuanityOfStockUnits": "1",
    "LongName": "BONI BIO 7 soepgroenten 1kg",
    "AlcoholVolume": "0",
    "FicCode": "I",
    "EcoscoreValue": "79"
  },
  {
    "productId": "327769",
    "technicalArticleNumber": "3821385",
    "commercialArticleNumber": "40671",
    "name": "zeevruchtencocktail",
    "description": "*Mosselen,\ntapijtschelpenvlees,\ninktvisringen, roze\ngarnalen, inktvis-\ntentakelstukjes",
    "brand": "BONI",
    "seoBrand": "Boni Selection",
    "thumbNail": "https://static.colruytgroup.com/images/200x200/std.lang.all/45/76/asset-2404576.jpg",
    "fullImage": "https://static.colruytgroup.com/images/500x500/std.lang.all/45/76/asset-2404576.jpg",
    "squareImage": "https://static.colruytgroup.com/images/500x500sq/std.lang.all/45/76/asset-2404576.jpg",
    "content": "1kg",
    "walkRouteSequenceNumber": 16662,
    "price": {
      "basicPrice": 8.98,
      "recommendedQuantity": "1.0",
      "measurementUnitPrice": 8.98,
      "measurementUnit": "K",
      "isRedPrice": false,
      "pricePerUOM": 8.98,
      "activationDate": "30-01-2024",
      "recordSource": "Offline",
      "isPromoActive": "N",
      "priceChangeCode": "L"
    },
    "isAvailable": true,
    "isPriceAvailable": true,
    "inPromo": false,
    "gtin": [
      "15400141317227",
      "15400141235934",
      "15400141699743",
      "05400141317220",
      "05400141235937",
      "05400141640977",
      "15400141640974",
      "05400141699746"
    ],
    "topCategoryName": "Diepvries",
    "topCategoryId": "129",
    "businessDomain": "RETAIL_BE",
    "IsPrivateLabel": true,
    "IsBiffe": false,
    "WeightconversionFactor": "0",
    "IsWeightArticle": false,
    "nutriscoreLabel": "B",
    "IsBio": false,
    "CountryOfOrigin": "CHILI",
    "IsExclusivelySoldInLuxembourg": false,
    "OrderUnit": "P",
    "ShortName": "BONI ZEEVR.COCKTAIL 1K",
    "IsNew": false,
    "EcoscoreLabel": "E",
    "RecentQuanityOfStockUnits": "1,10",
    "LongName": "BONI zeevruchtencocktail 1kg",
    "AlcoholVolume": "0",
    "FicCode": "I",
    "EcoscoreValue": "0"
  },
  {
    "productId": "51848",
    "technicalArticleNumber": "2196524",
    "commercialArticleNumber": "3510",
    "name": "ronde suisse",
    "description": "*Met rozijnen\n*18-22 minuten in de\noven\n*Met 13,8 % boter",
    "brand": "BONI",
    "seoBrand": "Boni Selection",
    "thumbNail": "https://static.colruytgroup.com/images/200x200/std.lang.all/28/40/asset-2522840.jpg",
    "fullImage": "https://static.colruytgroup.com/images/500x500/std.lang.all/28/40/asset-2522840.jpg",
    "squareImage": "https://static.colruytgroup.com/images/500x500sq/std.lang.all/28/40/asset-2522840.jpg",
    "content": "8x96g",
    "walkRouteSequenceNumber": 17930,
    "price": {
      "basicPrice": 5.49,
      "recommendedQuantity": "1.0",
      "quantityPrice": 5.05,
      "quantityPriceQuantity": "3.0",
      "measurementUnitPrice": 7.15,
      "measurementUnitQuantityPrice": 6.58,
      "measurementUnit": "K",
      "isRedPrice": false,
      "pricePerUOM": 7.15,
      "activationDate": "17-01-2024",
      "isPromoActive": "N",
      "priceChangeCode": "H",
      "quantityPricePerUOM": 6.58,
      "quantityActivationDate": "17-01-2024",
      "quantityPriceChangeCode": "H"
    },
    "isAvailable": true,
    "isPriceAvailable": true,
    "inPromo": false,
    "gtin": [
      "05400141035117",
      "15400141919162",
      "05400141333794",
      "05400141181661"
    ],
    "topCategoryName": "Diepvries",
    "topCategoryId": "129",
    "businessDomain": "RETAIL_BE",
    "IsPrivateLabel": true,
    "IsBiffe": false,
    "WeightconversionFactor": "0",
    "IsWeightArticle": false,
    "nutriscoreLabel": "D",
    "IsBio": false,
    "CountryOfOrigin": "FRANKRIJK",
    "IsExclusivelySoldInLuxembourg": false,
    "OrderUnit": "P",
    "ShortName": "BONI RONDE SUISSE 8X96G",
    "IsNew": false,
    "EcoscoreLabel": "C",
    "RecentQuanityOfStockUnits": "1,7",
    "LongName": "BONI ronde suisse 8x96g",
    "AlcoholVolume": "0",
    "FicCode": "I",
    "EcoscoreValue": "59"
  },
  {
    "productId": "829202",
    "technicalArticleNumber": "4668080",
    "commercialArticleNumber": "18565",
    "name": "Belgische kroketten",
    "brand": "BELVIVA",
    "seoBrand": "Belviva",
    "thumbNail": "https://static.colruytgroup.com/images/200x200/std.lang.all/22/00/asset-3002200.jpg",
    "fullImage": "https://static.colruytgroup.com/images/500x500/std.lang.all/22/00/asset-3002200.jpg",
    "squareImage": "https://static.colruytgroup.com/images/500x500sq/std.lang.all/22/00/asset-3002200.jpg",
    "content": "800g",
    "walkRouteSequenceNumber": 16373,
    "price": {
      "basicPrice": 4.19,
      "recommendedQuantity": "1.0",
      "measurementUnitPrice": 5.24,
      "measurementUnit": "K",
      "isRedPrice": false,
      "pricePerUOM": 5.24,
      "activationDate": "07-03-2024",
      "recordSource": "Offline",
      "isPromoActive": "N",
      "priceChangeCode": "H"
    },
    "isAvailable": true,
    "isPriceAvailable": true,
    "inPromo": false,
    "gtin": [
      "05414807606764",
      "05414807007677"
    ],
    "topCategoryName": "Diepvries",
    "topCategoryId": "129",
    "businessDomain": "RETAIL_BE",
    "IsPrivateLabel": false,
    "IsBiffe": false,
    "WeightconversionFactor": "0",
    "IsWeightArticle": false,
    "nutriscoreLabel": "B",
    "IsBio": false,
    "CountryOfOrigin": "BELGIË",
    "IsExclusivelySoldInLuxembourg": false,
    "OrderUnit": "P",
    "ShortName": "BELV BELG.KROKET.800G",
    "IsNew": false,
    "RecentQuanityOfStockUnits": "1,12",
    "LongName": "BELVIVA Belgische kroketten 800g",
    "AlcoholVolume": "0",
    "FicCode": "E"
  },
  {
    "productId": "362717",
    "technicalArticleNumber": "3870671",
    "commercialArticleNumber": "16712",
    "name": "croissant hazelnoot-chocolade",
    "brand": "BONI",
    "seoBrand": "Boni Selection",
    "thumbNail": "https://static.colruytgroup.com/images/200x200/std.lang.all/12/25/asset-2551225.jpg",
    "fullImage": "https://static.colruytgroup.com/images/500x500/std.lang.all/12/25/asset-2551225.jpg",
    "squareImage": "https://static.colruytgroup.com/images/500x500sq/std.lang.all/12/25/asset-2551225.jpg",
    "content": "720g",
    "walkRouteSequenceNumber": 17953,
    "price": {
      "basicPrice": 6.19,
      "recommendedQuantity": "1.0",
      "quantityPrice": 5.94,
      "quantityPriceQuantity": "3.0",
      "measurementUnitPrice": 8.6,
      "measurementUnitQuantityPrice": 8.25,
      "measurementUnit": "K",
      "isRedPrice": false,
      "pricePerUOM": 8.6,
      "activationDate": "17-01-2024",
      "isPromoActive": "N",
      "priceChangeCode": "H",
      "quantityPricePerUOM": 8.25,
      "quantityActivationDate": "17-01-2024",
      "quantityPriceChangeCode": "H"
    },
    "isAvailable": true,
    "isPriceAvailable": true,
    "inPromo": false,
    "gtin": [
      "05400141636710",
      "05400141227932",
      "05400141323573",
      "15400141227939"
    ],
    "topCategoryName": "Diepvries",
    "topCategoryId": "129",
    "businessDomain": "RETAIL_BE",
    "IsPrivateLabel": true,
    "IsBiffe": false,
    "WeightconversionFactor": "0",
    "IsWeightArticle": false,
    "nutriscoreLabel": "E",
    "IsBio": false,
    "CountryOfOrigin": "FRANKRIJK",
    "IsExclusivelySoldInLuxembourg": false,
    "OrderUnit": "P",
    "ShortName": "BONI CROIS.HAZEL. 8ST",
    "IsNew": false,
    "EcoscoreLabel": "C",
    "RecentQuanityOfStockUnits": "1,6",
    "LongName": "BONI croissant hazelnoot-chocolade 720g",
    "AlcoholVolume": "0",
    "FicCode": "I",
    "EcoscoreValue": "59"
  },
  {
    "productId": "688909",
    "technicalArticleNumber": "4414331",
    "commercialArticleNumber": "10923",
    "name": "oven mini frikandellen",
    "description": "*Diepvriessnacks",
    "brand": "MORA",
    "seoBrand": "Mora",
    "thumbNail": "https://static.colruytgroup.com/images/200x200/std.lang.all/15/33/asset-2361533.jpg",
    "fullImage": "https://static.colruytgroup.com/images/500x500/std.lang.all/15/33/asset-2361533.jpg",
    "squareImage": "https://static.colruytgroup.com/images/500x500sq/std.lang.all/15/33/asset-2361533.jpg",
    "content": "20st",
    "walkRouteSequenceNumber": 16713,
    "price": {
      "basicPrice": 4.39,
      "recommendedQuantity": "1.0",
      "measurementUnitPrice": 10.98,
      "measurementUnit": "K",
      "isRedPrice": false,
      "pricePerUOM": 10.98,
      "activationDate": "21-03-2024",
      "recordSource": "Offline",
      "isPromoActive": "N",
      "priceChangeCode": "E"
    },
    "isAvailable": true,
    "isPriceAvailable": true,
    "inPromo": false,
    "gtin": [
      "08710861994623"
    ],
    "topCategoryName": "Diepvries",
    "topCategoryId": "129",
    "businessDomain": "RETAIL_BE",
    "IsPrivateLabel": false,
    "IsBiffe": false,
    "WeightconversionFactor": "0",
    "IsWeightArticle": false,
    "nutriscoreLabel": "D",
    "IsBio": false,
    "CountryOfOrigin": "NEDERLAND",
    "IsExclusivelySoldInLuxembourg": false,
    "OrderUnit": "P",
    "ShortName": "MORA OVEN.MI.FRIKAN20ST",
    "IsNew": false,
    "EcoscoreLabel": "E",
    "RecentQuanityOfStockUnits": "1",
    "LongName": "MORA oven mini frikandellen 20st",
    "FicCode": "E",
    "EcoscoreValue": "0"
  },
  {
    "productId": "993",
    "technicalArticleNumber": "30131",
    "commercialArticleNumber": "30131",
    "name": "zalm port.Atl.graatloos ASC",
    "description": "*Noorwegen/Faroer/\nChili\n*Verpakt per 10\n*met label ASC",
    "brand": "BONI",
    "seoBrand": "Boni Selection",
    "thumbNail": "https://static.colruytgroup.com/images/200x200/std.lang.all/06/72/asset-1890672.jpg",
    "fullImage": "https://static.colruytgroup.com/images/500x500/std.lang.all/06/72/asset-1890672.jpg",
    "squareImage": "https://static.colruytgroup.com/images/500x500sq/std.lang.all/06/72/asset-1890672.jpg",
    "content": "10x100g",
    "walkRouteSequenceNumber": 16804,
    "price": {
      "basicPrice": 18.5,
      "recommendedQuantity": "1.0",
      "measurementUnitPrice": 18.5,
      "measurementUnit": "K",
      "isRedPrice": false,
      "pricePerUOM": 18.5,
      "activationDate": "07-03-2024",
      "recordSource": "Offline",
      "isPromoActive": "N",
      "priceChangeCode": "H"
    },
    "isAvailable": true,
    "isPriceAvailable": true,
    "inPromo": true,
    "promotion": [
      {
        "techPromoId": "100857COLR",
        "promotionId": "100857",
        "promotionType": "0",
        "isPersonalized": "N",
        "publicationStartDate": "13-03-2024",
        "publicationEndDate": "26-03-2024"
      }
    ],
    "gtin": [
      "05400141312027",
      "05400141079036",
      "05400141285970",
      "05400141301359",
      "05400141423686",
      "15400141797654",
      "15400141312024"
    ],
    "topCategoryName": "Diepvries",
    "topCategoryId": "129",
    "businessDomain": "RETAIL_BE",
    "IsPrivateLabel": true,
    "IsBiffe": false,
    "WeightconversionFactor": "0",
    "IsWeightArticle": false,
    "nutriscoreLabel": "A",
    "IsBio": false,
    "CountryOfOrigin": "NOORWEGEN",
    "IsExclusivelySoldInLuxembourg": false,
    "OrderUnit": "P",
    "ShortName": "BONI ZALMPORT 10X100G",
    "InSeason": true,
    "IsNew": false,
    "EcoscoreLabel": "C",
    "RecentQuanityOfStockUnits": "1",
    "LongName": "BONI zalm port.Atl.graatloos ASC 10x100g",
    "AlcoholVolume": "0",
    "StartSeasonDate": "16/07/2015",
    "FicCode": "I",
    "EcoscoreValue": "45"
  },
  {
    "productId": "784651",
    "technicalArticleNumber": "4584607",
    "commercialArticleNumber": "10880",
    "name": "panc.delic.",
    "description": "*Pizza met pancetta",
    "brand": "DR.OETKER TRADIZIONALE",
    "seoBrand": "Dr.Oetker Tradizionale",
    "thumbNail": "https://static.colruytgroup.com/images/200x200/std.lang.all/53/84/asset-3215384.jpg",
    "fullImage": "https://static.colruytgroup.com/images/500x500/std.lang.all/53/84/asset-3215384.jpg",
    "squareImage": "https://static.colruytgroup.com/images/500x500sq/std.lang.all/53/84/asset-3215384.jpg",
    "content": "390g",
    "walkRouteSequenceNumber": 18165,
    "price": {
      "basicPrice": 4.99,
      "recommendedQuantity": "1.0",
      "quantityPrice": 4.59,
      "quantityPriceQuantity": "3.0",
      "measurementUnitPrice": 12.8,
      "measurementUnitQuantityPrice": 11.77,
      "measurementUnit": "K",
      "isRedPrice": false,
      "pricePerUOM": 12.8,
      "activationDate": "15-02-2024",
      "recordSource": "Offline",
      "isPromoActive": "N",
      "priceChangeCode": "E",
      "quantityPricePerUOM": 11.77,
      "quantityActivationDate": "15-02-2024",
      "quantityPriceChangeCode": "H"
    },
    "isAvailable": true,
    "isPriceAvailable": true,
    "inPromo": false,
    "gtin": [
      "04001724038429",
      "04001724038412"
    ],
    "topCategoryName": "Diepvries",
    "topCategoryId": "129",
    "businessDomain": "RETAIL_BE",
    "IsPrivateLabel": false,
    "IsBiffe": false,
    "WeightconversionFactor": "0",
    "IsWeightArticle": false,
    "nutriscoreLabel": "C",
    "IsBio": false,
    "CountryOfOrigin": "DUITSLAND",
    "IsExclusivelySoldInLuxembourg": false,
    "OrderUnit": "P",
    "ShortName": "OETK TRAD PANCETTA 390G",
    "IsNew": false,
    "RecentQuanityOfStockUnits": "1",
    "LongName": "DR.OETKER TRADIZIONALE panc.delic. 390g",
    "FicCode": "E"
  },
  {
    "productId": "6685",
    "technicalArticleNumber": "30313",
    "commercialArticleNumber": "30313",
    "name": "cornkipsticks",
    "description": "*Met 48% kippenvlees\n*In de frituurpan,\noven, pan, grill",
    "brand": "EVERYDAY",
    "seoBrand": "Everyday",
    "thumbNail": "https://static.colruytgroup.com/images/200x200/std.lang.all/21/31/asset-1552131.jpg",
    "fullImage": "https://static.colruytgroup.com/images/500x500/std.lang.all/21/31/asset-1552131.jpg",
    "squareImage": "https://static.colruytgroup.com/images/500x500sq/std.lang.all/21/31/asset-1552131.jpg",
    "content": "10x80g",
    "walkRouteSequenceNumber": 17547,
    "price": {
      "basicPrice": 7.12,
      "recommendedQuantity": "1.0",
      "measurementUnitPrice": 8.9,
      "measurementUnit": "K",
      "isRedPrice": false,
      "pricePerUOM": 8.9,
      "activationDate": "14-11-2023",
      "recordSource": "Offline",
      "isPromoActive": "N",
      "priceChangeCode": "E"
    },
    "isAvailable": true,
    "isPriceAvailable": true,
    "inPromo": false,
    "gtin": [
      "15400141143963",
      "05400141077629",
      "05400141143966",
      "05400141212952"
    ],
    "topCategoryName": "Diepvries",
    "topCategoryId": "129",
    "businessDomain": "RETAIL_BE",
    "IsPrivateLabel": true,
    "IsBiffe": false,
    "WeightconversionFactor": "0",
    "IsWeightArticle": false,
    "nutriscoreLabel": "D",
    "IsBio": false,
    "CountryOfOrigin": "NEDERLAND",
    "IsExclusivelySoldInLuxembourg": false,
    "OrderUnit": "P",
    "ShortName": "EVD CORNKIPST 10X80G",
    "InSeason": true,
    "IsNew": false,
    "EcoscoreLabel": "E",
    "RecentQuanityOfStockUnits": "1",
    "LongName": "EVERYDAY cornkipsticks 10x80g",
    "AlcoholVolume": "0",
    "StartSeasonDate": "02/02/2023",
    "FicCode": "I",
    "EcoscoreValue": "16"
  },
  {
    "productId": "570826",
    "technicalArticleNumber": "4215703",
    "commercialArticleNumber": "2358",
    "name": "Chocolate Fudge Brownie",
    "description": "*Roomijs\n*Chocolade stukjes\n*Fairtrade\n*Perfect om te delen\n*Dessert",
    "brand": "B&J",
    "seoBrand": "Ben & Jerry's",
    "thumbNail": "https://static.colruytgroup.com/images/200x200/std.lang.all/06/60/asset-2400660.jpg",
    "fullImage": "https://static.colruytgroup.com/images/500x500/std.lang.all/06/60/asset-2400660.jpg",
    "squareImage": "https://static.colruytgroup.com/images/500x500sq/std.lang.all/06/60/asset-2400660.jpg",
    "content": "465ml",
    "walkRouteSequenceNumber": 17461,
    "price": {
      "basicPrice": 5.99,
      "recommendedQuantity": "1.0",
      "quantityPrice": 5.75,
      "quantityPriceQuantity": "3.0",
      "measurementUnitPrice": 12.89,
      "measurementUnitQuantityPrice": 12.37,
      "measurementUnit": "L",
      "isRedPrice": false,
      "pricePerUOM": 12.89,
      "activationDate": "04-03-2024",
      "recordSource": "Offline",
      "isPromoActive": "N",
      "priceChangeCode": "E",
      "quantityPricePerUOM": 12.37,
      "quantityActivationDate": "04-03-2024",
      "quantityPriceChangeCode": "H"
    },
    "isAvailable": true,
    "isPriceAvailable": true,
    "inPromo": false,
    "gtin": [
      "08711327370708",
      "08711327370715"
    ],
    "topCategoryName": "Diepvries",
    "topCategoryId": "129",
    "businessDomain": "RETAIL_BE",
    "IsPrivateLabel": false,
    "IsBiffe": false,
    "WeightconversionFactor": "0",
    "IsWeightArticle": false,
    "nutriscoreLabel": "D",
    "IsBio": false,
    "CountryOfOrigin": "NEDERLAND",
    "IsExclusivelySoldInLuxembourg": false,
    "OrderUnit": "P",
    "ShortName": "BJ CHOC.FUDG.BROWN465ML",
    "IsNew": false,
    "EcoscoreLabel": "B",
    "RecentQuanityOfStockUnits": "1,8",
    "LongName": "B&J Chocolate Fudge Brownie 465ml",
    "FicCode": "E",
    "EcoscoreValue": "77"
  },
  {
    "productId": "852946",
    "technicalArticleNumber": "4701522",
    "commercialArticleNumber": "31150",
    "name": "Kombinos spinazie MSC",
    "description": "*6 porties Alaska\npollak met spinazie-\nsaus, gepaneerd\n*Voorgebakken\n*MSC",
    "brand": "IGLO",
    "seoBrand": "Iglo",
    "thumbNail": "https://static.colruytgroup.com/images/200x200/std.lang.all/90/89/asset-3139089.jpg",
    "fullImage": "https://static.colruytgroup.com/images/500x500/std.lang.all/90/89/asset-3139089.jpg",
    "squareImage": "https://static.colruytgroup.com/images/500x500sq/std.lang.all/90/89/asset-3139089.jpg",
    "content": "600g",
    "walkRouteSequenceNumber": 16904,
    "price": {
      "basicPrice": 8.99,
      "recommendedQuantity": "1.0",
      "quantityPrice": 8.63,
      "quantityPriceQuantity": "3.0",
      "measurementUnitPrice": 14.99,
      "measurementUnitQuantityPrice": 14.39,
      "measurementUnit": "K",
      "isRedPrice": false,
      "pricePerUOM": 14.99,
      "activationDate": "02-03-2024",
      "recordSource": "Offline",
      "isPromoActive": "N",
      "priceChangeCode": "E",
      "quantityPricePerUOM": 14.39,
      "quantityActivationDate": "02-03-2024",
      "quantityPriceChangeCode": "E"
    },
    "isAvailable": true,
    "isPriceAvailable": true,
    "inPromo": false,
    "gtin": [
      "05414807007868",
      "05414807606955"
    ],
    "topCategoryName": "Diepvries",
    "topCategoryId": "129",
    "businessDomain": "RETAIL_BE",
    "IsPrivateLabel": false,
    "IsBiffe": false,
    "WeightconversionFactor": "0",
    "IsWeightArticle": false,
    "nutriscoreLabel": "B",
    "IsBio": false,
    "CountryOfOrigin": "DUITSLAND",
    "IsExclusivelySoldInLuxembourg": false,
    "OrderUnit": "P",
    "ShortName": "IGLO KOMBINO SPINAZ600G",
    "IsNew": false,
    "RecentQuanityOfStockUnits": "1",
    "LongName": "IGLO Kombinos spinazie MSC 600g",
    "FicCode": "E"
  },
  {
    "productId": "185917",
    "technicalArticleNumber": "3454781",
    "commercialArticleNumber": "30654",
    "name": "scharfilet dubbel graatloos MSC",
    "description": "*Wild, noord-\noostelijk deel van\nPacifische oceaan\n*met label MSC\n*7-13stuks",
    "brand": "BONI",
    "seoBrand": "Boni Selection",
    "thumbNail": "https://static.colruytgroup.com/images/200x200/std.lang.all/29/94/asset-2372994.jpg",
    "fullImage": "https://static.colruytgroup.com/images/500x500/std.lang.all/29/94/asset-2372994.jpg",
    "squareImage": "https://static.colruytgroup.com/images/500x500sq/std.lang.all/29/94/asset-2372994.jpg",
    "content": "1kg",
    "walkRouteSequenceNumber": 16827,
    "price": {
      "basicPrice": 11.95,
      "recommendedQuantity": "1.0",
      "quantityPrice": 10.99,
      "quantityPriceQuantity": "3.0",
      "measurementUnitPrice": 11.95,
      "measurementUnitQuantityPrice": 10.99,
      "measurementUnit": "K",
      "isRedPrice": false,
      "pricePerUOM": 11.95,
      "activationDate": "13-12-2023",
      "isPromoActive": "N",
      "priceChangeCode": "H",
      "quantityPricePerUOM": 10.99,
      "quantityActivationDate": "13-12-2023",
      "quantityPriceChangeCode": "H"
    },
    "isAvailable": true,
    "isPriceAvailable": true,
    "inPromo": false,
    "gtin": [
      "15400141321514",
      "05400141378481",
      "05400141196337",
      "05400141792959",
      "15400141604549",
      "05400141321517",
      "15400141853237",
      "15400141844259",
      "05400141844252",
      "15400141792956",
      "05400141604542"
    ],
    "topCategoryName": "Diepvries",
    "topCategoryId": "129",
    "businessDomain": "RETAIL_BE",
    "IsPrivateLabel": true,
    "IsBiffe": false,
    "WeightconversionFactor": "0",
    "IsWeightArticle": false,
    "nutriscoreLabel": "A",
    "IsBio": false,
    "CountryOfOrigin": "VIETNAM",
    "IsExclusivelySoldInLuxembourg": false,
    "OrderUnit": "P",
    "ShortName": "BONI PACIFI SCHARFIL.1K",
    "IsNew": false,
    "EcoscoreLabel": "E",
    "RecentQuanityOfStockUnits": "1,1",
    "LongName": "BONI scharfilet dubbel graatloos MSC 1kg",
    "AlcoholVolume": "0",
    "FicCode": "I",
    "EcoscoreValue": "9"
  },
  {
    "productId": "714749",
    "technicalArticleNumber": "4459306",
    "commercialArticleNumber": "19443",
    "name": "spinazie gehakt",
    "brand": "IGLO ALPRO",
    "seoBrand": "Iglo",
    "thumbNail": "https://static.colruytgroup.com/images/200x200/std.lang.all/26/37/asset-2522637.jpg",
    "fullImage": "https://static.colruytgroup.com/images/500x500/std.lang.all/26/37/asset-2522637.jpg",
    "squareImage": "https://static.colruytgroup.com/images/500x500sq/std.lang.all/26/37/asset-2522637.jpg",
    "content": "750g",
    "walkRouteSequenceNumber": 16992,
    "price": {
      "basicPrice": 3.98,
      "recommendedQuantity": "1.0",
      "quantityPrice": 3.66,
      "quantityPriceQuantity": "3.0",
      "measurementUnitPrice": 5.31,
      "measurementUnitQuantityPrice": 4.88,
      "measurementUnit": "K",
      "isRedPrice": false,
      "pricePerUOM": 5.31,
      "activationDate": "19-03-2024",
      "recordSource": "Offline",
      "isPromoActive": "N",
      "priceChangeCode": "L",
      "quantityPricePerUOM": 4.88,
      "quantityActivationDate": "19-03-2024",
      "quantityPriceChangeCode": "L"
    },
    "isAvailable": true,
    "isPriceAvailable": true,
    "inPromo": false,
    "gtin": [
      "05414807007271",
      "05414807606368"
    ],
    "topCategoryName": "Diepvries",
    "topCategoryId": "129",
    "businessDomain": "RETAIL_BE",
    "IsPrivateLabel": false,
    "IsBiffe": false,
    "WeightconversionFactor": "0",
    "IsWeightArticle": false,
    "nutriscoreLabel": "A",
    "IsBio": false,
    "CountryOfOrigin": "DUITSLAND",
    "IsExclusivelySoldInLuxembourg": false,
    "OrderUnit": "P",
    "ShortName": "IGLO SPINAZIE ALPRO750G",
    "IsNew": false,
    "RecentQuanityOfStockUnits": "1",
    "LongName": "IGLO ALPRO spinazie gehakt 750g",
    "FicCode": "E"
  },
  {
    "productId": "107813",
    "technicalArticleNumber": "3096231",
    "commercialArticleNumber": "40688",
    "name": "roomijs vanille",
    "description": "*Met vanille uit\nMadagaskar,\ngepasteuriseerde\nverse melk\n*Vanilleroomijs",
    "brand": "BONI",
    "seoBrand": "Boni Selection",
    "thumbNail": "https://static.colruytgroup.com/images/200x200/std.lang.all/46/08/asset-3344608.jpg",
    "fullImage": "https://static.colruytgroup.com/images/500x500/std.lang.all/46/08/asset-3344608.jpg",
    "squareImage": "https://static.colruytgroup.com/images/500x500sq/std.lang.all/46/08/asset-3344608.jpg",
    "content": "1,5L",
    "walkRouteSequenceNumber": 17240,
    "price": {
      "basicPrice": 4.9,
      "recommendedQuantity": "1.0",
      "quantityPrice": 4.7,
      "quantityPriceQuantity": "3.0",
      "measurementUnitPrice": 3.27,
      "measurementUnitQuantityPrice": 3.14,
      "measurementUnit": "L",
      "isRedPrice": false,
      "pricePerUOM": 3.27,
      "activationDate": "13-02-2024",
      "isPromoActive": "N",
      "priceChangeCode": "H",
      "quantityPricePerUOM": 3.14,
      "quantityActivationDate": "13-02-2024",
      "quantityPriceChangeCode": "H"
    },
    "isAvailable": true,
    "isPriceAvailable": true,
    "inPromo": false,
    "gtin": [
      "15400141950509",
      "15400141241331",
      "05400141352139",
      "05400141241334",
      "05400141120493"
    ],
    "topCategoryName": "Diepvries",
    "topCategoryId": "129",
    "businessDomain": "RETAIL_BE",
    "IsPrivateLabel": true,
    "IsBiffe": false,
    "WeightconversionFactor": "0",
    "IsWeightArticle": false,
    "nutriscoreLabel": "D",
    "IsBio": false,
    "CountryOfOrigin": "BELGIË",
    "IsExclusivelySoldInLuxembourg": false,
    "OrderUnit": "P",
    "ShortName": "BONI ROOMIJS VANILLE1L5",
    "IsNew": false,
    "EcoscoreLabel": "B",
    "RecentQuanityOfStockUnits": "1",
    "LongName": "BONI roomijs vanille 1,5L",
    "AlcoholVolume": "0",
    "FicCode": "I",
    "EcoscoreValue": "72"
  },
  {
    "productId": "874483",
    "technicalArticleNumber": "4729443",
    "commercialArticleNumber": "32118",
    "name": "Kabeljauwhaasje graatloos MSC",
    "brand": "BONI",
    "seoBrand": "Boni Selection",
    "thumbNail": "https://static.colruytgroup.com/images/200x200/std.lang.all/25/93/asset-3372593.jpg",
    "fullImage": "https://static.colruytgroup.com/images/500x500/std.lang.all/25/93/asset-3372593.jpg",
    "squareImage": "https://static.colruytgroup.com/images/500x500sq/std.lang.all/25/93/asset-3372593.jpg",
    "content": "1,5kg",
    "walkRouteSequenceNumber": 16773,
    "price": {
      "basicPrice": 26.85,
      "recommendedQuantity": "1.0",
      "measurementUnitPrice": 17.9,
      "measurementUnit": "K",
      "isRedPrice": false,
      "pricePerUOM": 17.9,
      "activationDate": "21-03-2024",
      "recordSource": "Folder",
      "isPromoActive": "N",
      "priceChangeCode": "L"
    },
    "isAvailable": true,
    "isPriceAvailable": true,
    "inPromo": false,
    "gtin": [
      "05400141933451",
      "15400141933458"
    ],
    "topCategoryName": "Diepvries",
    "topCategoryId": "129",
    "businessDomain": "RETAIL_BE",
    "IsPrivateLabel": true,
    "IsBiffe": false,
    "WeightconversionFactor": "0",
    "IsWeightArticle": false,
    "nutriscoreLabel": "A",
    "IsBio": false,
    "CountryOfOrigin": "NEDERLAND",
    "IsExclusivelySoldInLuxembourg": false,
    "OrderUnit": "P",
    "ShortName": "BONI KABEL.HAASJE 1.5KG",
    "IsNew": false,
    "EcoscoreLabel": "E",
    "RecentQuanityOfStockUnits": "1",
    "LongName": "BONI Kabeljauwhaasje graatloos MSC 1,5kg",
    "FicCode": "I",
    "EcoscoreValue": "4"
  },
  {
    "productId": "1064",
    "technicalArticleNumber": "30012",
    "commercialArticleNumber": "30012",
    "name": "groenteburger ±12st",
    "description": "*12 Burgers\n*Met groenten en\naardappelpuree",
    "brand": "BONI",
    "seoBrand": "Boni Selection",
    "thumbNail": "https://static.colruytgroup.com/images/200x200/std.lang.all/40/19/asset-2204019.jpg",
    "fullImage": "https://static.colruytgroup.com/images/500x500/std.lang.all/40/19/asset-2204019.jpg",
    "squareImage": "https://static.colruytgroup.com/images/500x500sq/std.lang.all/40/19/asset-2204019.jpg",
    "content": "1,35kg",
    "walkRouteSequenceNumber": 16930,
    "price": {
      "basicPrice": 6.49,
      "recommendedQuantity": "1.0",
      "measurementUnitPrice": 4.81,
      "measurementUnit": "K",
      "isRedPrice": false,
      "pricePerUOM": 4.81,
      "activationDate": "19-03-2024",
      "recordSource": "Offline",
      "isPromoActive": "N",
      "priceChangeCode": "E"
    },
    "isAvailable": true,
    "isPriceAvailable": true,
    "inPromo": false,
    "gtin": [
      "05400141144857",
      "15400141144854",
      "15400141950639",
      "05400141677058",
      "15400141677055"
    ],
    "topCategoryName": "Diepvries",
    "topCategoryId": "129",
    "businessDomain": "RETAIL_BE",
    "IsPrivateLabel": true,
    "IsBiffe": false,
    "WeightconversionFactor": "0",
    "IsWeightArticle": false,
    "nutriscoreLabel": "C",
    "IsBio": false,
    "CountryOfOrigin": "SPANJE",
    "IsExclusivelySoldInLuxembourg": false,
    "OrderUnit": "P",
    "ShortName": "BONI GROENTEBURGER 12S",
    "IsNew": false,
    "EcoscoreLabel": "A",
    "RecentQuanityOfStockUnits": "1,1",
    "LongName": "BONI groenteburger ±12st 1,35kg",
    "AlcoholVolume": "0",
    "FicCode": "I",
    "EcoscoreValue": "86"
  },
  {
    "productId": "593414",
    "technicalArticleNumber": "4253151",
    "commercialArticleNumber": "21172",
    "name": "tradition friet",
    "brand": "MCCAIN",
    "seoBrand": "Mccain",
    "thumbNail": "https://static.colruytgroup.com/images/200x200/std.lang.all/27/05/asset-2832705.jpg",
    "fullImage": "https://static.colruytgroup.com/images/500x500/std.lang.all/27/05/asset-2832705.jpg",
    "squareImage": "https://static.colruytgroup.com/images/500x500sq/std.lang.all/27/05/asset-2832705.jpg",
    "content": "1kg",
    "walkRouteSequenceNumber": 16360,
    "price": {
      "basicPrice": 5.19,
      "recommendedQuantity": "1.0",
      "measurementUnitPrice": 5.19,
      "measurementUnit": "K",
      "isRedPrice": false,
      "pricePerUOM": 5.19,
      "activationDate": "07-03-2024",
      "recordSource": "Offline",
      "isPromoActive": "N",
      "priceChangeCode": "H"
    },
    "isAvailable": true,
    "isPriceAvailable": true,
    "inPromo": false,
    "gtin": [
      "05410171002034",
      "05410171102031"
    ],
    "topCategoryName": "Diepvries",
    "topCategoryId": "129",
    "businessDomain": "RETAIL_BE",
    "IsPrivateLabel": false,
    "IsBiffe": false,
    "WeightconversionFactor": "0",
    "IsWeightArticle": false,
    "nutriscoreLabel": "A",
    "IsBio": false,
    "CountryOfOrigin": "BELGIË",
    "IsExclusivelySoldInLuxembourg": false,
    "OrderUnit": "P",
    "ShortName": "MCCAIN TRADIT FRIET 1KG",
    "IsNew": false,
    "EcoscoreLabel": "A",
    "RecentQuanityOfStockUnits": "1",
    "LongName": "MCCAIN tradition friet 1kg",
    "FicCode": "E",
    "EcoscoreValue": "100"
  },
  {
    "productId": "538521",
    "technicalArticleNumber": "4135508",
    "commercialArticleNumber": "9546",
    "name": "Donuts melkchocolade",
    "description": "*Diepvries",
    "brand": "BONI",
    "seoBrand": "Boni Selection",
    "thumbNail": "https://static.colruytgroup.com/images/200x200/std.lang.all/83/34/asset-2368334.jpg",
    "fullImage": "https://static.colruytgroup.com/images/500x500/std.lang.all/83/34/asset-2368334.jpg",
    "squareImage": "https://static.colruytgroup.com/images/500x500sq/std.lang.all/83/34/asset-2368334.jpg",
    "content": "6x55g",
    "walkRouteSequenceNumber": 17485,
    "price": {
      "basicPrice": 2.49,
      "recommendedQuantity": "1.0",
      "quantityPrice": 2.39,
      "quantityPriceQuantity": "3.0",
      "measurementUnitPrice": 7.55,
      "measurementUnitQuantityPrice": 7.25,
      "measurementUnit": "K",
      "isRedPrice": false,
      "pricePerUOM": 7.55,
      "activationDate": "16-08-2023",
      "recordSource": "Offline",
      "isPromoActive": "N",
      "priceChangeCode": "H",
      "quantityPricePerUOM": 7.25,
      "quantityActivationDate": "16-08-2023",
      "quantityPriceChangeCode": "H"
    },
    "isAvailable": true,
    "isPriceAvailable": true,
    "inPromo": false,
    "gtin": [
      "15400141305736",
      "05400141305739",
      "05400141466775",
      "05400141427745",
      "15400141466772"
    ],
    "topCategoryName": "Diepvries",
    "topCategoryId": "129",
    "businessDomain": "RETAIL_BE",
    "IsPrivateLabel": true,
    "IsBiffe": false,
    "WeightconversionFactor": "0",
    "IsWeightArticle": false,
    "nutriscoreLabel": "E",
    "IsBio": false,
    "CountryOfOrigin": "FRANKRIJK",
    "IsExclusivelySoldInLuxembourg": false,
    "OrderUnit": "P",
    "ShortName": "BONI DONU.MELKCHOC6X55G",
    "IsNew": false,
    "EcoscoreLabel": "C",
    "RecentQuanityOfStockUnits": "1,12",
    "LongName": "BONI Donuts melkchocolade 6x55g",
    "FicCode": "I",
    "EcoscoreValue": "52"
  },
  {
    "productId": "196326",
    "technicalArticleNumber": "3443440",
    "commercialArticleNumber": "30528",
    "name": "party scampi klein 45-55 ASC",
    "description": "*Aquacultuur Vietnam\n*Ontdarmd, gepeld\n*Maat 40/50, 45-55st\n*met label ASC\n*Vannamei",
    "brand": "BONI",
    "seoBrand": "Boni Selection",
    "thumbNail": "https://static.colruytgroup.com/images/200x200/std.lang.all/20/26/asset-1382026.jpg",
    "fullImage": "https://static.colruytgroup.com/images/500x500/std.lang.all/20/26/asset-1382026.jpg",
    "squareImage": "https://static.colruytgroup.com/images/500x500sq/std.lang.all/20/26/asset-1382026.jpg",
    "content": "500g",
    "walkRouteSequenceNumber": 16696,
    "price": {
      "basicPrice": 9.98,
      "recommendedQuantity": "1.0",
      "quantityPrice": 9.18,
      "quantityPriceQuantity": "2.0",
      "measurementUnitPrice": 19.96,
      "measurementUnitQuantityPrice": 18.36,
      "measurementUnit": "K",
      "isRedPrice": false,
      "pricePerUOM": 19.96,
      "activationDate": "20-03-2024",
      "recordSource": "Offline",
      "isPromoActive": "N",
      "priceChangeCode": "E",
      "quantityPricePerUOM": 18.36,
      "quantityActivationDate": "20-03-2024",
      "quantityPriceChangeCode": "E"
    },
    "isAvailable": true,
    "isPriceAvailable": true,
    "inPromo": false,
    "gtin": [
      "05400141185836",
      "15400141341338",
      "15400141250043",
      "05400141341331",
      "05400141250046",
      "05400141028546",
      "05400141416916",
      "05400141143829"
    ],
    "topCategoryName": "Diepvries",
    "topCategoryId": "129",
    "businessDomain": "RETAIL_BE",
    "IsPrivateLabel": true,
    "IsBiffe": false,
    "WeightconversionFactor": "0",
    "IsWeightArticle": false,
    "nutriscoreLabel": "A",
    "IsBio": false,
    "CountryOfOrigin": "VIETNAM",
    "IsExclusivelySoldInLuxembourg": false,
    "OrderUnit": "P",
    "ShortName": "BONI PARTYSCAMPI 500G",
    "IsNew": false,
    "EcoscoreLabel": "D",
    "RecentQuanityOfStockUnits": "1",
    "LongName": "BONI party scampi klein 45-55 ASC 500g",
    "AlcoholVolume": "0",
    "FicCode": "I",
    "EcoscoreValue": "23"
  },
  {
    "productId": "15311",
    "technicalArticleNumber": "1620870",
    "commercialArticleNumber": "30307",
    "name": "hamburger",
    "description": "*Met 71% kippenvlees\n9% varkensvlees\n*In de frituurpan,\npan, grill",
    "brand": "BECKERS",
    "seoBrand": "Beckers",
    "thumbNail": "https://static.colruytgroup.com/images/200x200/std.lang.all/37/13/asset-3343713.jpg",
    "fullImage": "https://static.colruytgroup.com/images/500x500/std.lang.all/37/13/asset-3343713.jpg",
    "squareImage": "https://static.colruytgroup.com/images/500x500sq/std.lang.all/37/13/asset-3343713.jpg",
    "content": "12x70g",
    "walkRouteSequenceNumber": 17584,
    "price": {
      "basicPrice": 6.49,
      "recommendedQuantity": "1.0",
      "quantityPrice": 6.23,
      "quantityPriceQuantity": "3.0",
      "measurementUnitPrice": 7.73,
      "measurementUnitQuantityPrice": 7.42,
      "measurementUnit": "K",
      "isRedPrice": false,
      "pricePerUOM": 7.73,
      "activationDate": "29-01-2024",
      "isPromoActive": "N",
      "priceChangeCode": "H",
      "quantityPricePerUOM": 7.42,
      "quantityActivationDate": "29-01-2024",
      "quantityPriceChangeCode": "E"
    },
    "isAvailable": true,
    "isPriceAvailable": true,
    "inPromo": false,
    "gtin": [
      "08713516212820",
      "08710555677030",
      "08710555467709",
      "08710555231041",
      "08710555231126",
      "08710555423101",
      "08710555370504",
      "08710555423118",
      "08710555705016"
    ],
    "topCategoryName": "Diepvries",
    "topCategoryId": "129",
    "businessDomain": "RETAIL_BE",
    "IsPrivateLabel": false,
    "IsBiffe": false,
    "WeightconversionFactor": "0",
    "IsWeightArticle": false,
    "nutriscoreLabel": "D",
    "IsBio": false,
    "CountryOfOrigin": "BELGIË",
    "IsExclusivelySoldInLuxembourg": false,
    "OrderUnit": "P",
    "ShortName": "BECKERS HAMBURGER 12X70",
    "IsNew": false,
    "EcoscoreLabel": "E",
    "RecentQuanityOfStockUnits": "1",
    "LongName": "BECKERS hamburger 12x70g",
    "AlcoholVolume": "0",
    "FicCode": "E",
    "EcoscoreValue": "0"
  },
  {
    "productId": "142768",
    "technicalArticleNumber": "3283332",
    "commercialArticleNumber": "9970",
    "name": "Tiger scampi groot ongep.ASC",
    "description": "*Aquacult.Vietnam\n*Ontdarmd, rauw,\neasy peel\n*Maat 16/20,18-23st.\n*met label ASC",
    "brand": "BONI",
    "seoBrand": "Boni Selection",
    "thumbNail": "https://static.colruytgroup.com/images/200x200/std.lang.all/79/20/asset-2277920.jpg",
    "fullImage": "https://static.colruytgroup.com/images/500x500/std.lang.all/79/20/asset-2277920.jpg",
    "squareImage": "https://static.colruytgroup.com/images/500x500sq/std.lang.all/79/20/asset-2277920.jpg",
    "content": "500g",
    "walkRouteSequenceNumber": 16685,
    "price": {
      "basicPrice": 13.32,
      "recommendedQuantity": "1.0",
      "quantityPrice": 12.25,
      "quantityPriceQuantity": "3.0",
      "measurementUnitPrice": 26.64,
      "measurementUnitQuantityPrice": 24.5,
      "measurementUnit": "K",
      "isRedPrice": false,
      "pricePerUOM": 26.64,
      "activationDate": "23-01-2024",
      "recordSource": "Offline",
      "isPromoActive": "N",
      "priceChangeCode": "E",
      "quantityPricePerUOM": 24.5,
      "quantityActivationDate": "23-01-2024",
      "quantityPriceChangeCode": "E"
    },
    "isAvailable": true,
    "isPriceAvailable": true,
    "inPromo": false,
    "gtin": [
      "15400141698111",
      "05400141485134",
      "05400141186338",
      "05400141057379",
      "05400141424409",
      "05400141037821",
      "15400141889915",
      "05400141140705",
      "15400141186335",
      "05400141698114",
      "15400141485131"
    ],
    "topCategoryName": "Diepvries",
    "topCategoryId": "129",
    "businessDomain": "RETAIL_BE",
    "IsPrivateLabel": true,
    "IsBiffe": false,
    "WeightconversionFactor": "0",
    "IsWeightArticle": false,
    "nutriscoreLabel": "A",
    "IsBio": false,
    "CountryOfOrigin": "VIETNAM",
    "IsExclusivelySoldInLuxembourg": false,
    "OrderUnit": "P",
    "ShortName": "BONI 18/23BLAC TIGER500",
    "IsNew": false,
    "EcoscoreLabel": "D",
    "RecentQuanityOfStockUnits": "1,1,1",
    "LongName": "BONI Tiger scampi groot ongep.ASC 500g",
    "AlcoholVolume": "0",
    "FicCode": "I",
    "EcoscoreValue": "23"
  },
  {
    "productId": "992",
    "technicalArticleNumber": "30108",
    "commercialArticleNumber": "30108",
    "name": "Alaska-pollak port.MSC",
    "description": "*Wild, noord-\noostelijk deel van\nPacifische oceaan\n*Graatloos\n*met label MSC",
    "brand": "EVERYDAY",
    "seoBrand": "Everyday",
    "thumbNail": "https://static.colruytgroup.com/images/200x200/std.lang.all/35/78/asset-1293578.jpg",
    "fullImage": "https://static.colruytgroup.com/images/500x500/std.lang.all/35/78/asset-1293578.jpg",
    "squareImage": "https://static.colruytgroup.com/images/500x500sq/std.lang.all/35/78/asset-1293578.jpg",
    "content": "4x100g",
    "walkRouteSequenceNumber": 16789,
    "price": {
      "basicPrice": 3.29,
      "recommendedQuantity": "1.0",
      "quantityPrice": 3.14,
      "quantityPriceQuantity": "2.0",
      "measurementUnitPrice": 8.23,
      "measurementUnitQuantityPrice": 7.85,
      "measurementUnit": "K",
      "isRedPrice": false,
      "pricePerUOM": 8.23,
      "activationDate": "20-03-2024",
      "isPromoActive": "N",
      "priceChangeCode": "E",
      "quantityPricePerUOM": 7.85,
      "quantityActivationDate": "20-03-2024",
      "quantityPriceChangeCode": "H"
    },
    "isAvailable": true,
    "isPriceAvailable": true,
    "inPromo": false,
    "gtin": [
      "05400141423723",
      "05400141604085",
      "05400141078657",
      "05400141423822",
      "15400141078654",
      "15400141604082"
    ],
    "topCategoryName": "Diepvries",
    "topCategoryId": "129",
    "businessDomain": "RETAIL_BE",
    "IsPrivateLabel": true,
    "IsBiffe": false,
    "WeightconversionFactor": "0",
    "IsWeightArticle": false,
    "nutriscoreLabel": "A",
    "IsBio": false,
    "CountryOfOrigin": "FRANKRIJK",
    "IsExclusivelySoldInLuxembourg": false,
    "OrderUnit": "P",
    "ShortName": "EVD ALASK POLLAK 400G",
    "InSeason": true,
    "IsNew": false,
    "EcoscoreLabel": "E",
    "RecentQuanityOfStockUnits": "1,10",
    "LongName": "EVERYDAY Alaska-pollak port.MSC 4x100g",
    "AlcoholVolume": "0",
    "StartSeasonDate": "19/08/2022",
    "FicCode": "I",
    "EcoscoreValue": "0"
  },
  {
    "productId": "330088",
    "technicalArticleNumber": "3801935",
    "commercialArticleNumber": "20481",
    "name": "macaroni ham-kaas",
    "description": "*Met gekookte ham\n*In de microgolfoven\nof oven",
    "brand": "IGLO",
    "seoBrand": "Iglo",
    "thumbNail": "https://static.colruytgroup.com/images/200x200/std.lang.all/25/50/asset-2342550.jpg",
    "fullImage": "https://static.colruytgroup.com/images/500x500/std.lang.all/25/50/asset-2342550.jpg",
    "squareImage": "https://static.colruytgroup.com/images/500x500sq/std.lang.all/25/50/asset-2342550.jpg",
    "content": "450g",
    "walkRouteSequenceNumber": 16584,
    "price": {
      "basicPrice": 3.49,
      "recommendedQuantity": "1.0",
      "measurementUnitPrice": 7.76,
      "measurementUnit": "K",
      "isRedPrice": false,
      "pricePerUOM": 7.76,
      "activationDate": "29-02-2024",
      "recordSource": "Offline",
      "isPromoActive": "N",
      "priceChangeCode": "E"
    },
    "isAvailable": true,
    "isPriceAvailable": true,
    "inPromo": false,
    "gtin": [
      "05410148493308",
      "05410148016729"
    ],
    "topCategoryName": "Diepvries",
    "topCategoryId": "129",
    "businessDomain": "RETAIL_BE",
    "IsPrivateLabel": false,
    "IsBiffe": false,
    "WeightconversionFactor": "0",
    "IsWeightArticle": false,
    "nutriscoreLabel": "B",
    "IsBio": false,
    "CountryOfOrigin": "BELGIË",
    "IsExclusivelySoldInLuxembourg": false,
    "OrderUnit": "P",
    "ShortName": "IGLO MACAR.HAM/KAAS450G",
    "IsNew": false,
    "RecentQuanityOfStockUnits": "1,6",
    "LongName": "IGLO macaroni ham-kaas 450g",
    "AlcoholVolume": "0",
    "FicCode": "E"
  },
  {
    "productId": "107184",
    "technicalArticleNumber": "3097097",
    "commercialArticleNumber": "41706",
    "name": "roomijs aardbei",
    "description": "*Aardbeiroomijs",
    "brand": "BONI",
    "seoBrand": "Boni Selection",
    "thumbNail": "https://static.colruytgroup.com/images/200x200/std.lang.all/76/96/asset-2517696.jpg",
    "fullImage": "https://static.colruytgroup.com/images/500x500/std.lang.all/76/96/asset-2517696.jpg",
    "squareImage": "https://static.colruytgroup.com/images/500x500sq/std.lang.all/76/96/asset-2517696.jpg",
    "content": "1,5L",
    "walkRouteSequenceNumber": 17201,
    "price": {
      "basicPrice": 2.83,
      "recommendedQuantity": "1.0",
      "measurementUnitPrice": 1.89,
      "measurementUnit": "L",
      "isRedPrice": false,
      "pricePerUOM": 1.89,
      "activationDate": "13-03-2024",
      "recordSource": "Offline",
      "isPromoActive": "N",
      "priceChangeCode": "L"
    },
    "isAvailable": true,
    "isPriceAvailable": true,
    "inPromo": false,
    "gtin": [
      "05400141120516",
      "15400141261094",
      "05400141261097",
      "15400141950547"
    ],
    "topCategoryName": "Diepvries",
    "topCategoryId": "129",
    "businessDomain": "RETAIL_BE",
    "IsPrivateLabel": true,
    "IsBiffe": false,
    "WeightconversionFactor": "0",
    "IsWeightArticle": false,
    "nutriscoreLabel": "D",
    "IsBio": false,
    "CountryOfOrigin": "BELGIË",
    "IsExclusivelySoldInLuxembourg": false,
    "OrderUnit": "P",
    "ShortName": "BONI ROOMIJS AARDBEI1L5",
    "IsNew": false,
    "EcoscoreLabel": "B",
    "RecentQuanityOfStockUnits": "1,6",
    "LongName": "BONI roomijs aardbei 1,5L",
    "AlcoholVolume": "0",
    "FicCode": "I",
    "EcoscoreValue": "72"
  },
  {
    "productId": "46361",
    "technicalArticleNumber": "2536147",
    "commercialArticleNumber": "6159",
    "name": "kaaskroketten",
    "description": "*In de frituurpan",
    "brand": "BONI",
    "seoBrand": "Boni Selection",
    "thumbNail": "https://static.colruytgroup.com/images/200x200/std.lang.all/41/60/asset-2354160.jpg",
    "fullImage": "https://static.colruytgroup.com/images/500x500/std.lang.all/41/60/asset-2354160.jpg",
    "squareImage": "https://static.colruytgroup.com/images/500x500sq/std.lang.all/41/60/asset-2354160.jpg",
    "content": "10st",
    "walkRouteSequenceNumber": 17550,
    "price": {
      "basicPrice": 4.97,
      "recommendedQuantity": "1.0",
      "quantityPrice": 4.77,
      "quantityPriceQuantity": "3.0",
      "measurementUnitPrice": 7.96,
      "measurementUnitQuantityPrice": 7.64,
      "measurementUnit": "K",
      "isRedPrice": false,
      "pricePerUOM": 7.96,
      "activationDate": "23-01-2024",
      "recordSource": "Offline",
      "isPromoActive": "N",
      "priceChangeCode": "H",
      "quantityPricePerUOM": 7.64,
      "quantityActivationDate": "23-01-2024",
      "quantityPriceChangeCode": "L"
    },
    "isAvailable": true,
    "isPriceAvailable": true,
    "inPromo": false,
    "gtin": [
      "05400141088076",
      "05400141370034",
      "05400141413243",
      "15400141002628",
      "05400141421057",
      "05400141002621",
      "15400141995104",
      "05400141243826"
    ],
    "topCategoryName": "Diepvries",
    "topCategoryId": "129",
    "businessDomain": "RETAIL_BE",
    "IsPrivateLabel": true,
    "IsBiffe": false,
    "WeightconversionFactor": "0",
    "IsWeightArticle": false,
    "nutriscoreLabel": "D",
    "IsBio": false,
    "CountryOfOrigin": "BELGIË",
    "IsExclusivelySoldInLuxembourg": false,
    "OrderUnit": "P",
    "ShortName": "BONI KAASKROKETTEN 10ST",
    "IsNew": false,
    "EcoscoreLabel": "B",
    "RecentQuanityOfStockUnits": "1",
    "LongName": "BONI kaaskroketten 10st",
    "AlcoholVolume": "0",
    "FicCode": "I",
    "EcoscoreValue": "62"
  },
  {
    "productId": "60107",
    "technicalArticleNumber": "2180480",
    "commercialArticleNumber": "30419",
    "name": "CASA DI MAMA prosc.funghi",
    "description": "*Met champignons,\nham, mozzarella,\nedammer, knoflook\nrijzende bodem\n*In de oven",
    "brand": "DR.OETKER",
    "seoBrand": "Dr.Oetker Casa Di Mama",
    "thumbNail": "https://static.colruytgroup.com/images/200x200/std.lang.all/54/83/asset-3215483.jpg",
    "fullImage": "https://static.colruytgroup.com/images/500x500/std.lang.all/54/83/asset-3215483.jpg",
    "squareImage": "https://static.colruytgroup.com/images/500x500sq/std.lang.all/54/83/asset-3215483.jpg",
    "content": "405g",
    "walkRouteSequenceNumber": 18123,
    "price": {
      "basicPrice": 4.56,
      "recommendedQuantity": "1.0",
      "quantityPrice": 4.2,
      "quantityPriceQuantity": "3.0",
      "measurementUnitPrice": 11.26,
      "measurementUnitQuantityPrice": 10.38,
      "measurementUnit": "K",
      "isRedPrice": false,
      "pricePerUOM": 11.26,
      "activationDate": "19-03-2024",
      "recordSource": "Folder",
      "isPromoActive": "N",
      "priceChangeCode": "H",
      "quantityPricePerUOM": 10.38,
      "quantityActivationDate": "19-03-2024",
      "quantityPriceChangeCode": "L"
    },
    "isAvailable": true,
    "isPriceAvailable": true,
    "inPromo": true,
    "promotion": [
      {
        "techPromoId": "100861COLR",
        "promotionId": "100861",
        "promotionType": "3",
        "isPersonalized": "N",
        "publicationStartDate": "13-03-2024",
        "publicationEndDate": "26-03-2024"
      }
    ],
    "gtin": [
      "04001724619109",
      "04001724015611",
      "04001724015604"
    ],
    "topCategoryName": "Diepvries",
    "topCategoryId": "129",
    "businessDomain": "RETAIL_BE",
    "IsPrivateLabel": false,
    "IsBiffe": false,
    "WeightconversionFactor": "0",
    "IsWeightArticle": false,
    "nutriscoreLabel": "B",
    "IsBio": false,
    "CountryOfOrigin": "DUITSLAND",
    "IsExclusivelySoldInLuxembourg": false,
    "OrderUnit": "P",
    "ShortName": "OETK MAMA PROSC FUN 405",
    "IsNew": false,
    "RecentQuanityOfStockUnits": "5,1",
    "LongName": "DR.OETKER CASA DI MAMA prosc.funghi 405g",
    "AlcoholVolume": "0",
    "FicCode": "E"
  },
  {
    "productId": "187813",
    "technicalArticleNumber": "3451017",
    "commercialArticleNumber": "30587",
    "name": "mokka hoorntjes",
    "description": "*Ijshoorntje\nroomijs en roomijs\nmet koffiesmaak",
    "brand": "BONI",
    "seoBrand": "Boni Selection",
    "thumbNail": "https://static.colruytgroup.com/images/200x200/std.lang.all/38/54/asset-3343854.jpg",
    "fullImage": "https://static.colruytgroup.com/images/500x500/std.lang.all/38/54/asset-3343854.jpg",
    "squareImage": "https://static.colruytgroup.com/images/500x500sq/std.lang.all/38/54/asset-3343854.jpg",
    "content": "6x120ml",
    "walkRouteSequenceNumber": 17216,
    "price": {
      "basicPrice": 3.19,
      "recommendedQuantity": "1.0",
      "measurementUnitPrice": 4.44,
      "measurementUnit": "L",
      "isRedPrice": false,
      "pricePerUOM": 4.44,
      "activationDate": "19-03-2024",
      "recordSource": "Offline",
      "isPromoActive": "N",
      "priceChangeCode": "E"
    },
    "isAvailable": true,
    "isPriceAvailable": true,
    "inPromo": false,
    "gtin": [
      "05400141507201",
      "15400141853756",
      "15400141235279",
      "15400141188841",
      "05400141378030",
      "05400141235272",
      "05400141188844"
    ],
    "topCategoryName": "Diepvries",
    "topCategoryId": "129",
    "businessDomain": "RETAIL_BE",
    "IsPrivateLabel": true,
    "IsBiffe": false,
    "WeightconversionFactor": "0",
    "IsWeightArticle": false,
    "nutriscoreLabel": "E",
    "IsBio": false,
    "CountryOfOrigin": "BELGIË",
    "IsExclusivelySoldInLuxembourg": false,
    "OrderUnit": "P",
    "ShortName": "BONI CORN.MOKKA 6X120ML",
    "IsNew": false,
    "EcoscoreLabel": "B",
    "RecentQuanityOfStockUnits": "1",
    "LongName": "BONI mokka hoorntjes 6x120ml",
    "AlcoholVolume": "0",
    "FicCode": "I",
    "EcoscoreValue": "77"
  },
  {
    "productId": "4511",
    "technicalArticleNumber": "30413",
    "commercialArticleNumber": "30413",
    "name": "kalkoenfilet rollade",
    "description": "*Kalkoenfilet\n*België\n*700 g\n*45 minuten bakken\n*samengesteld vlees",
    "brand": "EVERYDAY",
    "seoBrand": "Everyday",
    "thumbNail": "https://static.colruytgroup.com/images/200x200/std.lang.all/46/37/asset-3274637.jpg",
    "fullImage": "https://static.colruytgroup.com/images/500x500/std.lang.all/46/37/asset-3274637.jpg",
    "squareImage": "https://static.colruytgroup.com/images/500x500sq/std.lang.all/46/37/asset-3274637.jpg",
    "content": "700g",
    "walkRouteSequenceNumber": 16596,
    "price": {
      "basicPrice": 6.99,
      "recommendedQuantity": "1.0",
      "measurementUnitPrice": 9.99,
      "measurementUnit": "K",
      "isRedPrice": false,
      "pricePerUOM": 9.99,
      "activationDate": "14-11-2023",
      "recordSource": "Offline",
      "isPromoActive": "N",
      "priceChangeCode": "E"
    },
    "isAvailable": true,
    "isPriceAvailable": true,
    "inPromo": false,
    "gtin": [
      "05400141187953",
      "05400141164374"
    ],
    "topCategoryName": "Diepvries",
    "topCategoryId": "129",
    "businessDomain": "RETAIL_BE",
    "IsPrivateLabel": true,
    "IsBiffe": false,
    "WeightconversionFactor": "0",
    "IsWeightArticle": false,
    "nutriscoreLabel": "A",
    "IsBio": false,
    "CountryOfOrigin": "BELGIË",
    "IsExclusivelySoldInLuxembourg": false,
    "OrderUnit": "P",
    "ShortName": "EVD KALK FIL ROL 700G",
    "IsNew": false,
    "EcoscoreLabel": "D",
    "RecentQuanityOfStockUnits": "1",
    "LongName": "EVERYDAY kalkoenfilet rollade 700g",
    "AlcoholVolume": "0",
    "FicCode": "I",
    "EcoscoreValue": "32"
  },
  {
    "productId": "784657",
    "technicalArticleNumber": "4584613",
    "commercialArticleNumber": "11293",
    "name": "speciale",
    "description": "*Met champignon,ham,\nsalami,edammer,\ntomaat,knoflook,\ntraditionele bodem\n*In de oven",
    "brand": "DR.OETKER TRADIZIONALE",
    "seoBrand": "Dr.Oetker Tradizionale",
    "thumbNail": "https://static.colruytgroup.com/images/200x200/std.lang.all/54/60/asset-3215460.jpg",
    "fullImage": "https://static.colruytgroup.com/images/500x500/std.lang.all/54/60/asset-3215460.jpg",
    "squareImage": "https://static.colruytgroup.com/images/500x500sq/std.lang.all/54/60/asset-3215460.jpg",
    "content": "400g",
    "walkRouteSequenceNumber": 18166,
    "price": {
      "basicPrice": 4.99,
      "recommendedQuantity": "1.0",
      "quantityPrice": 4.59,
      "quantityPriceQuantity": "3.0",
      "measurementUnitPrice": 12.48,
      "measurementUnitQuantityPrice": 11.48,
      "measurementUnit": "K",
      "isRedPrice": false,
      "pricePerUOM": 12.48,
      "activationDate": "17-02-2024",
      "recordSource": "Offline",
      "isPromoActive": "N",
      "priceChangeCode": "E",
      "quantityPricePerUOM": 11.48,
      "quantityActivationDate": "17-02-2024",
      "quantityPriceChangeCode": "E"
    },
    "isAvailable": true,
    "isPriceAvailable": true,
    "inPromo": false,
    "gtin": [
      "04001724038450",
      "04001724038443"
    ],
    "topCategoryName": "Diepvries",
    "topCategoryId": "129",
    "businessDomain": "RETAIL_BE",
    "IsPrivateLabel": false,
    "IsBiffe": false,
    "WeightconversionFactor": "0",
    "IsWeightArticle": false,
    "nutriscoreLabel": "C",
    "IsBio": false,
    "CountryOfOrigin": "DUITSLAND",
    "IsExclusivelySoldInLuxembourg": false,
    "OrderUnit": "P",
    "ShortName": "OETKER TRAD.SPEC. 400G",
    "IsNew": false,
    "RecentQuanityOfStockUnits": "5,1",
    "LongName": "DR.OETKER TRADIZIONALE speciale 400g",
    "FicCode": "E"
  },
  {
    "productId": "582149",
    "technicalArticleNumber": "4235254",
    "commercialArticleNumber": "18503",
    "name": "nasi goreng",
    "description": "*Rijstmengeling met\ngroenten en kip\nafgewerkt met\neen kruidenmix",
    "brand": "EVERYDAY",
    "seoBrand": "Everyday",
    "thumbNail": "https://static.colruytgroup.com/images/200x200/std.lang.all/03/81/asset-2400381.jpg",
    "fullImage": "https://static.colruytgroup.com/images/500x500/std.lang.all/03/81/asset-2400381.jpg",
    "squareImage": "https://static.colruytgroup.com/images/500x500sq/std.lang.all/03/81/asset-2400381.jpg",
    "content": "750g",
    "walkRouteSequenceNumber": 16527,
    "price": {
      "basicPrice": 2.16,
      "recommendedQuantity": "1.0",
      "measurementUnitPrice": 2.88,
      "measurementUnit": "K",
      "isRedPrice": false,
      "pricePerUOM": 2.88,
      "activationDate": "23-03-2024",
      "recordSource": "Offline",
      "isPromoActive": "N",
      "priceChangeCode": "H"
    },
    "isAvailable": true,
    "isPriceAvailable": true,
    "inPromo": false,
    "gtin": [
      "05400141363814",
      "05400141979039",
      "15400141363811"
    ],
    "topCategoryName": "Diepvries",
    "topCategoryId": "129",
    "businessDomain": "RETAIL_BE",
    "IsPrivateLabel": true,
    "IsBiffe": false,
    "WeightconversionFactor": "0",
    "IsWeightArticle": false,
    "nutriscoreLabel": "C",
    "IsBio": false,
    "CountryOfOrigin": "BELGIË",
    "IsExclusivelySoldInLuxembourg": false,
    "OrderUnit": "P",
    "ShortName": "EVD NASI GORENG 750G",
    "IsNew": false,
    "RecentQuanityOfStockUnits": "1",
    "LongName": "EVERYDAY nasi goreng 750g",
    "FicCode": "I"
  },
  {
    "productId": "879836",
    "technicalArticleNumber": "4736563",
    "commercialArticleNumber": "32276",
    "name": "Pastinaak",
    "brand": "BONI",
    "seoBrand": "Boni Selection",
    "thumbNail": "https://static.colruytgroup.com/images/200x200/std.lang.all/16/85/asset-3361685.jpg",
    "fullImage": "https://static.colruytgroup.com/images/500x500/std.lang.all/16/85/asset-3361685.jpg",
    "squareImage": "https://static.colruytgroup.com/images/500x500sq/std.lang.all/16/85/asset-3361685.jpg",
    "content": "1kg",
    "walkRouteSequenceNumber": 17027,
    "price": {
      "basicPrice": 2.29,
      "recommendedQuantity": "1.0",
      "quantityPrice": 2.11,
      "quantityPriceQuantity": "3.0",
      "measurementUnitPrice": 2.29,
      "measurementUnitQuantityPrice": 2.11,
      "measurementUnit": "K",
      "isRedPrice": false,
      "pricePerUOM": 2.29,
      "activationDate": "13-03-2024",
      "isPromoActive": "N",
      "priceChangeCode": "H",
      "quantityPricePerUOM": 2.11,
      "quantityActivationDate": "13-03-2024",
      "quantityPriceChangeCode": "H"
    },
    "isAvailable": true,
    "isPriceAvailable": true,
    "inPromo": false,
    "gtin": [
      "15400141467144",
      "05400141467147"
    ],
    "topCategoryName": "Diepvries",
    "topCategoryId": "129",
    "businessDomain": "RETAIL_BE",
    "IsPrivateLabel": true,
    "IsBiffe": false,
    "WeightconversionFactor": "0",
    "IsWeightArticle": false,
    "nutriscoreLabel": "A",
    "IsBio": false,
    "CountryOfOrigin": "POLEN",
    "IsExclusivelySoldInLuxembourg": false,
    "OrderUnit": "P",
    "ShortName": "BONI PASTINAAK 1KG",
    "IsNew": false,
    "EcoscoreLabel": "B",
    "RecentQuanityOfStockUnits": "1",
    "LongName": "BONI Pastinaak 1kg",
    "AlcoholVolume": "0",
    "FicCode": "I",
    "EcoscoreValue": "78"
  },
  {
    "productId": "202551",
    "technicalArticleNumber": "3426255",
    "commercialArticleNumber": "30388",
    "name": "Frutti Di Mare meng.gekookt",
    "description": "*Inktvisringen, roze\ngarnalen, mosselen,\nkokkelvlees, reuze\ninktvistentakels",
    "brand": "BONI",
    "seoBrand": "Boni Selection",
    "thumbNail": "https://static.colruytgroup.com/images/200x200/std.lang.all/26/47/asset-2912647.jpg",
    "fullImage": "https://static.colruytgroup.com/images/500x500/std.lang.all/26/47/asset-2912647.jpg",
    "squareImage": "https://static.colruytgroup.com/images/500x500sq/std.lang.all/26/47/asset-2912647.jpg",
    "content": "1kg",
    "walkRouteSequenceNumber": 16657,
    "price": {
      "basicPrice": 14.66,
      "recommendedQuantity": "1.0",
      "quantityPrice": 14.07,
      "quantityPriceQuantity": "3.0",
      "measurementUnitPrice": 14.66,
      "measurementUnitQuantityPrice": 14.07,
      "measurementUnit": "K",
      "isRedPrice": false,
      "pricePerUOM": 14.66,
      "activationDate": "05-03-2024",
      "isPromoActive": "N",
      "priceChangeCode": "H",
      "quantityPricePerUOM": 14.07,
      "quantityActivationDate": "05-03-2024",
      "quantityPriceChangeCode": "E"
    },
    "isAvailable": true,
    "isPriceAvailable": true,
    "inPromo": false,
    "gtin": [
      "15400141640981",
      "05400141700671",
      "05400141377132",
      "15400141126188",
      "05400141126181",
      "15400141320128",
      "05400141382891",
      "05400141320121",
      "05400141640984",
      "15400141700678"
    ],
    "topCategoryName": "Diepvries",
    "topCategoryId": "129",
    "businessDomain": "RETAIL_BE",
    "IsPrivateLabel": true,
    "IsBiffe": false,
    "WeightconversionFactor": "0",
    "IsWeightArticle": false,
    "nutriscoreLabel": "A",
    "IsBio": false,
    "CountryOfOrigin": "CHILI",
    "IsExclusivelySoldInLuxembourg": false,
    "OrderUnit": "P",
    "ShortName": "BONI FRUTTI DI MARE 1KG",
    "IsNew": false,
    "EcoscoreLabel": "E",
    "RecentQuanityOfStockUnits": "1",
    "LongName": "BONI Frutti Di Mare meng.gekookt 1kg",
    "AlcoholVolume": "0",
    "FicCode": "I",
    "EcoscoreValue": "5"
  },
  {
    "productId": "247606",
    "technicalArticleNumber": "3670196",
    "commercialArticleNumber": "16480",
    "name": "flapjes ham en kaas",
    "description": "*Pannenkoekjes\ngevuld met ham en\nkaas",
    "brand": "IGLO",
    "seoBrand": "Iglo",
    "thumbNail": "https://static.colruytgroup.com/images/200x200/std.lang.all/35/24/asset-3153524.jpg",
    "fullImage": "https://static.colruytgroup.com/images/500x500/std.lang.all/35/24/asset-3153524.jpg",
    "squareImage": "https://static.colruytgroup.com/images/500x500sq/std.lang.all/35/24/asset-3153524.jpg",
    "content": "6st 255g",
    "walkRouteSequenceNumber": 16581,
    "price": {
      "basicPrice": 5.19,
      "recommendedQuantity": "1.0",
      "quantityPrice": 4.77,
      "quantityPriceQuantity": "3.0",
      "measurementUnitPrice": 20.36,
      "measurementUnitQuantityPrice": 18.71,
      "measurementUnit": "K",
      "isRedPrice": false,
      "pricePerUOM": 20.36,
      "activationDate": "20-03-2024",
      "isPromoActive": "N",
      "priceChangeCode": "L",
      "quantityPricePerUOM": 18.71,
      "quantityActivationDate": "20-03-2024",
      "quantityPriceChangeCode": "L"
    },
    "isAvailable": true,
    "isPriceAvailable": true,
    "inPromo": false,
    "gtin": [
      "05414807604104",
      "05414807005017"
    ],
    "topCategoryName": "Diepvries",
    "topCategoryId": "129",
    "businessDomain": "RETAIL_BE",
    "IsPrivateLabel": false,
    "IsBiffe": false,
    "WeightconversionFactor": "0",
    "IsWeightArticle": false,
    "nutriscoreLabel": "C",
    "IsBio": false,
    "CountryOfOrigin": "SPANJE",
    "IsExclusivelySoldInLuxembourg": false,
    "OrderUnit": "P",
    "ShortName": "IGLO FLAP HAM KAAS 255G",
    "IsNew": false,
    "RecentQuanityOfStockUnits": "1",
    "LongName": "IGLO flapjes ham en kaas 6st 255g",
    "AlcoholVolume": "0",
    "FicCode": "E"
  },
  {
    "productId": "1070",
    "technicalArticleNumber": "30024",
    "commercialArticleNumber": "30024",
    "name": "snijbonen gesneden",
    "description": "*Gesneden snijbonen",
    "brand": "BONI",
    "seoBrand": "Boni Selection",
    "thumbNail": "https://static.colruytgroup.com/images/200x200/std.lang.all/49/21/asset-3304921.jpg",
    "fullImage": "https://static.colruytgroup.com/images/500x500/std.lang.all/49/21/asset-3304921.jpg",
    "squareImage": "https://static.colruytgroup.com/images/500x500sq/std.lang.all/49/21/asset-3304921.jpg",
    "content": "1kg",
    "walkRouteSequenceNumber": 16989,
    "price": {
      "basicPrice": 2.19,
      "recommendedQuantity": "1.0",
      "quantityPrice": 2.01,
      "quantityPriceQuantity": "3.0",
      "measurementUnitPrice": 2.19,
      "measurementUnitQuantityPrice": 2.01,
      "measurementUnit": "K",
      "isRedPrice": false,
      "pricePerUOM": 2.19,
      "activationDate": "19-03-2024",
      "recordSource": "Offline",
      "isPromoActive": "N",
      "priceChangeCode": "E",
      "quantityPricePerUOM": 2.01,
      "quantityActivationDate": "19-03-2024",
      "quantityPriceChangeCode": "H"
    },
    "isAvailable": true,
    "isPriceAvailable": true,
    "inPromo": false,
    "gtin": [
      "05400141020038",
      "05400141162745",
      "05400141181821",
      "05400141276138",
      "05400141300246",
      "05400141400243",
      "05400141600247",
      "15400141276135",
      "15400141919261"
    ],
    "topCategoryName": "Diepvries",
    "topCategoryId": "129",
    "businessDomain": "RETAIL_BE",
    "IsPrivateLabel": true,
    "IsBiffe": false,
    "WeightconversionFactor": "0",
    "IsWeightArticle": false,
    "nutriscoreLabel": "A",
    "IsBio": false,
    "CountryOfOrigin": "BELGIË",
    "IsExclusivelySoldInLuxembourg": false,
    "OrderUnit": "P",
    "ShortName": "BONI SNIJBONEN 1K",
    "InSeason": true,
    "IsNew": false,
    "EcoscoreLabel": "A",
    "RecentQuanityOfStockUnits": "1",
    "LongName": "BONI snijbonen gesneden 1kg",
    "AlcoholVolume": "0",
    "StartSeasonDate": "13/10/2023",
    "FicCode": "I",
    "EcoscoreValue": "100"
  },
  {
    "productId": "34762",
    "technicalArticleNumber": "1824870",
    "commercialArticleNumber": "34365",
    "name": "hotelbroodjes",
    "description": "*5 Italiaanse, 5\nmultigranen-, 5\nalpen-, 5\nzwartewoud- en 5\nrusticobroodjes",
    "brand": "BONI",
    "seoBrand": "Boni Selection",
    "thumbNail": "https://static.colruytgroup.com/images/200x200/std.lang.all/12/57/asset-2641257.jpg",
    "fullImage": "https://static.colruytgroup.com/images/500x500/std.lang.all/12/57/asset-2641257.jpg",
    "squareImage": "https://static.colruytgroup.com/images/500x500sq/std.lang.all/12/57/asset-2641257.jpg",
    "content": "875g",
    "walkRouteSequenceNumber": 17913,
    "price": {
      "basicPrice": 6.02,
      "recommendedQuantity": "1.0",
      "quantityPrice": 5.54,
      "quantityPriceQuantity": "3.0",
      "measurementUnitPrice": 6.88,
      "measurementUnitQuantityPrice": 6.34,
      "measurementUnit": "K",
      "isRedPrice": false,
      "pricePerUOM": 6.88,
      "activationDate": "12-03-2024",
      "recordSource": "Offline",
      "isPromoActive": "N",
      "priceChangeCode": "E",
      "quantityPricePerUOM": 6.34,
      "quantityActivationDate": "12-03-2024",
      "quantityPriceChangeCode": "E"
    },
    "isAvailable": true,
    "isPriceAvailable": true,
    "inPromo": false,
    "gtin": [
      "05400141180534",
      "05400141387186",
      "05400141926910",
      "15400141960379",
      "15400141387183"
    ],
    "topCategoryName": "Diepvries",
    "topCategoryId": "129",
    "businessDomain": "RETAIL_BE",
    "IsPrivateLabel": true,
    "IsBiffe": false,
    "WeightconversionFactor": "0",
    "IsWeightArticle": false,
    "nutriscoreLabel": "C",
    "IsBio": false,
    "CountryOfOrigin": "BELGIË",
    "IsExclusivelySoldInLuxembourg": false,
    "OrderUnit": "P",
    "ShortName": "BONI HOTELBROOD 25X35G",
    "IsNew": false,
    "EcoscoreLabel": "B",
    "RecentQuanityOfStockUnits": "10,1",
    "LongName": "BONI hotelbroodjes 875g",
    "AlcoholVolume": "0",
    "FicCode": "I",
    "EcoscoreValue": "71"
  },
  {
    "productId": "592006",
    "technicalArticleNumber": "4250933",
    "commercialArticleNumber": "17966",
    "name": "Edamame sojabonen",
    "brand": "NISSUI",
    "seoBrand": "Nissui",
    "thumbNail": "https://static.colruytgroup.com/images/200x200/std.lang.all/27/08/asset-2082708.jpg",
    "fullImage": "https://static.colruytgroup.com/images/500x500/std.lang.all/27/08/asset-2082708.jpg",
    "squareImage": "https://static.colruytgroup.com/images/500x500sq/std.lang.all/27/08/asset-2082708.jpg",
    "content": "400g",
    "walkRouteSequenceNumber": 16985,
    "price": {
      "basicPrice": 5.39,
      "recommendedQuantity": "1.0",
      "quantityPrice": 4.96,
      "quantityPriceQuantity": "3.0",
      "measurementUnitPrice": 13.48,
      "measurementUnitQuantityPrice": 12.4,
      "measurementUnit": "K",
      "isRedPrice": false,
      "pricePerUOM": 13.48,
      "activationDate": "02-03-2024",
      "recordSource": "Offline",
      "isPromoActive": "N",
      "priceChangeCode": "H",
      "quantityPricePerUOM": 12.4,
      "quantityActivationDate": "02-03-2024",
      "quantityPriceChangeCode": "H"
    },
    "isAvailable": true,
    "isPriceAvailable": true,
    "inPromo": false,
    "gtin": [
      "05702008236799",
      "05702008236805"
    ],
    "topCategoryName": "Diepvries",
    "topCategoryId": "129",
    "businessDomain": "RETAIL_BE",
    "IsPrivateLabel": false,
    "IsBiffe": false,
    "WeightconversionFactor": "0",
    "IsWeightArticle": false,
    "nutriscoreLabel": "A",
    "IsBio": false,
    "CountryOfOrigin": "CHINA (VOLKSREBUPLIEK)",
    "IsExclusivelySoldInLuxembourg": false,
    "OrderUnit": "P",
    "ShortName": "NISS EDAMAME BONEN 400G",
    "InSeason": true,
    "IsNew": false,
    "EcoscoreLabel": "B",
    "RecentQuanityOfStockUnits": "1",
    "LongName": "NISSUI Edamame sojabonen 400g",
    "StartSeasonDate": "15/02/2021",
    "FicCode": "E",
    "EcoscoreValue": "78"
  },
  {
    "productId": "12530",
    "technicalArticleNumber": "1226788",
    "commercialArticleNumber": "30644",
    "name": "macaroni ham kaas",
    "description": "*Pasta, 11 % ham,\n9,8 % kaas\n*In de microgolfoven\noven",
    "brand": "EVERYDAY",
    "seoBrand": "Everyday",
    "thumbNail": "https://static.colruytgroup.com/images/200x200/std.lang.all/57/11/asset-1405711.jpg",
    "fullImage": "https://static.colruytgroup.com/images/500x500/std.lang.all/57/11/asset-1405711.jpg",
    "squareImage": "https://static.colruytgroup.com/images/500x500sq/std.lang.all/57/11/asset-1405711.jpg",
    "content": "500g",
    "walkRouteSequenceNumber": 16585,
    "price": {
      "basicPrice": 2.84,
      "recommendedQuantity": "1.0",
      "measurementUnitPrice": 5.68,
      "measurementUnit": "K",
      "isRedPrice": false,
      "pricePerUOM": 5.68,
      "activationDate": "21-03-2024",
      "recordSource": "Offline",
      "isPromoActive": "N",
      "priceChangeCode": "L"
    },
    "isAvailable": true,
    "isPriceAvailable": true,
    "inPromo": false,
    "gtin": [
      "05400141850987",
      "15400141850984",
      "05400141144451",
      "05400141165043",
      "15400141144458",
      "05400141906448"
    ],
    "topCategoryName": "Diepvries",
    "topCategoryId": "129",
    "businessDomain": "RETAIL_BE",
    "IsPrivateLabel": true,
    "IsBiffe": false,
    "WeightconversionFactor": "0",
    "IsWeightArticle": false,
    "nutriscoreLabel": "C",
    "IsBio": false,
    "CountryOfOrigin": "BELGIË",
    "IsExclusivelySoldInLuxembourg": false,
    "OrderUnit": "P",
    "ShortName": "EVD MACA KAAS HAM 500",
    "IsNew": false,
    "EcoscoreLabel": "C",
    "RecentQuanityOfStockUnits": "1",
    "LongName": "EVERYDAY macaroni ham kaas 500g",
    "AlcoholVolume": "0",
    "FicCode": "I",
    "EcoscoreValue": "50"
  },
  {
    "productId": "12530",
    "technicalArticleNumber": "1226788",
    "commercialArticleNumber": "30644",
    "name": "macaroni ham kaas",
    "description": "*Pasta, 11 % ham,\n9,8 % kaas\n*In de microgolfoven\noven",
    "brand": "EVERYDAY",
    "seoBrand": "Everyday",
    "thumbNail": "https://static.colruytgroup.com/images/200x200/std.lang.all/57/11/asset-1405711.jpg",
    "fullImage": "https://static.colruytgroup.com/images/500x500/std.lang.all/57/11/asset-1405711.jpg",
    "squareImage": "https://static.colruytgroup.com/images/500x500sq/std.lang.all/57/11/asset-1405711.jpg",
    "content": "500g",
    "walkRouteSequenceNumber": 16585,
    "price": {
      "basicPrice": 2.84,
      "recommendedQuantity": "1.0",
      "measurementUnitPrice": 5.68,
      "measurementUnit": "K",
      "isRedPrice": false,
      "pricePerUOM": 5.68,
      "activationDate": "21-03-2024",
      "recordSource": "Offline",
      "isPromoActive": "N",
      "priceChangeCode": "L"
    },
    "isAvailable": true,
    "isPriceAvailable": true,
    "inPromo": false,
    "gtin": [
      "05400141850987",
      "15400141850984",
      "05400141144451",
      "05400141165043",
      "15400141144458",
      "05400141906448"
    ],
    "topCategoryName": "Diepvries",
    "topCategoryId": "129",
    "businessDomain": "RETAIL_BE",
    "IsPrivateLabel": true,
    "IsBiffe": false,
    "WeightconversionFactor": "0",
    "IsWeightArticle": false,
    "nutriscoreLabel": "C",
    "IsBio": false,
    "CountryOfOrigin": "BELGIË",
    "IsExclusivelySoldInLuxembourg": false,
    "OrderUnit": "P",
    "ShortName": "EVD MACA KAAS HAM 500",
    "IsNew": false,
    "EcoscoreLabel": "C",
    "RecentQuanityOfStockUnits": "1",
    "LongName": "EVERYDAY macaroni ham kaas 500g",
    "AlcoholVolume": "0",
    "FicCode": "I",
    "EcoscoreValue": "50"
  },
  {
    "productId": "784664",
    "technicalArticleNumber": "4584620",
    "commercialArticleNumber": "11559",
    "name": "mozza.&pesto",
    "description": "*Met mozzarella,\nedammer, tomaat,\nspinazie, knoflook,\ndunne bodem\n*In de oven",
    "brand": "DR.OETKER TRADIZIONALE",
    "seoBrand": "Dr.Oetker Tradizionale",
    "thumbNail": "https://static.colruytgroup.com/images/200x200/std.lang.all/54/62/asset-3215462.jpg",
    "fullImage": "https://static.colruytgroup.com/images/500x500/std.lang.all/54/62/asset-3215462.jpg",
    "squareImage": "https://static.colruytgroup.com/images/500x500sq/std.lang.all/54/62/asset-3215462.jpg",
    "content": "385g",
    "walkRouteSequenceNumber": 18167,
    "price": {
      "basicPrice": 4.99,
      "recommendedQuantity": "1.0",
      "quantityPrice": 4.59,
      "quantityPriceQuantity": "3.0",
      "measurementUnitPrice": 12.97,
      "measurementUnitQuantityPrice": 11.93,
      "measurementUnit": "K",
      "isRedPrice": false,
      "pricePerUOM": 12.97,
      "activationDate": "23-03-2024",
      "recordSource": "Offline",
      "isPromoActive": "N",
      "priceChangeCode": "H",
      "quantityPricePerUOM": 11.93,
      "quantityActivationDate": "23-03-2024",
      "quantityPriceChangeCode": "H"
    },
    "isAvailable": true,
    "isPriceAvailable": true,
    "inPromo": false,
    "gtin": [
      "04001724038504",
      "04001724038511"
    ],
    "topCategoryName": "Diepvries",
    "topCategoryId": "129",
    "businessDomain": "RETAIL_BE",
    "IsPrivateLabel": false,
    "IsBiffe": false,
    "WeightconversionFactor": "0",
    "IsWeightArticle": false,
    "nutriscoreLabel": "B",
    "IsBio": false,
    "CountryOfOrigin": "DUITSLAND",
    "IsExclusivelySoldInLuxembourg": false,
    "OrderUnit": "P",
    "ShortName": "OETKER TRAD.MOZ.PE.385G",
    "IsNew": false,
    "RecentQuanityOfStockUnits": "1",
    "LongName": "DR.OETKER TRADIZIONALE mozza.&pesto 385g",
    "FicCode": "E"
  },
  {
    "productId": "831397",
    "technicalArticleNumber": "4671485",
    "commercialArticleNumber": "13825",
    "name": "zalmhaas",
    "description": "*Diepvries",
    "brand": "BONI",
    "seoBrand": "Boni Selection",
    "thumbNail": "https://static.colruytgroup.com/images/200x200/std.lang.all/42/98/asset-3454298.jpg",
    "fullImage": "https://static.colruytgroup.com/images/500x500/std.lang.all/42/98/asset-3454298.jpg",
    "squareImage": "https://static.colruytgroup.com/images/500x500sq/std.lang.all/42/98/asset-3454298.jpg",
    "content": "1kg",
    "walkRouteSequenceNumber": 16805,
    "price": {
      "basicPrice": 32.95,
      "recommendedQuantity": "1.0",
      "quantityPrice": 31.63,
      "quantityPriceQuantity": "3.0",
      "measurementUnitPrice": 32.95,
      "measurementUnitQuantityPrice": 31.63,
      "measurementUnit": "K",
      "isRedPrice": false,
      "pricePerUOM": 32.95,
      "activationDate": "13-03-2024",
      "isPromoActive": "Y",
      "priceChangeCode": "E",
      "quantityPricePerUOM": 31.63,
      "quantityActivationDate": "13-03-2024",
      "quantityPriceChangeCode": "H"
    },
    "isAvailable": true,
    "isPriceAvailable": true,
    "inPromo": true,
    "promotion": [
      {
        "techPromoId": "100857COLR",
        "promotionId": "100857",
        "promotionType": "0",
        "isPersonalized": "N",
        "publicationStartDate": "13-03-2024",
        "publicationEndDate": "26-03-2024"
      }
    ],
    "gtin": [
      "15400141456865",
      "05400141726220",
      "05400141456868"
    ],
    "topCategoryName": "Diepvries",
    "topCategoryId": "129",
    "businessDomain": "RETAIL_BE",
    "IsPrivateLabel": true,
    "IsBiffe": false,
    "WeightconversionFactor": "0",
    "IsWeightArticle": false,
    "nutriscoreLabel": "A",
    "IsBio": false,
    "CountryOfOrigin": "NOORWEGEN",
    "IsExclusivelySoldInLuxembourg": false,
    "OrderUnit": "P",
    "ShortName": "BONI ZALMHAAS 1KG",
    "IsNew": false,
    "EcoscoreLabel": "D",
    "RecentQuanityOfStockUnits": "1,1",
    "LongName": "BONI zalmhaas 1kg",
    "FicCode": "I",
    "EcoscoreValue": "29"
  },
  {
    "productId": "349142",
    "technicalArticleNumber": "3866963",
    "commercialArticleNumber": "42338",
    "name": "bloemkoolrijst",
    "brand": "BONI",
    "seoBrand": "Boni Selection",
    "thumbNail": "https://static.colruytgroup.com/images/200x200/std.lang.all/69/82/asset-1946982.jpg",
    "fullImage": "https://static.colruytgroup.com/images/500x500/std.lang.all/69/82/asset-1946982.jpg",
    "squareImage": "https://static.colruytgroup.com/images/500x500sq/std.lang.all/69/82/asset-1946982.jpg",
    "content": "1kg",
    "walkRouteSequenceNumber": 17004,
    "price": {
      "basicPrice": 3.59,
      "recommendedQuantity": "1.0",
      "quantityPrice": 3.3,
      "quantityPriceQuantity": "3.0",
      "measurementUnitPrice": 3.59,
      "measurementUnitQuantityPrice": 3.3,
      "measurementUnit": "K",
      "isRedPrice": false,
      "pricePerUOM": 3.59,
      "activationDate": "03-02-2024",
      "isPromoActive": "N",
      "priceChangeCode": "H",
      "quantityPricePerUOM": 3.3,
      "quantityActivationDate": "03-02-2024",
      "quantityPriceChangeCode": "H"
    },
    "isAvailable": true,
    "isPriceAvailable": true,
    "inPromo": false,
    "gtin": [
      "15400141273202",
      "05400141273205",
      "05400141234442"
    ],
    "topCategoryName": "Diepvries",
    "topCategoryId": "129",
    "businessDomain": "RETAIL_BE",
    "IsPrivateLabel": true,
    "IsBiffe": false,
    "WeightconversionFactor": "0",
    "IsWeightArticle": false,
    "nutriscoreLabel": "A",
    "IsBio": false,
    "CountryOfOrigin": "BELGIË",
    "IsExclusivelySoldInLuxembourg": false,
    "OrderUnit": "P",
    "ShortName": "BONI BLOEMKOOLRIJST 1KG",
    "IsNew": false,
    "EcoscoreLabel": "A",
    "RecentQuanityOfStockUnits": "1",
    "LongName": "BONI bloemkoolrijst 1kg",
    "AlcoholVolume": "0",
    "FicCode": "I",
    "EcoscoreValue": "93"
  },
  {
    "productId": "774584",
    "technicalArticleNumber": "4564056",
    "commercialArticleNumber": "1875",
    "name": "mix eclairs/chocoroomsoezen",
    "brand": "POPPIES",
    "seoBrand": "Poppies",
    "thumbNail": "https://static.colruytgroup.com/images/200x200/std.lang.all/52/45/asset-2755245.jpg",
    "fullImage": "https://static.colruytgroup.com/images/500x500/std.lang.all/52/45/asset-2755245.jpg",
    "squareImage": "https://static.colruytgroup.com/images/500x500sq/std.lang.all/52/45/asset-2755245.jpg",
    "content": "345g",
    "walkRouteSequenceNumber": 17471,
    "price": {
      "basicPrice": 3.97,
      "recommendedQuantity": "1.0",
      "measurementUnitPrice": 11.51,
      "measurementUnit": "K",
      "isRedPrice": false,
      "pricePerUOM": 11.51,
      "activationDate": "10-02-2023",
      "isPromoActive": "N",
      "priceChangeCode": "H"
    },
    "isAvailable": true,
    "isPriceAvailable": true,
    "inPromo": false,
    "gtin": [
      "15411823406047",
      "05411823406033"
    ],
    "topCategoryName": "Diepvries",
    "topCategoryId": "129",
    "businessDomain": "RETAIL_BE",
    "IsPrivateLabel": false,
    "IsBiffe": false,
    "WeightconversionFactor": "0",
    "IsWeightArticle": false,
    "nutriscoreLabel": "E",
    "IsBio": false,
    "CountryOfOrigin": "BELGIË",
    "IsExclusivelySoldInLuxembourg": false,
    "OrderUnit": "P",
    "ShortName": "POPP ECLAIRS/CHSOE.345G",
    "IsNew": false,
    "EcoscoreLabel": "D",
    "RecentQuanityOfStockUnits": "1,8",
    "LongName": "POPPIES mix eclairs/chocoroomsoezen 345g",
    "FicCode": "E",
    "EcoscoreValue": "37"
  },
  {
    "productId": "277823",
    "technicalArticleNumber": "3662783",
    "commercialArticleNumber": "40947",
    "name": "stokbroodjes",
    "description": "*12-14 minuten in\nde oven",
    "brand": "BONI",
    "seoBrand": "Boni Selection",
    "thumbNail": "https://static.colruytgroup.com/images/200x200/std.lang.all/35/18/asset-2313518.jpg",
    "fullImage": "https://static.colruytgroup.com/images/500x500/std.lang.all/35/18/asset-2313518.jpg",
    "squareImage": "https://static.colruytgroup.com/images/500x500sq/std.lang.all/35/18/asset-2313518.jpg",
    "content": "720g",
    "walkRouteSequenceNumber": 17931,
    "price": {
      "basicPrice": 4.19,
      "recommendedQuantity": "1.0",
      "quantityPrice": 3.85,
      "quantityPriceQuantity": "3.0",
      "measurementUnitPrice": 5.82,
      "measurementUnitQuantityPrice": 5.35,
      "measurementUnit": "K",
      "isRedPrice": false,
      "pricePerUOM": 5.82,
      "activationDate": "02-01-2024",
      "isPromoActive": "N",
      "priceChangeCode": "E",
      "quantityPricePerUOM": 5.35,
      "quantityActivationDate": "02-01-2024",
      "quantityPriceChangeCode": "E"
    },
    "isAvailable": true,
    "isPriceAvailable": true,
    "inPromo": false,
    "gtin": [
      "05400141126167",
      "05400141387131",
      "15400141126164",
      "15400141387138"
    ],
    "topCategoryName": "Diepvries",
    "topCategoryId": "129",
    "businessDomain": "RETAIL_BE",
    "IsPrivateLabel": true,
    "IsBiffe": false,
    "WeightconversionFactor": "0",
    "IsWeightArticle": false,
    "nutriscoreLabel": "C",
    "IsBio": false,
    "CountryOfOrigin": "BELGIË",
    "IsExclusivelySoldInLuxembourg": false,
    "OrderUnit": "P",
    "ShortName": "BONI STOKBROODJES 6ST",
    "IsNew": false,
    "EcoscoreLabel": "B",
    "RecentQuanityOfStockUnits": "1",
    "LongName": "BONI stokbroodjes 720g",
    "AlcoholVolume": "0",
    "FicCode": "I",
    "EcoscoreValue": "77"
  },
  {
    "productId": "4507",
    "technicalArticleNumber": "30404",
    "commercialArticleNumber": "30404",
    "name": "brochette varkenvlees",
    "description": "*Met 59 %\nvarkensvlees\n*In de pan, oven,\nfrituurpan, barbecue",
    "brand": "EVERYDAY",
    "seoBrand": "Everyday",
    "thumbNail": "https://static.colruytgroup.com/images/200x200/std.lang.all/95/86/asset-1169586.jpg",
    "fullImage": "https://static.colruytgroup.com/images/500x500/std.lang.all/95/86/asset-1169586.jpg",
    "squareImage": "https://static.colruytgroup.com/images/500x500sq/std.lang.all/95/86/asset-1169586.jpg",
    "content": "10x110g",
    "walkRouteSequenceNumber": 17588,
    "price": {
      "basicPrice": 12.98,
      "recommendedQuantity": "1.0",
      "measurementUnitPrice": 11.8,
      "measurementUnit": "K",
      "isRedPrice": false,
      "pricePerUOM": 11.8,
      "activationDate": "13-03-2024",
      "recordSource": "Offline",
      "isPromoActive": "N",
      "priceChangeCode": "H"
    },
    "isAvailable": true,
    "isPriceAvailable": true,
    "inPromo": false,
    "gtin": [
      "15400141760740",
      "05400141604047",
      "05400141125351",
      "05400141401110",
      "05400141760743",
      "15400141960454"
    ],
    "topCategoryName": "Diepvries",
    "topCategoryId": "129",
    "businessDomain": "RETAIL_BE",
    "IsPrivateLabel": true,
    "IsBiffe": false,
    "WeightconversionFactor": "0",
    "IsWeightArticle": false,
    "nutriscoreLabel": "C",
    "IsBio": false,
    "CountryOfOrigin": "HONGARIJE",
    "IsExclusivelySoldInLuxembourg": false,
    "OrderUnit": "P",
    "ShortName": "EVD BROCHETT 10X110G",
    "IsNew": false,
    "EcoscoreLabel": "E",
    "RecentQuanityOfStockUnits": "1,8",
    "LongName": "EVERYDAY brochette varkenvlees 10x110g",
    "AlcoholVolume": "0",
    "FicCode": "I",
    "EcoscoreValue": "11"
  },
  {
    "productId": "754281",
    "technicalArticleNumber": "4528519",
    "commercialArticleNumber": "3014",
    "name": "Mexicaanse groentenmix",
    "description": "*Bonen, rode paprika\nmaïs, kidneybonen,\nui, gele paprika,\nmaïskolven",
    "brand": "BONI",
    "seoBrand": "Boni Selection",
    "thumbNail": "https://static.colruytgroup.com/images/200x200/std.lang.all/03/15/asset-2770315.jpg",
    "fullImage": "https://static.colruytgroup.com/images/500x500/std.lang.all/03/15/asset-2770315.jpg",
    "squareImage": "https://static.colruytgroup.com/images/500x500sq/std.lang.all/03/15/asset-2770315.jpg",
    "content": "750g",
    "walkRouteSequenceNumber": 17132,
    "price": {
      "basicPrice": 3.65,
      "recommendedQuantity": "1.0",
      "quantityPrice": 3.36,
      "quantityPriceQuantity": "3.0",
      "measurementUnitPrice": 4.87,
      "measurementUnitQuantityPrice": 4.48,
      "measurementUnit": "K",
      "isRedPrice": false,
      "pricePerUOM": 4.87,
      "activationDate": "01-02-2024",
      "recordSource": "Offline",
      "isPromoActive": "N",
      "priceChangeCode": "E",
      "quantityPricePerUOM": 4.48,
      "quantityActivationDate": "01-02-2024",
      "quantityPriceChangeCode": "H"
    },
    "isAvailable": true,
    "isPriceAvailable": true,
    "inPromo": false,
    "gtin": [
      "05400141623888",
      "15400141623885"
    ],
    "topCategoryName": "Diepvries",
    "topCategoryId": "129",
    "businessDomain": "RETAIL_BE",
    "IsPrivateLabel": true,
    "IsBiffe": false,
    "WeightconversionFactor": "0",
    "IsWeightArticle": false,
    "nutriscoreLabel": "A",
    "IsBio": false,
    "CountryOfOrigin": "BELGIË",
    "IsExclusivelySoldInLuxembourg": false,
    "OrderUnit": "P",
    "ShortName": "BONI MEXIC.GR.MIX 750G",
    "IsNew": false,
    "EcoscoreLabel": "A",
    "RecentQuanityOfStockUnits": "1",
    "LongName": "BONI Mexicaanse groentenmix 750g",
    "FicCode": "I",
    "EcoscoreValue": "84"
  },
  {
    "productId": "219953",
    "technicalArticleNumber": "3505991",
    "commercialArticleNumber": "33170",
    "name": "koolvishaasje graatloos MSC",
    "description": "*Wild, noord-\noostelijk deel van\nAtlantische oceaan\n*met label MSC",
    "brand": "BONI",
    "seoBrand": "Boni Selection",
    "thumbNail": "https://static.colruytgroup.com/images/200x200/std.lang.all/48/21/asset-2404821.jpg",
    "fullImage": "https://static.colruytgroup.com/images/500x500/std.lang.all/48/21/asset-2404821.jpg",
    "squareImage": "https://static.colruytgroup.com/images/500x500sq/std.lang.all/48/21/asset-2404821.jpg",
    "content": "±1kg",
    "walkRouteSequenceNumber": 16784,
    "price": {
      "basicPrice": 15.9,
      "recommendedQuantity": "1.0",
      "unit": "K",
      "quantityPrice": 14.6,
      "quantityPriceQuantity": "3.0",
      "measurementUnitPrice": 15.9,
      "measurementUnitQuantityPrice": 14.6,
      "measurementUnit": "K",
      "isRedPrice": false,
      "pricePerUOM": 15.9,
      "activationDate": "13-03-2024",
      "isPromoActive": "N",
      "priceChangeCode": "H",
      "quantityPricePerUOM": 14.6,
      "quantityActivationDate": "13-03-2024",
      "quantityPriceChangeCode": "H"
    },
    "isAvailable": true,
    "isPriceAvailable": true,
    "inPromo": false,
    "gtin": [
      "05400141317107",
      "05400141166095",
      "95400141031358",
      "95400141166098",
      "05400141416404",
      "95400141317100"
    ],
    "topCategoryName": "Diepvries",
    "topCategoryId": "129",
    "businessDomain": "RETAIL_BE",
    "IsPrivateLabel": true,
    "IsBiffe": false,
    "WeightconversionFactor": "1000",
    "IsWeightArticle": true,
    "nutriscoreLabel": "A",
    "IsBio": false,
    "CountryOfOrigin": "IJSLAND",
    "IsExclusivelySoldInLuxembourg": false,
    "OrderUnit": "P",
    "ShortName": "BONI KOOLV HAASJE 1K W",
    "IsNew": false,
    "EcoscoreLabel": "D",
    "RecentQuanityOfStockUnits": "1",
    "LongName": "BONI koolvishaasje graatloos MSC ±1kg",
    "AlcoholVolume": "0",
    "FicCode": "I",
    "EcoscoreValue": "37"
  },
  {
    "productId": "63997",
    "technicalArticleNumber": "2834298",
    "commercialArticleNumber": "20394",
    "name": "kippenhapjes",
    "description": "*Met 94% kippenvlees\n*In de microgolfoven\noven, frituurpan",
    "brand": "BONI",
    "seoBrand": "Boni Selection",
    "thumbNail": "https://static.colruytgroup.com/images/200x200/std.lang.all/59/48/asset-905948.jpg",
    "fullImage": "https://static.colruytgroup.com/images/500x500/std.lang.all/59/48/asset-905948.jpg",
    "squareImage": "https://static.colruytgroup.com/images/500x500sq/std.lang.all/59/48/asset-905948.jpg",
    "content": "1,25kg",
    "walkRouteSequenceNumber": 16723,
    "price": {
      "basicPrice": 9.99,
      "recommendedQuantity": "1.0",
      "quantityPrice": 9.59,
      "quantityPriceQuantity": "3.0",
      "measurementUnitPrice": 8,
      "measurementUnitQuantityPrice": 7.68,
      "measurementUnit": "K",
      "isRedPrice": false,
      "pricePerUOM": 8,
      "activationDate": "17-01-2024",
      "isPromoActive": "N",
      "priceChangeCode": "E",
      "quantityPricePerUOM": 7.68,
      "quantityActivationDate": "17-01-2024",
      "quantityPriceChangeCode": "E"
    },
    "isAvailable": true,
    "isPriceAvailable": true,
    "inPromo": false,
    "gtin": [
      "15400141400257",
      "05400141203943",
      "05400141234756",
      "05400141382211",
      "05400141400250",
      "15400141964735",
      "05400141088199"
    ],
    "topCategoryName": "Diepvries",
    "topCategoryId": "129",
    "businessDomain": "RETAIL_BE",
    "IsPrivateLabel": true,
    "IsBiffe": false,
    "WeightconversionFactor": "0",
    "IsWeightArticle": false,
    "nutriscoreLabel": "D",
    "IsBio": false,
    "CountryOfOrigin": "BELGIË",
    "IsExclusivelySoldInLuxembourg": false,
    "OrderUnit": "P",
    "ShortName": "BONI KIPPENHAPJES 1K25",
    "IsNew": false,
    "EcoscoreLabel": "D",
    "RecentQuanityOfStockUnits": "1",
    "LongName": "BONI kippenhapjes 1,25kg",
    "AlcoholVolume": "0",
    "FicCode": "I",
    "EcoscoreValue": "20"
  },
  {
    "productId": "141562",
    "technicalArticleNumber": "3147206",
    "commercialArticleNumber": "34826",
    "name": "Ristorante pizza carbona.",
    "description": "*Met ham, ui,\nei, knoflook,\nmozzarella, edammer,\ndunne bodem\n*In de oven",
    "brand": "DR.OETKER",
    "seoBrand": "Dr.Oetker Ristorante",
    "thumbNail": "https://static.colruytgroup.com/images/200x200/std.lang.all/54/85/asset-3215485.jpg",
    "fullImage": "https://static.colruytgroup.com/images/500x500/std.lang.all/54/85/asset-3215485.jpg",
    "squareImage": "https://static.colruytgroup.com/images/500x500sq/std.lang.all/54/85/asset-3215485.jpg",
    "content": "340g",
    "walkRouteSequenceNumber": 18007,
    "price": {
      "basicPrice": 4.65,
      "recommendedQuantity": "1.0",
      "quantityPrice": 4.28,
      "quantityPriceQuantity": "3.0",
      "measurementUnitPrice": 13.68,
      "measurementUnitQuantityPrice": 12.59,
      "measurementUnit": "K",
      "isRedPrice": false,
      "pricePerUOM": 13.68,
      "activationDate": "23-02-2024",
      "recordSource": "Offline",
      "isPromoActive": "N",
      "priceChangeCode": "H",
      "quantityPricePerUOM": 12.59,
      "quantityActivationDate": "23-02-2024",
      "quantityPriceChangeCode": "H"
    },
    "isAvailable": true,
    "isPriceAvailable": true,
    "inPromo": false,
    "gtin": [
      "04001724015963",
      "04001724015970",
      "04001724039365",
      "04001724039358"
    ],
    "topCategoryName": "Diepvries",
    "topCategoryId": "129",
    "businessDomain": "RETAIL_BE",
    "IsPrivateLabel": false,
    "IsBiffe": false,
    "WeightconversionFactor": "0",
    "IsWeightArticle": false,
    "nutriscoreLabel": "D",
    "IsBio": false,
    "CountryOfOrigin": "DUITSLAND",
    "IsExclusivelySoldInLuxembourg": false,
    "OrderUnit": "P",
    "ShortName": "OETK RIST CARBONARA340G",
    "IsNew": false,
    "RecentQuanityOfStockUnits": "1",
    "LongName": "DR.OETKER Ristorante pizza carbona. 340g",
    "AlcoholVolume": "0",
    "FicCode": "E"
  },
  {
    "productId": "614244",
    "technicalArticleNumber": "4289174",
    "commercialArticleNumber": "23302",
    "name": "Tijgerpistolet",
    "description": "*Voorgebakken\n*Diepgevroren\ntarwebroodproduct",
    "brand": "BONI",
    "seoBrand": "Boni Selection",
    "thumbNail": "https://static.colruytgroup.com/images/200x200/std.lang.all/45/07/asset-2264507.jpg",
    "fullImage": "https://static.colruytgroup.com/images/500x500/std.lang.all/45/07/asset-2264507.jpg",
    "squareImage": "https://static.colruytgroup.com/images/500x500sq/std.lang.all/45/07/asset-2264507.jpg",
    "content": "8x80g",
    "walkRouteSequenceNumber": 17892,
    "price": {
      "basicPrice": 5.24,
      "recommendedQuantity": "1.0",
      "quantityPrice": 4.82,
      "quantityPriceQuantity": "3.0",
      "measurementUnitPrice": 8.19,
      "measurementUnitQuantityPrice": 7.54,
      "measurementUnit": "K",
      "isRedPrice": false,
      "pricePerUOM": 8.19,
      "activationDate": "16-08-2023",
      "isPromoActive": "N",
      "priceChangeCode": "H",
      "quantityPricePerUOM": 7.54,
      "quantityActivationDate": "16-08-2023",
      "quantityPriceChangeCode": "H"
    },
    "isAvailable": true,
    "isPriceAvailable": true,
    "inPromo": false,
    "gtin": [
      "15400141614845",
      "05400141614848",
      "15400141416043",
      "05400141416046"
    ],
    "topCategoryName": "Diepvries",
    "topCategoryId": "129",
    "businessDomain": "RETAIL_BE",
    "IsPrivateLabel": true,
    "IsBiffe": false,
    "WeightconversionFactor": "0",
    "IsWeightArticle": false,
    "nutriscoreLabel": "C",
    "IsBio": false,
    "CountryOfOrigin": "POLEN",
    "IsExclusivelySoldInLuxembourg": false,
    "OrderUnit": "P",
    "ShortName": "BONI TIJGERPISTOL8X80G",
    "IsNew": false,
    "EcoscoreLabel": "B",
    "RecentQuanityOfStockUnits": "1,1",
    "LongName": "BONI Tijgerpistolet 8x80g",
    "FicCode": "I",
    "EcoscoreValue": "77"
  },
  {
    "productId": "463328",
    "technicalArticleNumber": "3960323",
    "commercialArticleNumber": "1636",
    "name": "garnaalkroketten",
    "description": "*Met 25% Noordzee-\ngarnalen\n*In de frituurpan",
    "brand": "EVERYDAY",
    "seoBrand": "Everyday",
    "thumbNail": "https://static.colruytgroup.com/images/200x200/std.lang.all/30/90/asset-1583090.jpg",
    "fullImage": "https://static.colruytgroup.com/images/500x500/std.lang.all/30/90/asset-1583090.jpg",
    "squareImage": "https://static.colruytgroup.com/images/500x500sq/std.lang.all/30/90/asset-1583090.jpg",
    "content": "12x60g",
    "walkRouteSequenceNumber": 17521,
    "price": {
      "basicPrice": 9.78,
      "recommendedQuantity": "1.0",
      "measurementUnitPrice": 13.59,
      "measurementUnit": "K",
      "isRedPrice": false,
      "pricePerUOM": 13.59,
      "activationDate": "08-03-2024",
      "recordSource": "Offline",
      "isPromoActive": "N",
      "priceChangeCode": "L"
    },
    "isAvailable": true,
    "isPriceAvailable": true,
    "inPromo": false,
    "gtin": [
      "05400141063486",
      "15400141063483"
    ],
    "topCategoryName": "Diepvries",
    "topCategoryId": "129",
    "businessDomain": "RETAIL_BE",
    "IsPrivateLabel": true,
    "IsBiffe": false,
    "WeightconversionFactor": "0",
    "IsWeightArticle": false,
    "nutriscoreLabel": "D",
    "IsBio": false,
    "CountryOfOrigin": "BELGIË",
    "IsExclusivelySoldInLuxembourg": false,
    "OrderUnit": "P",
    "ShortName": "EVD GARNAALKROK.12X60G",
    "IsNew": false,
    "EcoscoreLabel": "A",
    "RecentQuanityOfStockUnits": "1,10",
    "LongName": "EVERYDAY garnaalkroketten 12x60g",
    "FicCode": "I",
    "EcoscoreValue": "80"
  },
  {
    "productId": "774587",
    "technicalArticleNumber": "4564065",
    "commercialArticleNumber": "1876",
    "name": "mini trio donuts",
    "brand": "POPPIES",
    "seoBrand": "Poppies",
    "thumbNail": "https://static.colruytgroup.com/images/200x200/std.lang.all/52/46/asset-2755246.jpg",
    "fullImage": "https://static.colruytgroup.com/images/500x500/std.lang.all/52/46/asset-2755246.jpg",
    "squareImage": "https://static.colruytgroup.com/images/500x500sq/std.lang.all/52/46/asset-2755246.jpg",
    "content": "276g",
    "walkRouteSequenceNumber": 17470,
    "price": {
      "basicPrice": 2.99,
      "recommendedQuantity": "1.0",
      "quantityPrice": 2.75,
      "quantityPriceQuantity": "3.0",
      "measurementUnitPrice": 10.84,
      "measurementUnitQuantityPrice": 9.97,
      "measurementUnit": "K",
      "isRedPrice": false,
      "pricePerUOM": 10.84,
      "activationDate": "19-03-2024",
      "recordSource": "Offline",
      "isPromoActive": "N",
      "priceChangeCode": "L",
      "quantityPricePerUOM": 9.97,
      "quantityActivationDate": "19-03-2024",
      "quantityPriceChangeCode": "L"
    },
    "isAvailable": true,
    "isPriceAvailable": true,
    "inPromo": false,
    "gtin": [
      "05411823867841",
      "05411823867858"
    ],
    "topCategoryName": "Diepvries",
    "topCategoryId": "129",
    "businessDomain": "RETAIL_BE",
    "IsPrivateLabel": false,
    "IsBiffe": false,
    "WeightconversionFactor": "0",
    "IsWeightArticle": false,
    "IsBio": false,
    "CountryOfOrigin": "BELGIË",
    "IsExclusivelySoldInLuxembourg": false,
    "OrderUnit": "P",
    "ShortName": "POPP MI.TRIO DONUTS276G",
    "IsNew": false,
    "EcoscoreLabel": "C",
    "RecentQuanityOfStockUnits": "1",
    "LongName": "POPPIES mini trio donuts 276g",
    "FicCode": "E",
    "EcoscoreValue": "42"
  },
  {
    "productId": "448242",
    "technicalArticleNumber": "4028763",
    "commercialArticleNumber": "5471",
    "name": "minibouchées 20st",
    "description": "Ass.: ham/kaas\nvol-au-vent\nzalm\nbolognaise\nprei",
    "brand": "BONI",
    "seoBrand": "Boni Selection",
    "thumbNail": "https://static.colruytgroup.com/images/200x200/std.lang.all/48/87/asset-3404887.jpg",
    "fullImage": "https://static.colruytgroup.com/images/500x500/std.lang.all/48/87/asset-3404887.jpg",
    "squareImage": "https://static.colruytgroup.com/images/500x500sq/std.lang.all/48/87/asset-3404887.jpg",
    "content": "350g",
    "walkRouteSequenceNumber": 16708,
    "price": {
      "basicPrice": 4.37,
      "recommendedQuantity": "1.0",
      "quantityPrice": 4.2,
      "quantityPriceQuantity": "3.0",
      "measurementUnitPrice": 12.49,
      "measurementUnitQuantityPrice": 12,
      "measurementUnit": "K",
      "isRedPrice": false,
      "pricePerUOM": 12.49,
      "activationDate": "21-02-2024",
      "recordSource": "Offline",
      "isPromoActive": "N",
      "priceChangeCode": "L",
      "quantityPricePerUOM": 12,
      "quantityActivationDate": "21-02-2024",
      "quantityPriceChangeCode": "L"
    },
    "isAvailable": true,
    "isPriceAvailable": true,
    "inPromo": false,
    "gtin": [
      "05400141241839",
      "05400141840575",
      "15400141241836"
    ],
    "topCategoryName": "Diepvries",
    "topCategoryId": "129",
    "businessDomain": "RETAIL_BE",
    "IsPrivateLabel": true,
    "IsBiffe": false,
    "WeightconversionFactor": "0",
    "IsWeightArticle": false,
    "nutriscoreLabel": "D",
    "IsBio": false,
    "CountryOfOrigin": "BELGIË",
    "IsExclusivelySoldInLuxembourg": false,
    "OrderUnit": "P",
    "ShortName": "BONI MINI BOUCHEES 20ST",
    "IsNew": false,
    "EcoscoreLabel": "D",
    "RecentQuanityOfStockUnits": "1",
    "LongName": "BONI minibouchées 20st 350g",
    "FicCode": "I",
    "EcoscoreValue": "22"
  },
  {
    "productId": "377718",
    "technicalArticleNumber": "3834265",
    "commercialArticleNumber": "16982",
    "name": "loempia kip 4st",
    "description": "* Met 15 % kippenvlees,\n41 % groenten\n* Frituurpan, oven of pan",
    "brand": "BONI",
    "seoBrand": "Boni Selection",
    "thumbNail": "https://static.colruytgroup.com/images/200x200/std.lang.all/80/69/asset-1518069.jpg",
    "fullImage": "https://static.colruytgroup.com/images/500x500/std.lang.all/80/69/asset-1518069.jpg",
    "squareImage": "https://static.colruytgroup.com/images/500x500sq/std.lang.all/80/69/asset-1518069.jpg",
    "content": "600g",
    "walkRouteSequenceNumber": 17590,
    "price": {
      "basicPrice": 6.58,
      "recommendedQuantity": "1.0",
      "quantityPrice": 6.05,
      "quantityPriceQuantity": "3.0",
      "measurementUnitPrice": 10.97,
      "measurementUnitQuantityPrice": 10.09,
      "measurementUnit": "K",
      "isRedPrice": false,
      "pricePerUOM": 10.97,
      "activationDate": "14-02-2024",
      "recordSource": "Offline",
      "isPromoActive": "N",
      "priceChangeCode": "E",
      "quantityPricePerUOM": 10.09,
      "quantityActivationDate": "14-02-2024",
      "quantityPriceChangeCode": "E"
    },
    "isAvailable": true,
    "isPriceAvailable": true,
    "inPromo": false,
    "gtin": [
      "15400141677871",
      "05400141222777",
      "05400141238303",
      "05400141344387",
      "15400141344384",
      "05400141677874"
    ],
    "topCategoryName": "Diepvries",
    "topCategoryId": "129",
    "businessDomain": "RETAIL_BE",
    "IsPrivateLabel": true,
    "IsBiffe": false,
    "WeightconversionFactor": "0",
    "IsWeightArticle": false,
    "nutriscoreLabel": "C",
    "IsBio": false,
    "CountryOfOrigin": "NEDERLAND",
    "IsExclusivelySoldInLuxembourg": false,
    "OrderUnit": "P",
    "ShortName": "BONI LOEMPIA KIP 4ST.",
    "IsNew": false,
    "EcoscoreLabel": "B",
    "RecentQuanityOfStockUnits": "1",
    "LongName": "BONI loempia kip 4st 600g",
    "AlcoholVolume": "0",
    "FicCode": "I",
    "EcoscoreValue": "79"
  },
  {
    "productId": "365842",
    "technicalArticleNumber": "3870508",
    "commercialArticleNumber": "40566",
    "name": "chocoladetorsade 6st",
    "description": "*Met chocolade\n*Met 13,5 % boter\n*18-20 minuten oven\n*Na ontdooien niet\nopnieuw invriezen",
    "brand": "BONI",
    "seoBrand": "Boni Selection",
    "thumbNail": "https://static.colruytgroup.com/images/200x200/nl_be/82/01/asset-2538201.jpg",
    "fullImage": "https://static.colruytgroup.com/images/500x500/nl_be/82/01/asset-2538201.jpg",
    "squareImage": "https://static.colruytgroup.com/images/500x500sq/nl_be/82/01/asset-2538201.jpg",
    "content": "600g",
    "walkRouteSequenceNumber": 17928,
    "price": {
      "basicPrice": 4.95,
      "recommendedQuantity": "1.0",
      "quantityPrice": 4.75,
      "quantityPriceQuantity": "3.0",
      "measurementUnitPrice": 8.25,
      "measurementUnitQuantityPrice": 7.92,
      "measurementUnit": "K",
      "isRedPrice": false,
      "pricePerUOM": 8.25,
      "activationDate": "04-01-2024",
      "isPromoActive": "N",
      "priceChangeCode": "H",
      "quantityPricePerUOM": 7.92,
      "quantityActivationDate": "04-01-2024",
      "quantityPriceChangeCode": "H"
    },
    "isAvailable": true,
    "isPriceAvailable": true,
    "inPromo": false,
    "gtin": [
      "15400141234494",
      "05400141234497",
      "05400141323566"
    ],
    "topCategoryName": "Diepvries",
    "topCategoryId": "129",
    "businessDomain": "RETAIL_BE",
    "IsPrivateLabel": true,
    "IsBiffe": false,
    "WeightconversionFactor": "0",
    "IsWeightArticle": false,
    "nutriscoreLabel": "D",
    "IsBio": false,
    "CountryOfOrigin": "FRANKRIJK",
    "IsExclusivelySoldInLuxembourg": false,
    "OrderUnit": "P",
    "ShortName": "BONI CHOC.TORSADE6X100G",
    "IsNew": false,
    "EcoscoreLabel": "C",
    "RecentQuanityOfStockUnits": "1,7",
    "LongName": "BONI chocoladetorsade 6st 600g",
    "AlcoholVolume": "0",
    "FicCode": "I",
    "EcoscoreValue": "54"
  },
  {
    "productId": "990",
    "technicalArticleNumber": "30092",
    "commercialArticleNumber": "30092",
    "name": "inktvisringen",
    "description": "*Wild, zuid-\nwestelijk deel van\nde Atlantische\noceaan\n*Rauw",
    "brand": "ALFRIO",
    "seoBrand": "Alfrio",
    "thumbNail": "https://static.colruytgroup.com/images/200x200/std.lang.all/11/73/asset-1181173.jpg",
    "fullImage": "https://static.colruytgroup.com/images/500x500/std.lang.all/11/73/asset-1181173.jpg",
    "squareImage": "https://static.colruytgroup.com/images/500x500sq/std.lang.all/11/73/asset-1181173.jpg",
    "content": "500g",
    "walkRouteSequenceNumber": 16659,
    "price": {
      "basicPrice": 6.29,
      "recommendedQuantity": "1.0",
      "measurementUnitPrice": 12.58,
      "measurementUnit": "K",
      "isRedPrice": false,
      "pricePerUOM": 12.58,
      "activationDate": "05-03-2024",
      "recordSource": "Offline",
      "isPromoActive": "N",
      "priceChangeCode": "H"
    },
    "isAvailable": true,
    "isPriceAvailable": true,
    "inPromo": false,
    "gtin": [
      "05400141300963",
      "08422733310997",
      "18422733310994"
    ],
    "topCategoryName": "Diepvries",
    "topCategoryId": "129",
    "businessDomain": "RETAIL_BE",
    "IsPrivateLabel": false,
    "IsBiffe": false,
    "WeightconversionFactor": "0",
    "IsWeightArticle": false,
    "IsBio": false,
    "CountryOfOrigin": "SPANJE",
    "IsExclusivelySoldInLuxembourg": false,
    "OrderUnit": "P",
    "ShortName": "ALFRIO INKTVISRING 500G",
    "IsNew": false,
    "RecentQuanityOfStockUnits": "1",
    "LongName": "ALFRIO inktvisringen 500g",
    "AlcoholVolume": "0",
    "FicCode": "I"
  },
  {
    "productId": "828152",
    "technicalArticleNumber": "4666668",
    "commercialArticleNumber": "4529",
    "name": "paprika mix",
    "description": "*Diepvries",
    "brand": "BONI BIO",
    "seoBrand": "Boni Selection Bio",
    "thumbNail": "https://static.colruytgroup.com/images/200x200/std.lang.all/95/89/asset-2949589.jpg",
    "fullImage": "https://static.colruytgroup.com/images/500x500/std.lang.all/95/89/asset-2949589.jpg",
    "squareImage": "https://static.colruytgroup.com/images/500x500sq/std.lang.all/95/89/asset-2949589.jpg",
    "content": "600g",
    "walkRouteSequenceNumber": 17119,
    "price": {
      "basicPrice": 3.09,
      "recommendedQuantity": "1.0",
      "quantityPrice": 2.84,
      "quantityPriceQuantity": "3.0",
      "measurementUnitPrice": 5.15,
      "measurementUnitQuantityPrice": 4.74,
      "measurementUnit": "K",
      "isRedPrice": false,
      "pricePerUOM": 5.15,
      "activationDate": "22-01-2024",
      "isPromoActive": "N",
      "priceChangeCode": "H",
      "quantityPricePerUOM": 4.74,
      "quantityActivationDate": "22-01-2024",
      "quantityPriceChangeCode": "E"
    },
    "isAvailable": true,
    "isPriceAvailable": true,
    "inPromo": false,
    "gtin": [
      "05400141659313",
      "15400141659310"
    ],
    "topCategoryName": "Diepvries",
    "topCategoryId": "129",
    "businessDomain": "RETAIL_BE",
    "IsPrivateLabel": true,
    "IsBiffe": false,
    "WeightconversionFactor": "0",
    "IsWeightArticle": false,
    "IsBio": true,
    "CountryOfOrigin": "SPANJE",
    "IsExclusivelySoldInLuxembourg": false,
    "OrderUnit": "P",
    "ShortName": "BONI BIO PAPR.MIX 600G",
    "IsNew": false,
    "RecentQuanityOfStockUnits": "1",
    "LongName": "BONI BIO paprika mix 600g",
    "FicCode": "I"
  },
  {
    "productId": "90386",
    "technicalArticleNumber": "2933598",
    "commercialArticleNumber": "38605",
    "name": "kip in witloofsaus",
    "description": "*Met 17% kip, puree,\nwitloofsaus\n*In de microgolfoven\noven",
    "brand": "BONI",
    "seoBrand": "Boni Selection",
    "thumbNail": "https://static.colruytgroup.com/images/200x200/std.lang.all/80/77/asset-1238077.jpg",
    "fullImage": "https://static.colruytgroup.com/images/500x500/std.lang.all/80/77/asset-1238077.jpg",
    "squareImage": "https://static.colruytgroup.com/images/500x500sq/std.lang.all/80/77/asset-1238077.jpg",
    "content": "500g",
    "walkRouteSequenceNumber": 16615,
    "price": {
      "basicPrice": 3.29,
      "recommendedQuantity": "1.0",
      "measurementUnitPrice": 6.58,
      "measurementUnit": "K",
      "isRedPrice": false,
      "pricePerUOM": 6.58,
      "activationDate": "04-01-2024",
      "isPromoActive": "N",
      "priceChangeCode": "H"
    },
    "isAvailable": true,
    "isPriceAvailable": true,
    "inPromo": false,
    "gtin": [
      "05400141590036",
      "05400141850970",
      "15400141850977",
      "35400141246095",
      "15400141246091",
      "05400141386059",
      "05400141342567",
      "05400141246094",
      "05400141224559",
      "05400141163902",
      "05400141026603",
      "05400141119671"
    ],
    "topCategoryName": "Diepvries",
    "topCategoryId": "129",
    "businessDomain": "RETAIL_BE",
    "IsPrivateLabel": true,
    "IsBiffe": false,
    "WeightconversionFactor": "0",
    "IsWeightArticle": false,
    "nutriscoreLabel": "B",
    "IsBio": false,
    "CountryOfOrigin": "BELGIË",
    "IsExclusivelySoldInLuxembourg": false,
    "OrderUnit": "P",
    "ShortName": "BONI KIP WITLO.SAUS500G",
    "IsNew": false,
    "EcoscoreLabel": "B",
    "RecentQuanityOfStockUnits": "1",
    "LongName": "BONI kip in witloofsaus 500g",
    "AlcoholVolume": "0",
    "FicCode": "I",
    "EcoscoreValue": "74"
  },
  {
    "productId": "56076",
    "technicalArticleNumber": "2406488",
    "commercialArticleNumber": "18156",
    "name": "roomijs pistache",
    "description": "*Pistacheroomijs",
    "brand": "BONI",
    "seoBrand": "Boni Selection",
    "thumbNail": "https://static.colruytgroup.com/images/200x200/std.lang.all/65/19/asset-3256519.jpg",
    "fullImage": "https://static.colruytgroup.com/images/500x500/std.lang.all/65/19/asset-3256519.jpg",
    "squareImage": "https://static.colruytgroup.com/images/500x500sq/std.lang.all/65/19/asset-3256519.jpg",
    "content": "900ml",
    "walkRouteSequenceNumber": 17163,
    "price": {
      "basicPrice": 2.24,
      "recommendedQuantity": "1.0",
      "measurementUnitPrice": 2.49,
      "measurementUnit": "L",
      "isRedPrice": false,
      "pricePerUOM": 2.49,
      "activationDate": "13-03-2024",
      "recordSource": "Offline",
      "isPromoActive": "N",
      "priceChangeCode": "H"
    },
    "isAvailable": true,
    "isPriceAvailable": true,
    "inPromo": false,
    "gtin": [
      "05400141444070",
      "15400141961895",
      "15400141235309",
      "15400141217008",
      "05400141400885",
      "05400141235302",
      "05400141076981",
      "05400141217001",
      "15400141400882"
    ],
    "topCategoryName": "Diepvries",
    "topCategoryId": "129",
    "businessDomain": "RETAIL_BE",
    "IsPrivateLabel": true,
    "IsBiffe": false,
    "WeightconversionFactor": "0",
    "IsWeightArticle": false,
    "nutriscoreLabel": "D",
    "IsBio": false,
    "CountryOfOrigin": "BELGIË",
    "IsExclusivelySoldInLuxembourg": false,
    "OrderUnit": "P",
    "ShortName": "BONI PISTACHE 900ML",
    "IsNew": false,
    "EcoscoreLabel": "B",
    "RecentQuanityOfStockUnits": "1,6,1",
    "LongName": "BONI roomijs pistache 900ml",
    "AlcoholVolume": "0",
    "FicCode": "I",
    "EcoscoreValue": "78"
  },
  {
    "productId": "162137",
    "technicalArticleNumber": "3276646",
    "commercialArticleNumber": "3486",
    "name": "scampi groot 39-50 ASC",
    "description": "*Aquacultuur Vietnam\n*met label ASC\n*Rauw, ongepeld,\nniet ontdarmd\n*39-50 st",
    "brand": "EVERYDAY",
    "seoBrand": "Everyday",
    "thumbNail": "https://static.colruytgroup.com/images/200x200/std.lang.all/11/24/asset-2181124.jpg",
    "fullImage": "https://static.colruytgroup.com/images/500x500/std.lang.all/11/24/asset-2181124.jpg",
    "squareImage": "https://static.colruytgroup.com/images/500x500sq/std.lang.all/11/24/asset-2181124.jpg",
    "content": "1kg",
    "walkRouteSequenceNumber": 16656,
    "price": {
      "basicPrice": 16.44,
      "recommendedQuantity": "1.0",
      "measurementUnitPrice": 16.44,
      "measurementUnit": "K",
      "isRedPrice": false,
      "pricePerUOM": 16.44,
      "activationDate": "19-02-2024",
      "recordSource": "Offline",
      "isPromoActive": "N",
      "priceChangeCode": "H"
    },
    "isAvailable": true,
    "isPriceAvailable": true,
    "inPromo": false,
    "gtin": [
      "05400141269444",
      "05400141419702",
      "15400141419709",
      "15400141889809",
      "15400141287407",
      "05400141058680",
      "05400141059823",
      "05400141127379",
      "05400141208573",
      "05400141250428",
      "05400141287400",
      "15400141208570",
      "15400141250425"
    ],
    "topCategoryName": "Diepvries",
    "topCategoryId": "129",
    "businessDomain": "RETAIL_BE",
    "IsPrivateLabel": true,
    "IsBiffe": false,
    "WeightconversionFactor": "0",
    "IsWeightArticle": false,
    "nutriscoreLabel": "A",
    "IsBio": false,
    "CountryOfOrigin": "ECUADOR",
    "IsExclusivelySoldInLuxembourg": false,
    "OrderUnit": "P",
    "ShortName": "EVD SCAM. RAUW GROOT 1K",
    "IsNew": false,
    "EcoscoreLabel": "D",
    "RecentQuanityOfStockUnits": "1,1",
    "LongName": "EVERYDAY scampi groot 39-50 ASC 1kg",
    "AlcoholVolume": "0",
    "FicCode": "I",
    "EcoscoreValue": "23"
  },
  {
    "productId": "1001",
    "technicalArticleNumber": "30229",
    "commercialArticleNumber": "30229",
    "name": "loempia kip ham",
    "description": "*Met 6% kip, 6% ham\n*In de frituurpan,\noven, pan",
    "brand": "MORA",
    "seoBrand": "Mora",
    "thumbNail": "https://static.colruytgroup.com/images/200x200/std.lang.all/46/76/asset-1224676.jpg",
    "fullImage": "https://static.colruytgroup.com/images/500x500/std.lang.all/46/76/asset-1224676.jpg",
    "squareImage": "https://static.colruytgroup.com/images/500x500sq/std.lang.all/46/76/asset-1224676.jpg",
    "content": "6st",
    "walkRouteSequenceNumber": 17591,
    "price": {
      "basicPrice": 9.99,
      "recommendedQuantity": "1.0",
      "quantityPrice": 9.59,
      "quantityPriceQuantity": "3.0",
      "measurementUnitPrice": 13.32,
      "measurementUnitQuantityPrice": 12.79,
      "measurementUnit": "K",
      "isRedPrice": false,
      "pricePerUOM": 13.32,
      "activationDate": "21-03-2024",
      "recordSource": "Offline",
      "isPromoActive": "N",
      "priceChangeCode": "L",
      "quantityPricePerUOM": 12.79,
      "quantityActivationDate": "21-03-2024",
      "quantityPriceChangeCode": "L"
    },
    "isAvailable": true,
    "isPriceAvailable": true,
    "inPromo": false,
    "gtin": [
      "05410341522201",
      "05410341522218"
    ],
    "topCategoryName": "Diepvries",
    "topCategoryId": "129",
    "businessDomain": "RETAIL_BE",
    "IsPrivateLabel": false,
    "IsBiffe": false,
    "WeightconversionFactor": "0",
    "IsWeightArticle": false,
    "nutriscoreLabel": "C",
    "IsBio": false,
    "CountryOfOrigin": "NEDERLAND",
    "IsExclusivelySoldInLuxembourg": false,
    "OrderUnit": "P",
    "ShortName": "MORA 6 LOEMPIAS MET KIP",
    "IsNew": false,
    "EcoscoreLabel": "C",
    "RecentQuanityOfStockUnits": "1",
    "LongName": "MORA loempia kip ham 6st",
    "AlcoholVolume": "0",
    "FicCode": "E",
    "EcoscoreValue": "52"
  },
  {
    "productId": "881891",
    "technicalArticleNumber": "4739374",
    "commercialArticleNumber": "5195",
    "name": "Vanille Madagascar",
    "brand": "OLA CARTE D'OR",
    "seoBrand": "Ola Carte d'Or",
    "thumbNail": "https://static.colruytgroup.com/images/200x200/std.lang.all/56/96/asset-3325696.jpg",
    "fullImage": "https://static.colruytgroup.com/images/500x500/std.lang.all/56/96/asset-3325696.jpg",
    "squareImage": "https://static.colruytgroup.com/images/500x500sq/std.lang.all/56/96/asset-3325696.jpg",
    "content": "1,2L",
    "walkRouteSequenceNumber": 17241,
    "price": {
      "basicPrice": 7.15,
      "recommendedQuantity": "1.0",
      "quantityPrice": 6.86,
      "quantityPriceQuantity": "3.0",
      "measurementUnitPrice": 5.96,
      "measurementUnitQuantityPrice": 5.72,
      "measurementUnit": "L",
      "isRedPrice": false,
      "pricePerUOM": 5.96,
      "activationDate": "02-03-2024",
      "recordSource": "Offline",
      "isPromoActive": "N",
      "priceChangeCode": "H",
      "quantityPricePerUOM": 5.72,
      "quantityActivationDate": "02-03-2024",
      "quantityPriceChangeCode": "H"
    },
    "isAvailable": true,
    "isPriceAvailable": true,
    "inPromo": false,
    "gtin": [
      "08711327396197",
      "08711327396180",
      "08711327396258"
    ],
    "topCategoryName": "Diepvries",
    "topCategoryId": "129",
    "businessDomain": "RETAIL_BE",
    "IsPrivateLabel": false,
    "IsBiffe": false,
    "WeightconversionFactor": "0",
    "IsWeightArticle": false,
    "nutriscoreLabel": "D",
    "IsBio": false,
    "CountryOfOrigin": "FRANKRIJK",
    "IsExclusivelySoldInLuxembourg": false,
    "OrderUnit": "P",
    "ShortName": "CARTE D OR VANILLE 1.2L",
    "IsNew": false,
    "EcoscoreLabel": "B",
    "RecentQuanityOfStockUnits": "1",
    "LongName": "OLA CARTE D'OR Vanille Madagascar 1,2L",
    "FicCode": "E",
    "EcoscoreValue": "67"
  },
  {
    "productId": "186132",
    "technicalArticleNumber": "3462535",
    "commercialArticleNumber": "30704",
    "name": "bloemkoolroosjes",
    "description": "*Los diepgevroren",
    "brand": "BONI BIO",
    "seoBrand": "Boni Selection Bio",
    "thumbNail": "https://static.colruytgroup.com/images/200x200/std.lang.all/18/23/asset-2101823.jpg",
    "fullImage": "https://static.colruytgroup.com/images/500x500/std.lang.all/18/23/asset-2101823.jpg",
    "squareImage": "https://static.colruytgroup.com/images/500x500sq/std.lang.all/18/23/asset-2101823.jpg",
    "content": "600g",
    "walkRouteSequenceNumber": 17003,
    "price": {
      "basicPrice": 1.75,
      "recommendedQuantity": "1.0",
      "quantityPrice": 1.49,
      "quantityPriceQuantity": "2.0",
      "measurementUnitPrice": 2.92,
      "measurementUnitQuantityPrice": 2.49,
      "measurementUnit": "K",
      "isRedPrice": false,
      "pricePerUOM": 2.92,
      "activationDate": "22-03-2024",
      "recordSource": "Offline",
      "isPromoActive": "N",
      "priceChangeCode": "E",
      "quantityPricePerUOM": 2.49,
      "quantityActivationDate": "22-03-2024",
      "quantityPriceChangeCode": "E"
    },
    "isAvailable": true,
    "isPriceAvailable": true,
    "inPromo": false,
    "gtin": [
      "15400141276395",
      "15400141365693",
      "05400141276398",
      "05400141365696",
      "05400141382167"
    ],
    "topCategoryName": "Diepvries",
    "topCategoryId": "129",
    "businessDomain": "RETAIL_BE",
    "IsPrivateLabel": true,
    "IsBiffe": false,
    "WeightconversionFactor": "0",
    "IsWeightArticle": false,
    "nutriscoreLabel": "A",
    "IsBio": true,
    "CountryOfOrigin": "BELGIË",
    "IsExclusivelySoldInLuxembourg": false,
    "OrderUnit": "P",
    "ShortName": "BS BIO BLOEMKOOL 600G",
    "IsNew": false,
    "EcoscoreLabel": "B",
    "RecentQuanityOfStockUnits": "1",
    "LongName": "BONI BIO bloemkoolroosjes 600g",
    "AlcoholVolume": "0",
    "FicCode": "I",
    "EcoscoreValue": "79"
  },
  {
    "productId": "571058",
    "technicalArticleNumber": "4216235",
    "commercialArticleNumber": "5877",
    "name": "Half Baked",
    "description": "*Roomijs\n*Chocolade stukjes\n*Fairtrade\n*Perfect om te delen\n*Dessert",
    "brand": "B&J",
    "seoBrand": "Ben & Jerry's",
    "thumbNail": "https://static.colruytgroup.com/images/200x200/std.lang.all/28/13/asset-2082813.jpg",
    "fullImage": "https://static.colruytgroup.com/images/500x500/std.lang.all/28/13/asset-2082813.jpg",
    "squareImage": "https://static.colruytgroup.com/images/500x500sq/std.lang.all/28/13/asset-2082813.jpg",
    "content": "465ml",
    "walkRouteSequenceNumber": 17459,
    "price": {
      "basicPrice": 6.39,
      "recommendedQuantity": "1.0",
      "quantityPrice": 6.13,
      "quantityPriceQuantity": "3.0",
      "measurementUnitPrice": 13.75,
      "measurementUnitQuantityPrice": 13.19,
      "measurementUnit": "L",
      "isRedPrice": false,
      "pricePerUOM": 13.75,
      "activationDate": "04-03-2024",
      "recordSource": "Offline",
      "isPromoActive": "N",
      "priceChangeCode": "E",
      "quantityPricePerUOM": 13.19,
      "quantityActivationDate": "04-03-2024",
      "quantityPriceChangeCode": "H"
    },
    "isAvailable": true,
    "isPriceAvailable": true,
    "inPromo": false,
    "gtin": [
      "08711327371002",
      "08711327371033"
    ],
    "topCategoryName": "Diepvries",
    "topCategoryId": "129",
    "businessDomain": "RETAIL_BE",
    "IsPrivateLabel": false,
    "IsBiffe": false,
    "WeightconversionFactor": "0",
    "IsWeightArticle": false,
    "nutriscoreLabel": "E",
    "IsBio": false,
    "CountryOfOrigin": "NEDERLAND",
    "IsExclusivelySoldInLuxembourg": false,
    "OrderUnit": "P",
    "ShortName": "BEN JERRY BAKED 465ML",
    "IsNew": false,
    "EcoscoreLabel": "B",
    "RecentQuanityOfStockUnits": "1,8",
    "LongName": "B&J Half Baked 465ml",
    "FicCode": "E",
    "EcoscoreValue": "77"
  },
  {
    "productId": "607508",
    "technicalArticleNumber": "4278523",
    "commercialArticleNumber": "3006",
    "name": "Yakitori",
    "description": "*4 sojasmaak,\n4 pruimsmaak,\n4 sweet chili smaak",
    "brand": "BONI",
    "seoBrand": "Boni Selection",
    "thumbNail": "https://static.colruytgroup.com/images/200x200/std.lang.all/08/08/asset-3240808.jpg",
    "fullImage": "https://static.colruytgroup.com/images/500x500/std.lang.all/08/08/asset-3240808.jpg",
    "squareImage": "https://static.colruytgroup.com/images/500x500sq/std.lang.all/08/08/asset-3240808.jpg",
    "content": "12x30g",
    "walkRouteSequenceNumber": 16742,
    "price": {
      "basicPrice": 7.69,
      "recommendedQuantity": "1.0",
      "quantityPrice": 7.07,
      "quantityPriceQuantity": "3.0",
      "measurementUnitPrice": 21.37,
      "measurementUnitQuantityPrice": 19.64,
      "measurementUnit": "K",
      "isRedPrice": false,
      "pricePerUOM": 21.37,
      "activationDate": "17-02-2024",
      "recordSource": "Offline",
      "isPromoActive": "N",
      "priceChangeCode": "L",
      "quantityPricePerUOM": 19.64,
      "quantityActivationDate": "17-02-2024",
      "quantityPriceChangeCode": "L"
    },
    "isAvailable": true,
    "isPriceAvailable": true,
    "inPromo": false,
    "gtin": [
      "15400141412755",
      "05400141412758"
    ],
    "topCategoryName": "Diepvries",
    "topCategoryId": "129",
    "businessDomain": "RETAIL_BE",
    "IsPrivateLabel": true,
    "IsBiffe": false,
    "WeightconversionFactor": "0",
    "IsWeightArticle": false,
    "nutriscoreLabel": "B",
    "IsBio": false,
    "CountryOfOrigin": "CHINA (VOLKSREBUPLIEK)",
    "IsExclusivelySoldInLuxembourg": false,
    "OrderUnit": "P",
    "ShortName": "BONI YAKITORI 12STX30G",
    "IsNew": false,
    "EcoscoreLabel": "D",
    "RecentQuanityOfStockUnits": "1",
    "LongName": "BONI Yakitori 12x30g",
    "FicCode": "I",
    "EcoscoreValue": "20"
  },
  {
    "productId": "415938",
    "technicalArticleNumber": "3931125",
    "commercialArticleNumber": "1017",
    "name": "DV bami goreng",
    "description": "*noedels\n*kip en groenten",
    "brand": "EVERYDAY",
    "seoBrand": "Everyday",
    "thumbNail": "https://static.colruytgroup.com/images/200x200/std.lang.all/98/54/asset-1889854.jpg",
    "fullImage": "https://static.colruytgroup.com/images/500x500/std.lang.all/98/54/asset-1889854.jpg",
    "squareImage": "https://static.colruytgroup.com/images/500x500sq/std.lang.all/98/54/asset-1889854.jpg",
    "content": "750g",
    "walkRouteSequenceNumber": 16529,
    "price": {
      "basicPrice": 2.19,
      "recommendedQuantity": "1.0",
      "measurementUnitPrice": 2.92,
      "measurementUnit": "K",
      "isRedPrice": false,
      "pricePerUOM": 2.92,
      "activationDate": "23-03-2024",
      "recordSource": "Offline",
      "isPromoActive": "N",
      "priceChangeCode": "H"
    },
    "isAvailable": true,
    "isPriceAvailable": true,
    "inPromo": false,
    "gtin": [
      "15400141234623",
      "05400141234626"
    ],
    "topCategoryName": "Diepvries",
    "topCategoryId": "129",
    "businessDomain": "RETAIL_BE",
    "IsPrivateLabel": true,
    "IsBiffe": false,
    "WeightconversionFactor": "0",
    "IsWeightArticle": false,
    "nutriscoreLabel": "C",
    "IsBio": false,
    "CountryOfOrigin": "BELGIË",
    "IsExclusivelySoldInLuxembourg": false,
    "OrderUnit": "P",
    "ShortName": "EVD BAMI GORENG 750G",
    "IsNew": false,
    "RecentQuanityOfStockUnits": "1",
    "LongName": "EVERYDAY DV bami goreng 750g",
    "FicCode": "I"
  },
  {
    "productId": "781830",
    "technicalArticleNumber": "4578184",
    "commercialArticleNumber": "28938",
    "name": "Zig zag frieten",
    "description": "*Frieten met 100%\nBelgisch aardappel.\n*Gekartelde snit\n*Voorgebakken\n*Diepvries",
    "brand": "BELVIVA",
    "seoBrand": "Belviva",
    "thumbNail": "https://static.colruytgroup.com/images/200x200/std.lang.all/54/18/asset-3365418.jpg",
    "fullImage": "https://static.colruytgroup.com/images/500x500/std.lang.all/54/18/asset-3365418.jpg",
    "squareImage": "https://static.colruytgroup.com/images/500x500sq/std.lang.all/54/18/asset-3365418.jpg",
    "content": "600g",
    "walkRouteSequenceNumber": 16450,
    "price": {
      "basicPrice": 5.09,
      "recommendedQuantity": "1.0",
      "measurementUnitPrice": 8.49,
      "measurementUnit": "K",
      "isRedPrice": false,
      "pricePerUOM": 8.49,
      "activationDate": "20-03-2024",
      "recordSource": "Offline",
      "isPromoActive": "N",
      "priceChangeCode": "L"
    },
    "isAvailable": true,
    "isPriceAvailable": true,
    "inPromo": false,
    "gtin": [
      "05414807606566",
      "05414807007479"
    ],
    "topCategoryName": "Diepvries",
    "topCategoryId": "129",
    "businessDomain": "RETAIL_BE",
    "IsPrivateLabel": false,
    "IsBiffe": false,
    "WeightconversionFactor": "0",
    "IsWeightArticle": false,
    "nutriscoreLabel": "B",
    "IsBio": false,
    "CountryOfOrigin": "BELGIË",
    "IsExclusivelySoldInLuxembourg": false,
    "OrderUnit": "P",
    "ShortName": "BELV ZIG ZAG FRIET 600G",
    "IsNew": false,
    "RecentQuanityOfStockUnits": "1",
    "LongName": "BELVIVA Zig zag frieten 600g",
    "FicCode": "E"
  },
  {
    "productId": "134959",
    "technicalArticleNumber": "3145072",
    "commercialArticleNumber": "18177",
    "name": "partymix classic",
    "brand": "BECKERS",
    "seoBrand": "Beckers",
    "thumbNail": "https://static.colruytgroup.com/images/200x200/std.lang.all/28/41/asset-2522841.jpg",
    "fullImage": "https://static.colruytgroup.com/images/500x500/std.lang.all/28/41/asset-2522841.jpg",
    "squareImage": "https://static.colruytgroup.com/images/500x500sq/std.lang.all/28/41/asset-2522841.jpg",
    "content": "32st",
    "walkRouteSequenceNumber": 17582,
    "price": {
      "basicPrice": 4.99,
      "recommendedQuantity": "1.0",
      "measurementUnitPrice": 8.21,
      "measurementUnit": "K",
      "isRedPrice": false,
      "pricePerUOM": 8.21,
      "activationDate": "08-03-2024",
      "recordSource": "Offline",
      "isPromoActive": "N",
      "priceChangeCode": "L"
    },
    "isAvailable": true,
    "isPriceAvailable": true,
    "inPromo": false,
    "gtin": [
      "08710555901630",
      "08710555474707",
      "08710555679096"
    ],
    "topCategoryName": "Diepvries",
    "topCategoryId": "129",
    "businessDomain": "RETAIL_BE",
    "IsPrivateLabel": false,
    "IsBiffe": false,
    "WeightconversionFactor": "0",
    "IsWeightArticle": false,
    "nutriscoreLabel": "D",
    "IsBio": false,
    "CountryOfOrigin": "BELGIË",
    "IsExclusivelySoldInLuxembourg": false,
    "OrderUnit": "P",
    "ShortName": "BECK PARTYPACK CL 32ST",
    "IsNew": false,
    "EcoscoreLabel": "E",
    "RecentQuanityOfStockUnits": "1",
    "LongName": "BECKERS partymix classic 32st",
    "AlcoholVolume": "0",
    "FicCode": "E",
    "EcoscoreValue": "0"
  },
  {
    "productId": "251628",
    "technicalArticleNumber": "3673313",
    "commercialArticleNumber": "30811",
    "name": "mozzarella gv",
    "description": "*Pizza\n*Met mozzarella\n*Glutenvrij",
    "brand": "DR.OETKER RISTORANTE",
    "seoBrand": "Dr.Oetker Ristorante",
    "thumbNail": "https://static.colruytgroup.com/images/200x200/std.lang.all/54/88/asset-3215488.jpg",
    "fullImage": "https://static.colruytgroup.com/images/500x500/std.lang.all/54/88/asset-3215488.jpg",
    "squareImage": "https://static.colruytgroup.com/images/500x500sq/std.lang.all/54/88/asset-3215488.jpg",
    "content": "370g",
    "walkRouteSequenceNumber": 18054,
    "price": {
      "basicPrice": 5.99,
      "recommendedQuantity": "1.0",
      "quantityPrice": 5.51,
      "quantityPriceQuantity": "3.0",
      "measurementUnitPrice": 16.19,
      "measurementUnitQuantityPrice": 14.9,
      "measurementUnit": "K",
      "isRedPrice": false,
      "pricePerUOM": 16.19,
      "activationDate": "06-03-2024",
      "recordSource": "Offline",
      "isPromoActive": "N",
      "priceChangeCode": "L",
      "quantityPricePerUOM": 14.9,
      "quantityActivationDate": "06-03-2024",
      "quantityPriceChangeCode": "L"
    },
    "isAvailable": true,
    "isPriceAvailable": true,
    "inPromo": false,
    "gtin": [
      "04001724022411",
      "04001724022398"
    ],
    "topCategoryName": "Diepvries",
    "topCategoryId": "129",
    "businessDomain": "RETAIL_BE",
    "IsPrivateLabel": false,
    "IsBiffe": false,
    "WeightconversionFactor": "0",
    "IsWeightArticle": false,
    "nutriscoreLabel": "C",
    "IsBio": false,
    "CountryOfOrigin": "DUITSLAND",
    "IsExclusivelySoldInLuxembourg": false,
    "OrderUnit": "P",
    "ShortName": "OETK RIST MOZZ Z.GL.370",
    "IsNew": false,
    "RecentQuanityOfStockUnits": "1,7",
    "LongName": "DR.OETKER RISTORANTE mozzarella gv 370g",
    "AlcoholVolume": "0",
    "FicCode": "E"
  },
  {
    "productId": "105608",
    "technicalArticleNumber": "3113815",
    "commercialArticleNumber": "40201",
    "name": "wokmix vis MSC",
    "description": "*Wild\n*Noordoostelijk en\nnoordwestelijk deel\nPacifische oceaan\n*met label MSC",
    "brand": "BONI",
    "seoBrand": "Boni Selection",
    "thumbNail": "https://static.colruytgroup.com/images/200x200/std.lang.all/79/58/asset-2107958.jpg",
    "fullImage": "https://static.colruytgroup.com/images/500x500/std.lang.all/79/58/asset-2107958.jpg",
    "squareImage": "https://static.colruytgroup.com/images/500x500sq/std.lang.all/79/58/asset-2107958.jpg",
    "content": "1kg",
    "walkRouteSequenceNumber": 16822,
    "price": {
      "basicPrice": 9.93,
      "recommendedQuantity": "1.0",
      "quantityPrice": 9.53,
      "quantityPriceQuantity": "3.0",
      "measurementUnitPrice": 9.93,
      "measurementUnitQuantityPrice": 9.53,
      "measurementUnit": "K",
      "isRedPrice": false,
      "pricePerUOM": 9.93,
      "activationDate": "20-03-2024",
      "recordSource": "Folder",
      "isPromoActive": "N",
      "priceChangeCode": "L",
      "quantityPricePerUOM": 9.53,
      "quantityActivationDate": "20-03-2024",
      "quantityPriceChangeCode": "L"
    },
    "isAvailable": true,
    "isPriceAvailable": true,
    "inPromo": false,
    "gtin": [
      "05400141754155",
      "15400141831532",
      "15400141935971",
      "05400141935974",
      "05400141831535",
      "15400141792963",
      "15400141256694",
      "05400141398410",
      "05400141256697",
      "05400141077735",
      "05400141397338",
      "05400141792966"
    ],
    "topCategoryName": "Diepvries",
    "topCategoryId": "129",
    "businessDomain": "RETAIL_BE",
    "IsPrivateLabel": true,
    "IsBiffe": false,
    "WeightconversionFactor": "0",
    "IsWeightArticle": false,
    "nutriscoreLabel": "A",
    "IsBio": false,
    "CountryOfOrigin": "VIETNAM",
    "IsExclusivelySoldInLuxembourg": false,
    "OrderUnit": "P",
    "ShortName": "BONI WOKMIX VIS 1K",
    "IsNew": false,
    "EcoscoreLabel": "E",
    "RecentQuanityOfStockUnits": "1,1,1",
    "LongName": "BONI wokmix vis MSC 1kg",
    "AlcoholVolume": "0",
    "FicCode": "I",
    "EcoscoreValue": "9"
  },
  {
    "productId": "356137",
    "technicalArticleNumber": "3876961",
    "commercialArticleNumber": "22735",
    "name": "oven kaaskroketten",
    "description": "*Kaaskroket 4 stuks\nvoor in de oven",
    "brand": "MORA",
    "seoBrand": "Mora",
    "thumbNail": "https://static.colruytgroup.com/images/200x200/std.lang.all/36/44/asset-2143644.jpg",
    "fullImage": "https://static.colruytgroup.com/images/500x500/std.lang.all/36/44/asset-2143644.jpg",
    "squareImage": "https://static.colruytgroup.com/images/500x500sq/std.lang.all/36/44/asset-2143644.jpg",
    "content": "4x70g",
    "walkRouteSequenceNumber": 17554,
    "price": {
      "basicPrice": 6.49,
      "recommendedQuantity": "1.0",
      "quantityPrice": 5.97,
      "quantityPriceQuantity": "3.0",
      "measurementUnitPrice": 23.18,
      "measurementUnitQuantityPrice": 21.33,
      "measurementUnit": "K",
      "isRedPrice": false,
      "pricePerUOM": 23.18,
      "activationDate": "21-03-2024",
      "recordSource": "Offline",
      "isPromoActive": "N",
      "priceChangeCode": "E",
      "quantityPricePerUOM": 21.33,
      "quantityActivationDate": "21-03-2024",
      "quantityPriceChangeCode": "H"
    },
    "isAvailable": true,
    "isPriceAvailable": true,
    "inPromo": false,
    "gtin": [
      "08710861912276"
    ],
    "topCategoryName": "Diepvries",
    "topCategoryId": "129",
    "businessDomain": "RETAIL_BE",
    "IsPrivateLabel": false,
    "IsBiffe": false,
    "WeightconversionFactor": "0",
    "IsWeightArticle": false,
    "nutriscoreLabel": "D",
    "IsBio": false,
    "CountryOfOrigin": "BELGIË",
    "IsExclusivelySoldInLuxembourg": false,
    "OrderUnit": "P",
    "ShortName": "MORA OVEN KAASKROK4X70G",
    "IsNew": false,
    "EcoscoreLabel": "D",
    "RecentQuanityOfStockUnits": "1",
    "LongName": "MORA oven kaaskroketten 4x70g",
    "AlcoholVolume": "0",
    "FicCode": "E",
    "EcoscoreValue": "36"
  },
  {
    "productId": "189037",
    "technicalArticleNumber": "3451108",
    "commercialArticleNumber": "30598",
    "name": "Alaska-pollakfilet graatl.MSC",
    "description": "*Noord-westel. deel\nvan de Stille Oceaan\n*Wild\n*met label MSC",
    "brand": "BONI",
    "seoBrand": "Boni Selection",
    "thumbNail": "https://static.colruytgroup.com/images/200x200/std.lang.all/58/27/asset-2215827.jpg",
    "fullImage": "https://static.colruytgroup.com/images/500x500/std.lang.all/58/27/asset-2215827.jpg",
    "squareImage": "https://static.colruytgroup.com/images/500x500sq/std.lang.all/58/27/asset-2215827.jpg",
    "content": "1,5kg",
    "walkRouteSequenceNumber": 16786,
    "price": {
      "basicPrice": 11.03,
      "recommendedQuantity": "1.0",
      "quantityPrice": 10.15,
      "quantityPriceQuantity": "3.0",
      "measurementUnitPrice": 7.36,
      "measurementUnitQuantityPrice": 6.77,
      "measurementUnit": "K",
      "isRedPrice": false,
      "pricePerUOM": 7.36,
      "activationDate": "08-02-2024",
      "recordSource": "Offline",
      "isPromoActive": "N",
      "priceChangeCode": "H",
      "quantityPricePerUOM": 6.77,
      "quantityActivationDate": "08-02-2024",
      "quantityPriceChangeCode": "E"
    },
    "isAvailable": true,
    "isPriceAvailable": true,
    "inPromo": false,
    "gtin": [
      "15400141667377",
      "05400141667370",
      "15400141759041",
      "05400141378092",
      "05400141759044",
      "15400141852971",
      "05400141334562",
      "05400141327113",
      "15400141334569",
      "15400141327110",
      "05400141321418",
      "05400141852974"
    ],
    "topCategoryName": "Diepvries",
    "topCategoryId": "129",
    "businessDomain": "RETAIL_BE",
    "IsPrivateLabel": true,
    "IsBiffe": false,
    "WeightconversionFactor": "0",
    "IsWeightArticle": false,
    "nutriscoreLabel": "A",
    "IsBio": false,
    "CountryOfOrigin": "BELGIË",
    "IsExclusivelySoldInLuxembourg": false,
    "OrderUnit": "P",
    "ShortName": "BONI ALASKA POLLAK 1K5",
    "IsNew": false,
    "EcoscoreLabel": "E",
    "RecentQuanityOfStockUnits": "1,8",
    "LongName": "BONI Alaska-pollakfilet graatl.MSC 1,5kg",
    "AlcoholVolume": "0",
    "FicCode": "I",
    "EcoscoreValue": "9"
  },
  {
    "productId": "240392",
    "technicalArticleNumber": "3540161",
    "commercialArticleNumber": "30213",
    "name": "scampi klein 71-82 ASC",
    "description": "*Aquacult. Vietnam\n*Rauw, gepeld,\nontdarmd\n*Maat 65/75,71-81st\n*Vannamei, ASC",
    "brand": "BONI",
    "seoBrand": "Boni Selection",
    "thumbNail": "https://static.colruytgroup.com/images/200x200/std.lang.all/57/21/asset-1405721.jpg",
    "fullImage": "https://static.colruytgroup.com/images/500x500/std.lang.all/57/21/asset-1405721.jpg",
    "squareImage": "https://static.colruytgroup.com/images/500x500sq/std.lang.all/57/21/asset-1405721.jpg",
    "content": "500g",
    "walkRouteSequenceNumber": 16653,
    "price": {
      "basicPrice": 9.95,
      "recommendedQuantity": "1.0",
      "quantityPrice": 9.15,
      "quantityPriceQuantity": "3.0",
      "measurementUnitPrice": 19.9,
      "measurementUnitQuantityPrice": 18.3,
      "measurementUnit": "K",
      "isRedPrice": false,
      "pricePerUOM": 19.9,
      "activationDate": "02-01-2024",
      "isPromoActive": "N",
      "priceChangeCode": "E",
      "quantityPricePerUOM": 18.3,
      "quantityActivationDate": "02-01-2024",
      "quantityPriceChangeCode": "E"
    },
    "isAvailable": true,
    "isPriceAvailable": true,
    "inPromo": false,
    "gtin": [
      "05400141143843",
      "15400141250159",
      "15400141333944",
      "15400141601593",
      "05400141333947",
      "05400141250152",
      "05400141185812",
      "05400141352177",
      "05400141601596",
      "05400141143027"
    ],
    "topCategoryName": "Diepvries",
    "topCategoryId": "129",
    "businessDomain": "RETAIL_BE",
    "IsPrivateLabel": true,
    "IsBiffe": false,
    "WeightconversionFactor": "0",
    "IsWeightArticle": false,
    "nutriscoreLabel": "A",
    "IsBio": false,
    "CountryOfOrigin": "VIETNAM",
    "IsExclusivelySoldInLuxembourg": false,
    "OrderUnit": "P",
    "ShortName": "BONI GEP.RAUW SCAM 500G",
    "IsNew": false,
    "EcoscoreLabel": "E",
    "RecentQuanityOfStockUnits": "1,1",
    "LongName": "BONI scampi klein 71-82 ASC 500g",
    "AlcoholVolume": "0",
    "FicCode": "I",
    "EcoscoreValue": "18"
  },
  {
    "productId": "877004",
    "technicalArticleNumber": "4732758",
    "commercialArticleNumber": "8248",
    "name": "Pizza Big Americans Texas",
    "brand": "DR.OETKER",
    "seoBrand": "Dr.Oetker",
    "thumbNail": "https://static.colruytgroup.com/images/200x200/std.lang.all/66/48/asset-3236648.jpg",
    "fullImage": "https://static.colruytgroup.com/images/500x500/std.lang.all/66/48/asset-3236648.jpg",
    "squareImage": "https://static.colruytgroup.com/images/500x500sq/std.lang.all/66/48/asset-3236648.jpg",
    "content": "435g",
    "walkRouteSequenceNumber": 17967,
    "price": {
      "basicPrice": 4.89,
      "recommendedQuantity": "1.0",
      "quantityPrice": 4.69,
      "quantityPriceQuantity": "3.0",
      "measurementUnitPrice": 11.25,
      "measurementUnitQuantityPrice": 10.79,
      "measurementUnit": "K",
      "isRedPrice": false,
      "pricePerUOM": 11.25,
      "activationDate": "18-03-2024",
      "recordSource": "Offline",
      "isPromoActive": "N",
      "priceChangeCode": "E",
      "quantityPricePerUOM": 10.79,
      "quantityActivationDate": "18-03-2024",
      "quantityPriceChangeCode": "H"
    },
    "isAvailable": true,
    "isPriceAvailable": true,
    "inPromo": false,
    "gtin": [
      "04001724023913",
      "04001724023906"
    ],
    "topCategoryName": "Diepvries",
    "topCategoryId": "129",
    "businessDomain": "RETAIL_BE",
    "IsPrivateLabel": false,
    "IsBiffe": false,
    "WeightconversionFactor": "0",
    "IsWeightArticle": false,
    "nutriscoreLabel": "C",
    "IsBio": false,
    "CountryOfOrigin": "DUITSLAND",
    "IsExclusivelySoldInLuxembourg": false,
    "OrderUnit": "P",
    "ShortName": "OETK AMERIC.TEXAS 435G",
    "IsNew": false,
    "RecentQuanityOfStockUnits": "1,5",
    "LongName": "DR.OETKER Pizza Big Americans Texas 435g",
    "FicCode": "E"
  },
  {
    "productId": "342138",
    "technicalArticleNumber": "3825173",
    "commercialArticleNumber": "40906",
    "name": "mini Almond",
    "description": "*Roomijs\n*Vanille-ijs\n*Krokante chocolat\n*Bevroren sticks\n*Dessert",
    "brand": "MAGNUM",
    "seoBrand": "Ola Magnum",
    "thumbNail": "https://static.colruytgroup.com/images/200x200/std.lang.all/84/13/asset-3438413.jpg",
    "fullImage": "https://static.colruytgroup.com/images/500x500/std.lang.all/84/13/asset-3438413.jpg",
    "squareImage": "https://static.colruytgroup.com/images/500x500sq/std.lang.all/84/13/asset-3438413.jpg",
    "content": "6x55ml",
    "walkRouteSequenceNumber": 17207,
    "price": {
      "basicPrice": 3.19,
      "recommendedQuantity": "1.0",
      "measurementUnitPrice": 9.67,
      "measurementUnit": "L",
      "isRedPrice": false,
      "pricePerUOM": 9.67,
      "activationDate": "20-03-2024",
      "recordSource": "Offline",
      "isPromoActive": "N",
      "priceChangeCode": "L"
    },
    "isAvailable": true,
    "isPriceAvailable": true,
    "inPromo": false,
    "gtin": [
      "08714100635759",
      "08714100635650"
    ],
    "topCategoryName": "Diepvries",
    "topCategoryId": "129",
    "businessDomain": "RETAIL_BE",
    "IsPrivateLabel": false,
    "IsBiffe": false,
    "WeightconversionFactor": "0",
    "IsWeightArticle": false,
    "nutriscoreLabel": "E",
    "IsBio": false,
    "CountryOfOrigin": "DUITSLAND",
    "IsExclusivelySoldInLuxembourg": false,
    "OrderUnit": "P",
    "ShortName": "MAGN MINI ALMOND 6X55ML",
    "IsNew": false,
    "EcoscoreLabel": "B",
    "RecentQuanityOfStockUnits": "1",
    "LongName": "MAGNUM mini Almond 6x55ml",
    "AlcoholVolume": "0",
    "FicCode": "E",
    "EcoscoreValue": "77"
  },
  {
    "productId": "105773",
    "technicalArticleNumber": "3099086",
    "commercialArticleNumber": "43204",
    "name": "roomijs speculoos",
    "description": "*Vanilleroomijs met stukjes Lotus\nspeculoos en speculoospasta",
    "brand": "LOTUS",
    "seoBrand": "Lotus",
    "thumbNail": "https://static.colruytgroup.com/images/200x200/std.lang.all/13/71/asset-2851371.jpg",
    "fullImage": "https://static.colruytgroup.com/images/500x500/std.lang.all/13/71/asset-2851371.jpg",
    "squareImage": "https://static.colruytgroup.com/images/500x500sq/std.lang.all/13/71/asset-2851371.jpg",
    "content": "950ml",
    "walkRouteSequenceNumber": 17159,
    "price": {
      "basicPrice": 5.99,
      "recommendedQuantity": "1.0",
      "quantityPrice": 5.75,
      "quantityPriceQuantity": "3.0",
      "measurementUnitPrice": 6.31,
      "measurementUnitQuantityPrice": 6.06,
      "measurementUnit": "L",
      "isRedPrice": false,
      "pricePerUOM": 6.31,
      "activationDate": "22-03-2024",
      "recordSource": "Folder",
      "isPromoActive": "N",
      "priceChangeCode": "L",
      "quantityPricePerUOM": 6.06,
      "quantityActivationDate": "22-03-2024",
      "quantityPriceChangeCode": "L"
    },
    "isAvailable": true,
    "isPriceAvailable": true,
    "inPromo": false,
    "gtin": [
      "05410126097009",
      "15410126097006"
    ],
    "topCategoryName": "Diepvries",
    "topCategoryId": "129",
    "businessDomain": "RETAIL_BE",
    "IsPrivateLabel": false,
    "IsBiffe": false,
    "WeightconversionFactor": "0",
    "IsWeightArticle": false,
    "nutriscoreLabel": "D",
    "IsBio": false,
    "CountryOfOrigin": "BELGIË",
    "IsExclusivelySoldInLuxembourg": false,
    "OrderUnit": "P",
    "ShortName": "LOTUS SPECULOOSIJS950ML",
    "IsNew": false,
    "RecentQuanityOfStockUnits": "1",
    "LongName": "LOTUS roomijs speculoos 950ml",
    "AlcoholVolume": "0",
    "FicCode": "E"
  },
  {
    "productId": "153835",
    "technicalArticleNumber": "3269634",
    "commercialArticleNumber": "2060",
    "name": "kabeljauwh.graatl. MSC 12s",
    "description": "*Wild, Atlantische\noceaan\n*met label MSC\n*Graatloos",
    "brand": "EVERYDAY",
    "seoBrand": "Everyday",
    "thumbNail": "https://static.colruytgroup.com/images/200x200/std.lang.all/62/47/asset-1886247.jpg",
    "fullImage": "https://static.colruytgroup.com/images/500x500/std.lang.all/62/47/asset-1886247.jpg",
    "squareImage": "https://static.colruytgroup.com/images/500x500sq/std.lang.all/62/47/asset-1886247.jpg",
    "content": "250g",
    "walkRouteSequenceNumber": 16790,
    "price": {
      "basicPrice": 4.99,
      "recommendedQuantity": "1.0",
      "measurementUnitPrice": 19.96,
      "measurementUnit": "K",
      "isRedPrice": false,
      "pricePerUOM": 19.96,
      "activationDate": "05-12-2023",
      "recordSource": "Offline",
      "isPromoActive": "N",
      "priceChangeCode": "E"
    },
    "isAvailable": true,
    "isPriceAvailable": true,
    "inPromo": false,
    "gtin": [
      "15400141012689",
      "05400141398441",
      "05400141379808",
      "05400141012682"
    ],
    "topCategoryName": "Diepvries",
    "topCategoryId": "129",
    "businessDomain": "RETAIL_BE",
    "IsPrivateLabel": true,
    "IsBiffe": false,
    "WeightconversionFactor": "0",
    "IsWeightArticle": false,
    "nutriscoreLabel": "A",
    "IsBio": false,
    "CountryOfOrigin": "POLEN",
    "IsExclusivelySoldInLuxembourg": false,
    "OrderUnit": "P",
    "ShortName": "EVD ATL KAB HAAS 2X125G",
    "IsNew": false,
    "EcoscoreLabel": "E",
    "RecentQuanityOfStockUnits": "1,10",
    "LongName": "EVERYDAY kabeljauwh.graatl. MSC 12s 250g",
    "AlcoholVolume": "0",
    "FicCode": "I",
    "EcoscoreValue": "4"
  },
  {
    "productId": "505610",
    "technicalArticleNumber": "4058685",
    "commercialArticleNumber": "6742",
    "name": "coupes brésilienne",
    "description": "*Coupe Bresilienne\n*4 stuks",
    "brand": "BONI",
    "seoBrand": "Boni Selection",
    "thumbNail": "https://static.colruytgroup.com/images/200x200/std.lang.all/77/78/asset-3137778.jpg",
    "fullImage": "https://static.colruytgroup.com/images/500x500/std.lang.all/77/78/asset-3137778.jpg",
    "squareImage": "https://static.colruytgroup.com/images/500x500sq/std.lang.all/77/78/asset-3137778.jpg",
    "content": "4x135ml",
    "walkRouteSequenceNumber": 17297,
    "price": {
      "basicPrice": 2.35,
      "recommendedQuantity": "1.0",
      "measurementUnitPrice": 4.36,
      "measurementUnit": "L",
      "isRedPrice": false,
      "pricePerUOM": 4.36,
      "activationDate": "30-01-2024",
      "recordSource": "Offline",
      "isPromoActive": "N",
      "priceChangeCode": "L"
    },
    "isAvailable": true,
    "isPriceAvailable": true,
    "inPromo": false,
    "gtin": [
      "15400141702030",
      "05400141259148",
      "15400141259145",
      "05400141702033"
    ],
    "topCategoryName": "Diepvries",
    "topCategoryId": "129",
    "businessDomain": "RETAIL_BE",
    "IsPrivateLabel": true,
    "IsBiffe": false,
    "WeightconversionFactor": "0",
    "IsWeightArticle": false,
    "nutriscoreLabel": "D",
    "IsBio": false,
    "CountryOfOrigin": "BELGIË",
    "IsExclusivelySoldInLuxembourg": false,
    "OrderUnit": "P",
    "ShortName": "BONI BRESIL 4X135ML",
    "IsNew": false,
    "EcoscoreLabel": "B",
    "RecentQuanityOfStockUnits": "1,9",
    "LongName": "BONI coupes brésilienne 4x135ml",
    "FicCode": "I",
    "EcoscoreValue": "78"
  },
  {
    "productId": "825556",
    "technicalArticleNumber": "4662447",
    "commercialArticleNumber": "29888",
    "name": "allumetes",
    "description": "*Dunne frieten\n*Voorgebakken",
    "brand": "MCCAIN SPECIAL OVEN",
    "seoBrand": "Mccain",
    "thumbNail": "https://static.colruytgroup.com/images/200x200/std.lang.all/60/19/asset-3036019.jpg",
    "fullImage": "https://static.colruytgroup.com/images/500x500/std.lang.all/60/19/asset-3036019.jpg",
    "squareImage": "https://static.colruytgroup.com/images/500x500sq/std.lang.all/60/19/asset-3036019.jpg",
    "content": "700g",
    "walkRouteSequenceNumber": 16492,
    "price": {
      "basicPrice": 5.59,
      "recommendedQuantity": "1.0",
      "measurementUnitPrice": 7.99,
      "measurementUnit": "K",
      "isRedPrice": false,
      "pricePerUOM": 7.99,
      "activationDate": "20-03-2024",
      "recordSource": "Offline",
      "isPromoActive": "N",
      "priceChangeCode": "H"
    },
    "isAvailable": true,
    "isPriceAvailable": true,
    "inPromo": true,
    "promotion": [
      {
        "techPromoId": "100865COLR",
        "promotionId": "100865",
        "promotionType": "3",
        "isPersonalized": "N",
        "publicationStartDate": "13-03-2024",
        "publicationEndDate": "26-03-2024"
      }
    ],
    "gtin": [
      "08710438125115",
      "08710438125122"
    ],
    "topCategoryName": "Diepvries",
    "topCategoryId": "129",
    "businessDomain": "RETAIL_BE",
    "IsPrivateLabel": false,
    "IsBiffe": false,
    "WeightconversionFactor": "0",
    "IsWeightArticle": false,
    "nutriscoreLabel": "A",
    "IsBio": false,
    "CountryOfOrigin": "EUROPA",
    "IsExclusivelySoldInLuxembourg": false,
    "OrderUnit": "P",
    "ShortName": "MCCAIN SP.OVEN ALLU700G",
    "IsNew": false,
    "EcoscoreLabel": "B",
    "RecentQuanityOfStockUnits": "1",
    "LongName": "MCCAIN SPECIAL OVEN allumetes 700g",
    "FicCode": "E",
    "EcoscoreValue": "71"
  },
  {
    "productId": "442862",
    "technicalArticleNumber": "3980909",
    "commercialArticleNumber": "3776",
    "name": "veggie pizza",
    "brand": "BONI BIO",
    "seoBrand": "Boni Selection Bio",
    "thumbNail": "https://static.colruytgroup.com/images/200x200/std.lang.all/48/76/asset-2944876.jpg",
    "fullImage": "https://static.colruytgroup.com/images/500x500/std.lang.all/48/76/asset-2944876.jpg",
    "squareImage": "https://static.colruytgroup.com/images/500x500sq/std.lang.all/48/76/asset-2944876.jpg",
    "content": "425g",
    "walkRouteSequenceNumber": 18118,
    "price": {
      "basicPrice": 3.19,
      "recommendedQuantity": "1.0",
      "measurementUnitPrice": 7.51,
      "measurementUnit": "K",
      "isRedPrice": false,
      "pricePerUOM": 7.51,
      "activationDate": "17-11-2023",
      "isPromoActive": "N",
      "priceChangeCode": "E"
    },
    "isAvailable": true,
    "isPriceAvailable": true,
    "inPromo": false,
    "gtin": [
      "15400141913825",
      "05400141439342",
      "15400141115076",
      "05400141115079"
    ],
    "topCategoryName": "Diepvries",
    "topCategoryId": "129",
    "businessDomain": "RETAIL_BE",
    "IsPrivateLabel": true,
    "IsBiffe": false,
    "WeightconversionFactor": "0",
    "IsWeightArticle": false,
    "nutriscoreLabel": "C",
    "IsBio": true,
    "CountryOfOrigin": "ITALIË",
    "IsExclusivelySoldInLuxembourg": false,
    "OrderUnit": "P",
    "ShortName": "BONI BIO.PIZ.VEGGI 425G",
    "IsNew": false,
    "EcoscoreLabel": "C",
    "RecentQuanityOfStockUnits": "1,6",
    "LongName": "BONI BIO veggie pizza 425g",
    "FicCode": "I",
    "EcoscoreValue": "55"
  },
  {
    "productId": "553413",
    "technicalArticleNumber": "4185852",
    "commercialArticleNumber": "13650",
    "name": "hele kippenbouten",
    "description": "*kippenbout met rugstuk",
    "brand": "EVERYDAY",
    "seoBrand": "Everyday",
    "thumbNail": "https://static.colruytgroup.com/images/200x200/std.lang.all/15/66/asset-2041566.jpg",
    "fullImage": "https://static.colruytgroup.com/images/500x500/std.lang.all/15/66/asset-2041566.jpg",
    "squareImage": "https://static.colruytgroup.com/images/500x500sq/std.lang.all/15/66/asset-2041566.jpg",
    "content": "2kg",
    "walkRouteSequenceNumber": 16602,
    "price": {
      "basicPrice": 8.99,
      "recommendedQuantity": "1.0",
      "measurementUnitPrice": 4.5,
      "measurementUnit": "K",
      "isRedPrice": false,
      "pricePerUOM": 4.5,
      "activationDate": "12-05-2023",
      "recordSource": "Offline",
      "isPromoActive": "N",
      "priceChangeCode": "H"
    },
    "isAvailable": true,
    "isPriceAvailable": true,
    "inPromo": false,
    "gtin": [
      "15400141431350",
      "15400141334255",
      "05400141334258",
      "05400141431353"
    ],
    "topCategoryName": "Diepvries",
    "topCategoryId": "129",
    "businessDomain": "RETAIL_BE",
    "IsPrivateLabel": true,
    "IsBiffe": false,
    "WeightconversionFactor": "0",
    "IsWeightArticle": false,
    "nutriscoreLabel": "A",
    "IsBio": false,
    "CountryOfOrigin": "DENEMARKEN",
    "IsExclusivelySoldInLuxembourg": false,
    "OrderUnit": "P",
    "ShortName": "EVD HELE KIP.BOUT 2KG",
    "IsNew": false,
    "EcoscoreLabel": "E",
    "RecentQuanityOfStockUnits": "1",
    "LongName": "EVERYDAY hele kippenbouten 2kg",
    "FicCode": "I",
    "EcoscoreValue": "15"
  },
  {
    "productId": "1040542",
    "technicalArticleNumber": "4797156",
    "commercialArticleNumber": "35947",
    "name": "Mini CAW",
    "brand": "MAGNUM",
    "seoBrand": "Magnum",
    "thumbNail": "https://static.colruytgroup.com/images/200x200/std.lang.all/84/12/asset-3438412.jpg",
    "fullImage": "https://static.colruytgroup.com/images/500x500/std.lang.all/84/12/asset-3438412.jpg",
    "squareImage": "https://static.colruytgroup.com/images/500x500sq/std.lang.all/84/12/asset-3438412.jpg",
    "content": "10x55ml",
    "walkRouteSequenceNumber": 17204,
    "price": {
      "basicPrice": 5.19,
      "recommendedQuantity": "1.0",
      "measurementUnitPrice": 9.44,
      "measurementUnit": "K",
      "isRedPrice": false,
      "pricePerUOM": 9.44,
      "activationDate": "16-02-2024",
      "recordSource": "Offline",
      "isPromoActive": "N",
      "priceChangeCode": "E"
    },
    "isAvailable": true,
    "isPriceAvailable": true,
    "inPromo": false,
    "gtin": [
      "08711327609464"
    ],
    "topCategoryName": "Diepvries",
    "topCategoryId": "129",
    "businessDomain": "RETAIL_BE",
    "IsPrivateLabel": false,
    "IsBiffe": false,
    "WeightconversionFactor": "0",
    "IsWeightArticle": false,
    "nutriscoreLabel": "E",
    "IsBio": false,
    "CountryOfOrigin": "DUITSLAND",
    "IsExclusivelySoldInLuxembourg": false,
    "OrderUnit": "P",
    "ShortName": "MAGN MINI CAW 10X55ML",
    "IsNew": true,
    "EcoscoreLabel": "B",
    "RecentQuanityOfStockUnits": "1",
    "LongName": "MAGNUM Mini CAW 10x55ml",
    "FicCode": "E",
    "EcoscoreValue": "67"
  },
  {
    "productId": "553413",
    "technicalArticleNumber": "4185852",
    "commercialArticleNumber": "13650",
    "name": "hele kippenbouten",
    "description": "*kippenbout met rugstuk",
    "brand": "EVERYDAY",
    "seoBrand": "Everyday",
    "thumbNail": "https://static.colruytgroup.com/images/200x200/std.lang.all/15/66/asset-2041566.jpg",
    "fullImage": "https://static.colruytgroup.com/images/500x500/std.lang.all/15/66/asset-2041566.jpg",
    "squareImage": "https://static.colruytgroup.com/images/500x500sq/std.lang.all/15/66/asset-2041566.jpg",
    "content": "2kg",
    "walkRouteSequenceNumber": 16602,
    "price": {
      "basicPrice": 8.99,
      "recommendedQuantity": "1.0",
      "measurementUnitPrice": 4.5,
      "measurementUnit": "K",
      "isRedPrice": false,
      "pricePerUOM": 4.5,
      "activationDate": "12-05-2023",
      "recordSource": "Offline",
      "isPromoActive": "N",
      "priceChangeCode": "H"
    },
    "isAvailable": true,
    "isPriceAvailable": true,
    "inPromo": false,
    "gtin": [
      "15400141431350",
      "15400141334255",
      "05400141334258",
      "05400141431353"
    ],
    "topCategoryName": "Diepvries",
    "topCategoryId": "129",
    "businessDomain": "RETAIL_BE",
    "IsPrivateLabel": true,
    "IsBiffe": false,
    "WeightconversionFactor": "0",
    "IsWeightArticle": false,
    "nutriscoreLabel": "A",
    "IsBio": false,
    "CountryOfOrigin": "DENEMARKEN",
    "IsExclusivelySoldInLuxembourg": false,
    "OrderUnit": "P",
    "ShortName": "EVD HELE KIP.BOUT 2KG",
    "IsNew": false,
    "EcoscoreLabel": "E",
    "RecentQuanityOfStockUnits": "1",
    "LongName": "EVERYDAY hele kippenbouten 2kg",
    "FicCode": "I",
    "EcoscoreValue": "15"
  },
  {
    "productId": "649703",
    "technicalArticleNumber": "4348031",
    "commercialArticleNumber": "21229",
    "name": "topping gezouten karamel",
    "brand": "BONI",
    "seoBrand": "Boni Selection",
    "thumbNail": "https://static.colruytgroup.com/images/200x200/std.lang.all/13/93/asset-3421393.jpg",
    "fullImage": "https://static.colruytgroup.com/images/500x500/std.lang.all/13/93/asset-3421393.jpg",
    "squareImage": "https://static.colruytgroup.com/images/500x500sq/std.lang.all/13/93/asset-3421393.jpg",
    "content": "430ml",
    "walkRouteSequenceNumber": 17147,
    "price": {
      "basicPrice": 4.99,
      "recommendedQuantity": "1.0",
      "measurementUnitPrice": 11.61,
      "measurementUnit": "L",
      "isRedPrice": false,
      "pricePerUOM": 11.61,
      "activationDate": "28-06-2023",
      "isPromoActive": "N",
      "priceChangeCode": "E"
    },
    "isAvailable": true,
    "isPriceAvailable": true,
    "inPromo": false,
    "gtin": [
      "15400141916512",
      "05400141916515"
    ],
    "topCategoryName": "Diepvries",
    "topCategoryId": "129",
    "businessDomain": "RETAIL_BE",
    "IsPrivateLabel": true,
    "IsBiffe": false,
    "WeightconversionFactor": "0",
    "IsWeightArticle": false,
    "nutriscoreLabel": "E",
    "IsBio": false,
    "CountryOfOrigin": "BELGIË",
    "IsExclusivelySoldInLuxembourg": false,
    "OrderUnit": "P",
    "ShortName": "BONI TOP.GEZ.KARAMEL430",
    "IsNew": false,
    "EcoscoreLabel": "B",
    "RecentQuanityOfStockUnits": "1,12",
    "LongName": "BONI topping gezouten karamel 430ml",
    "FicCode": "I",
    "EcoscoreValue": "73"
  },
  {
    "productId": "1005",
    "technicalArticleNumber": "30239",
    "commercialArticleNumber": "30239",
    "name": "kaasballetjes",
    "description": "*Met 5 % emmentaler\n*In de frituurpan",
    "brand": "BONI",
    "seoBrand": "Boni Selection",
    "thumbNail": "https://static.colruytgroup.com/images/200x200/std.lang.all/07/49/asset-3330749.jpg",
    "fullImage": "https://static.colruytgroup.com/images/500x500/std.lang.all/07/49/asset-3330749.jpg",
    "squareImage": "https://static.colruytgroup.com/images/500x500sq/std.lang.all/07/49/asset-3330749.jpg",
    "content": "750g",
    "walkRouteSequenceNumber": 17552,
    "price": {
      "basicPrice": 6.93,
      "recommendedQuantity": "1.0",
      "quantityPrice": 6.38,
      "quantityPriceQuantity": "3.0",
      "measurementUnitPrice": 9.24,
      "measurementUnitQuantityPrice": 8.51,
      "measurementUnit": "K",
      "isRedPrice": false,
      "pricePerUOM": 9.24,
      "activationDate": "23-03-2024",
      "recordSource": "Offline",
      "isPromoActive": "N",
      "priceChangeCode": "H",
      "quantityPricePerUOM": 8.51,
      "quantityActivationDate": "23-03-2024",
      "quantityPriceChangeCode": "H"
    },
    "isAvailable": true,
    "isPriceAvailable": true,
    "inPromo": false,
    "gtin": [
      "05400141127300",
      "05400141013467",
      "05400141030235",
      "05400141088120",
      "05400141234596",
      "05400141238808",
      "15400141995142"
    ],
    "topCategoryName": "Diepvries",
    "topCategoryId": "129",
    "businessDomain": "RETAIL_BE",
    "IsPrivateLabel": true,
    "IsBiffe": false,
    "WeightconversionFactor": "0",
    "IsWeightArticle": false,
    "nutriscoreLabel": "D",
    "IsBio": false,
    "CountryOfOrigin": "BELGIË",
    "IsExclusivelySoldInLuxembourg": false,
    "OrderUnit": "P",
    "ShortName": "BONI KAASBALLETJES 750G",
    "IsNew": false,
    "EcoscoreLabel": "B",
    "RecentQuanityOfStockUnits": "1",
    "LongName": "BONI kaasballetjes 750g",
    "AlcoholVolume": "0",
    "FicCode": "I",
    "EcoscoreValue": "62"
  },
  {
    "productId": "16568",
    "technicalArticleNumber": "1567881",
    "commercialArticleNumber": "30322",
    "name": "aardappelpuree Bintjes",
    "description": "*In porties",
    "brand": "BELVIVA",
    "seoBrand": "Belviva",
    "thumbNail": "https://static.colruytgroup.com/images/200x200/std.lang.all/58/13/asset-3325813.jpg",
    "fullImage": "https://static.colruytgroup.com/images/500x500/std.lang.all/58/13/asset-3325813.jpg",
    "squareImage": "https://static.colruytgroup.com/images/500x500sq/std.lang.all/58/13/asset-3325813.jpg",
    "content": "750g",
    "walkRouteSequenceNumber": 16542,
    "price": {
      "basicPrice": 4.99,
      "recommendedQuantity": "1.0",
      "measurementUnitPrice": 6.66,
      "measurementUnit": "K",
      "isRedPrice": false,
      "pricePerUOM": 6.66,
      "activationDate": "02-01-2024",
      "recordSource": "Offline",
      "isPromoActive": "N",
      "priceChangeCode": "E"
    },
    "isAvailable": true,
    "isPriceAvailable": true,
    "inPromo": false,
    "gtin": [
      "05414807606184",
      "05414807007097",
      "05410376711472",
      "05414807604371"
    ],
    "topCategoryName": "Diepvries",
    "topCategoryId": "129",
    "businessDomain": "RETAIL_BE",
    "IsPrivateLabel": false,
    "IsBiffe": false,
    "WeightconversionFactor": "0",
    "IsWeightArticle": false,
    "nutriscoreLabel": "B",
    "IsBio": false,
    "CountryOfOrigin": "BELGIË",
    "IsExclusivelySoldInLuxembourg": false,
    "OrderUnit": "P",
    "ShortName": "BELV.PURE.BINTJ750",
    "IsNew": false,
    "RecentQuanityOfStockUnits": "1",
    "LongName": "BELVIVA aardappelpuree Bintjes 750g",
    "AlcoholVolume": "0",
    "FicCode": "E"
  },
  {
    "productId": "872420",
    "technicalArticleNumber": "4726766",
    "commercialArticleNumber": "19509",
    "name": "Big Americans BBQ Chicken",
    "brand": "DR.OETKER",
    "seoBrand": "Dr.Oetker",
    "thumbNail": "https://static.colruytgroup.com/images/200x200/std.lang.all/55/39/asset-3215539.jpg",
    "fullImage": "https://static.colruytgroup.com/images/500x500/std.lang.all/55/39/asset-3215539.jpg",
    "squareImage": "https://static.colruytgroup.com/images/500x500sq/std.lang.all/55/39/asset-3215539.jpg",
    "content": "460g",
    "walkRouteSequenceNumber": 17968,
    "price": {
      "basicPrice": 4.69,
      "recommendedQuantity": "1.0",
      "quantityPrice": 4.5,
      "quantityPriceQuantity": "3.0",
      "measurementUnitPrice": 10.2,
      "measurementUnitQuantityPrice": 9.79,
      "measurementUnit": "K",
      "isRedPrice": false,
      "pricePerUOM": 10.2,
      "activationDate": "18-03-2024",
      "recordSource": "Offline",
      "isPromoActive": "N",
      "priceChangeCode": "E",
      "quantityPricePerUOM": 9.79,
      "quantityActivationDate": "18-03-2024",
      "quantityPriceChangeCode": "H"
    },
    "isAvailable": true,
    "isPriceAvailable": true,
    "inPromo": false,
    "gtin": [
      "04001724023821",
      "04001724023814"
    ],
    "topCategoryName": "Diepvries",
    "topCategoryId": "129",
    "businessDomain": "RETAIL_BE",
    "IsPrivateLabel": false,
    "IsBiffe": false,
    "WeightconversionFactor": "0",
    "IsWeightArticle": false,
    "nutriscoreLabel": "C",
    "IsBio": false,
    "CountryOfOrigin": "DUITSLAND",
    "IsExclusivelySoldInLuxembourg": false,
    "OrderUnit": "P",
    "ShortName": "DROE A.BBQ CHICKEN 460G",
    "IsNew": false,
    "RecentQuanityOfStockUnits": "1",
    "LongName": "DR.OETKER Big Americans BBQ Chicken 460g",
    "FicCode": "E"
  },
  {
    "productId": "825726",
    "technicalArticleNumber": "4662786",
    "commercialArticleNumber": "29907",
    "name": "escargots bourguignonne 12st",
    "description": "*12 stuks",
    "brand": "BONI",
    "seoBrand": "Boni Selection",
    "thumbNail": "https://static.colruytgroup.com/images/200x200/std.lang.all/16/81/asset-3361681.jpg",
    "fullImage": "https://static.colruytgroup.com/images/500x500/std.lang.all/16/81/asset-3361681.jpg",
    "squareImage": "https://static.colruytgroup.com/images/500x500sq/std.lang.all/16/81/asset-3361681.jpg",
    "content": "89g",
    "walkRouteSequenceNumber": 16661,
    "price": {
      "basicPrice": 3.08,
      "recommendedQuantity": "1.0",
      "measurementUnitPrice": 34.61,
      "measurementUnit": "K",
      "isRedPrice": false,
      "pricePerUOM": 34.61,
      "activationDate": "13-03-2024",
      "recordSource": "Offline",
      "isPromoActive": "N",
      "priceChangeCode": "L"
    },
    "isAvailable": true,
    "isPriceAvailable": true,
    "inPromo": false,
    "gtin": [
      "05400141965292"
    ],
    "topCategoryName": "Diepvries",
    "topCategoryId": "129",
    "businessDomain": "RETAIL_BE",
    "IsPrivateLabel": true,
    "IsBiffe": false,
    "WeightconversionFactor": "0",
    "IsWeightArticle": false,
    "IsBio": false,
    "CountryOfOrigin": "TURKIJE",
    "IsExclusivelySoldInLuxembourg": false,
    "OrderUnit": "P",
    "ShortName": "BONI ESCARG ZR GR 89G",
    "IsNew": false,
    "RecentQuanityOfStockUnits": "1",
    "LongName": "BONI escargots bourguignonne 12st 89g",
    "FicCode": "I"
  },
  {
    "productId": "135771",
    "technicalArticleNumber": "3173001",
    "commercialArticleNumber": "13431",
    "name": "tilapiafilet graatloos ASC",
    "description": "*Aquacultuur uit\nMaleisië\n*Graatloos\n*met label ASC",
    "brand": "BONI",
    "seoBrand": "Boni Selection",
    "thumbNail": "https://static.colruytgroup.com/images/200x200/std.lang.all/16/00/asset-3341600.jpg",
    "fullImage": "https://static.colruytgroup.com/images/500x500/std.lang.all/16/00/asset-3341600.jpg",
    "squareImage": "https://static.colruytgroup.com/images/500x500sq/std.lang.all/16/00/asset-3341600.jpg",
    "content": "1kg",
    "walkRouteSequenceNumber": 16855,
    "price": {
      "basicPrice": 12.42,
      "recommendedQuantity": "1.0",
      "quantityPrice": 11.92,
      "quantityPriceQuantity": "3.0",
      "measurementUnitPrice": 12.42,
      "measurementUnitQuantityPrice": 11.92,
      "measurementUnit": "K",
      "isRedPrice": false,
      "pricePerUOM": 12.42,
      "activationDate": "16-02-2024",
      "recordSource": "Offline",
      "isPromoActive": "N",
      "priceChangeCode": "E",
      "quantityPricePerUOM": 11.92,
      "quantityActivationDate": "16-02-2024",
      "quantityPriceChangeCode": "E"
    },
    "isAvailable": true,
    "isPriceAvailable": true,
    "inPromo": false,
    "gtin": [
      "05400141319712",
      "15400141376774",
      "15400141221326",
      "05400141221329",
      "05400141398564",
      "05400141376777",
      "05400141224474",
      "05400141180237"
    ],
    "topCategoryName": "Diepvries",
    "topCategoryId": "129",
    "businessDomain": "RETAIL_BE",
    "IsPrivateLabel": true,
    "IsBiffe": false,
    "WeightconversionFactor": "0",
    "IsWeightArticle": false,
    "nutriscoreLabel": "A",
    "IsBio": false,
    "CountryOfOrigin": "INDONESIË",
    "IsExclusivelySoldInLuxembourg": false,
    "OrderUnit": "P",
    "ShortName": "BONI/BP TILAPIAFILET 1K",
    "IsNew": false,
    "RecentQuanityOfStockUnits": "1",
    "LongName": "BONI tilapiafilet graatloos ASC 1kg",
    "AlcoholVolume": "0",
    "FicCode": "I"
  },
  {
    "productId": "614250",
    "technicalArticleNumber": "4289180",
    "commercialArticleNumber": "23304",
    "name": "Jumbo pistolet",
    "description": "*Voorgebakken\n*Diepgevroren\ntarwebroodproduct",
    "brand": "BONI",
    "seoBrand": "Boni Selection",
    "thumbNail": "https://static.colruytgroup.com/images/200x200/std.lang.all/64/95/asset-2486495.jpg",
    "fullImage": "https://static.colruytgroup.com/images/500x500/std.lang.all/64/95/asset-2486495.jpg",
    "squareImage": "https://static.colruytgroup.com/images/500x500sq/std.lang.all/64/95/asset-2486495.jpg",
    "content": "8x90g",
    "walkRouteSequenceNumber": 17912,
    "price": {
      "basicPrice": 4.89,
      "recommendedQuantity": "1.0",
      "quantityPrice": 4.5,
      "quantityPriceQuantity": "3.0",
      "measurementUnitPrice": 6.8,
      "measurementUnitQuantityPrice": 6.25,
      "measurementUnit": "K",
      "isRedPrice": false,
      "pricePerUOM": 6.8,
      "activationDate": "04-01-2024",
      "isPromoActive": "N",
      "priceChangeCode": "H",
      "quantityPricePerUOM": 6.25,
      "quantityActivationDate": "04-01-2024",
      "quantityPriceChangeCode": "H"
    },
    "isAvailable": true,
    "isPriceAvailable": true,
    "inPromo": false,
    "gtin": [
      "15400141614852",
      "05400141416053",
      "15400141416050",
      "05400141614855"
    ],
    "topCategoryName": "Diepvries",
    "topCategoryId": "129",
    "businessDomain": "RETAIL_BE",
    "IsPrivateLabel": true,
    "IsBiffe": false,
    "WeightconversionFactor": "0",
    "IsWeightArticle": false,
    "nutriscoreLabel": "C",
    "IsBio": false,
    "CountryOfOrigin": "POLEN",
    "IsExclusivelySoldInLuxembourg": false,
    "OrderUnit": "P",
    "ShortName": "BONI JUMBO PISTOL8X90G",
    "IsNew": false,
    "EcoscoreLabel": "B",
    "RecentQuanityOfStockUnits": "1,1,6",
    "LongName": "BONI Jumbo pistolet 8x90g",
    "FicCode": "I",
    "EcoscoreValue": "77"
  },
  {
    "productId": "119162",
    "technicalArticleNumber": "3048792",
    "commercialArticleNumber": "22548",
    "name": "sorbet limoen",
    "description": "*45 % fruit in eindproduct\n*Citroen- en limoensorbet",
    "brand": "BONI",
    "seoBrand": "Boni Selection",
    "thumbNail": "https://static.colruytgroup.com/images/200x200/std.lang.all/96/07/asset-2509607.jpg",
    "fullImage": "https://static.colruytgroup.com/images/500x500/std.lang.all/96/07/asset-2509607.jpg",
    "squareImage": "https://static.colruytgroup.com/images/500x500sq/std.lang.all/96/07/asset-2509607.jpg",
    "content": "1L",
    "walkRouteSequenceNumber": 17154,
    "price": {
      "basicPrice": 2.49,
      "recommendedQuantity": "1.0",
      "measurementUnitPrice": 2.49,
      "measurementUnit": "L",
      "isRedPrice": false,
      "pricePerUOM": 2.49,
      "activationDate": "21-03-2024",
      "recordSource": "Offline",
      "isPromoActive": "N",
      "priceChangeCode": "L"
    },
    "isAvailable": true,
    "isPriceAvailable": true,
    "inPromo": false,
    "gtin": [
      "05400141478945",
      "15400141276241",
      "05400141276244",
      "05400141157390",
      "05400141075847",
      "15400141963103",
      "15400141478942"
    ],
    "topCategoryName": "Diepvries",
    "topCategoryId": "129",
    "businessDomain": "RETAIL_BE",
    "IsPrivateLabel": true,
    "IsBiffe": false,
    "WeightconversionFactor": "0",
    "IsWeightArticle": false,
    "nutriscoreLabel": "C",
    "IsBio": false,
    "CountryOfOrigin": "BELGIË",
    "IsExclusivelySoldInLuxembourg": false,
    "OrderUnit": "P",
    "ShortName": "BONI SORBET LIMOEN 1L",
    "IsNew": false,
    "EcoscoreLabel": "B",
    "RecentQuanityOfStockUnits": "1",
    "LongName": "BONI sorbet limoen 1L",
    "AlcoholVolume": "0",
    "FicCode": "I",
    "EcoscoreValue": "68"
  },
  {
    "productId": "105728",
    "technicalArticleNumber": "3108449",
    "commercialArticleNumber": "42072",
    "name": "Mix box 12st",
    "description": "*Assortiment\nwaterijs: aardbei,\nsinaasappel, raket,\nregenboog",
    "brand": "BONI",
    "seoBrand": "Boni Selection",
    "thumbNail": "https://static.colruytgroup.com/images/200x200/std.lang.all/35/04/asset-1823504.jpg",
    "fullImage": "https://static.colruytgroup.com/images/500x500/std.lang.all/35/04/asset-1823504.jpg",
    "squareImage": "https://static.colruytgroup.com/images/500x500sq/std.lang.all/35/04/asset-1823504.jpg",
    "content": "650ml",
    "walkRouteSequenceNumber": 17276,
    "price": {
      "basicPrice": 3.72,
      "recommendedQuantity": "1.0",
      "quantityPrice": 3.42,
      "quantityPriceQuantity": "3.0",
      "measurementUnitPrice": 5.73,
      "measurementUnitQuantityPrice": 5.27,
      "measurementUnit": "L",
      "isRedPrice": false,
      "pricePerUOM": 5.73,
      "activationDate": "19-03-2024",
      "recordSource": "Offline",
      "isPromoActive": "N",
      "priceChangeCode": "H",
      "quantityPricePerUOM": 5.27,
      "quantityActivationDate": "19-03-2024",
      "quantityPriceChangeCode": "H"
    },
    "isAvailable": true,
    "isPriceAvailable": true,
    "inPromo": false,
    "gtin": [
      "15400141949992",
      "05400141401097",
      "05400141260977",
      "05400141077124"
    ],
    "topCategoryName": "Diepvries",
    "topCategoryId": "129",
    "businessDomain": "RETAIL_BE",
    "IsPrivateLabel": true,
    "IsBiffe": false,
    "WeightconversionFactor": "0",
    "IsWeightArticle": false,
    "nutriscoreLabel": "C",
    "IsBio": false,
    "CountryOfOrigin": "NEDERLAND",
    "IsExclusivelySoldInLuxembourg": false,
    "OrderUnit": "P",
    "ShortName": "BONI MIX WATERIJS 12ST",
    "IsNew": false,
    "EcoscoreLabel": "B",
    "RecentQuanityOfStockUnits": "1,10",
    "LongName": "BONI Mix box 12st 650ml",
    "AlcoholVolume": "0",
    "FicCode": "I",
    "EcoscoreValue": "73"
  },
  {
    "productId": "158018",
    "technicalArticleNumber": "3283594",
    "commercialArticleNumber": "19698",
    "name": "roomijs dame blanche",
    "brand": "BONI",
    "seoBrand": "Boni Selection",
    "thumbNail": "https://static.colruytgroup.com/images/200x200/std.lang.all/46/09/asset-3344609.jpg",
    "fullImage": "https://static.colruytgroup.com/images/500x500/std.lang.all/46/09/asset-3344609.jpg",
    "squareImage": "https://static.colruytgroup.com/images/500x500sq/std.lang.all/46/09/asset-3344609.jpg",
    "content": "1,5L",
    "walkRouteSequenceNumber": 17199,
    "price": {
      "basicPrice": 4.08,
      "recommendedQuantity": "1.0",
      "quantityPrice": 3.75,
      "quantityPriceQuantity": "3.0",
      "measurementUnitPrice": 2.72,
      "measurementUnitQuantityPrice": 2.5,
      "measurementUnit": "L",
      "isRedPrice": false,
      "pricePerUOM": 2.72,
      "activationDate": "15-02-2024",
      "recordSource": "Offline",
      "isPromoActive": "N",
      "priceChangeCode": "H",
      "quantityPricePerUOM": 2.5,
      "quantityActivationDate": "15-02-2024",
      "quantityPriceChangeCode": "E"
    },
    "isAvailable": true,
    "isPriceAvailable": true,
    "inPromo": false,
    "gtin": [
      "15400141798682",
      "05400141902990",
      "15400141261100",
      "05400141415285",
      "05400141378108",
      "05400141284201",
      "05400141261103",
      "15400141859673",
      "15400141902997"
    ],
    "topCategoryName": "Diepvries",
    "topCategoryId": "129",
    "businessDomain": "RETAIL_BE",
    "IsPrivateLabel": true,
    "IsBiffe": false,
    "WeightconversionFactor": "0",
    "IsWeightArticle": false,
    "nutriscoreLabel": "D",
    "IsBio": false,
    "CountryOfOrigin": "BELGIË",
    "IsExclusivelySoldInLuxembourg": false,
    "OrderUnit": "P",
    "ShortName": "BONI DAME BLANCHE 1L5",
    "IsNew": false,
    "EcoscoreLabel": "B",
    "RecentQuanityOfStockUnits": "1,6",
    "LongName": "BONI roomijs dame blanche 1,5L",
    "AlcoholVolume": "0",
    "FicCode": "I",
    "EcoscoreValue": "79"
  },
  {
    "productId": "187918",
    "technicalArticleNumber": "3468993",
    "commercialArticleNumber": "30446",
    "name": "speculoosijs stick",
    "description": "*Smaak: speculoos",
    "brand": "LOTUS",
    "seoBrand": "Lotus",
    "thumbNail": "https://static.colruytgroup.com/images/200x200/std.lang.all/57/59/asset-3435759.jpg",
    "fullImage": "https://static.colruytgroup.com/images/500x500/std.lang.all/57/59/asset-3435759.jpg",
    "squareImage": "https://static.colruytgroup.com/images/500x500sq/std.lang.all/57/59/asset-3435759.jpg",
    "content": "4x90ml",
    "walkRouteSequenceNumber": 17202,
    "price": {
      "basicPrice": 4.99,
      "recommendedQuantity": "1.0",
      "quantityPrice": 4.59,
      "quantityPriceQuantity": "3.0",
      "measurementUnitPrice": 13.87,
      "measurementUnitQuantityPrice": 12.75,
      "measurementUnit": "L",
      "isRedPrice": false,
      "pricePerUOM": 13.87,
      "activationDate": "13-11-2023",
      "recordSource": "Offline",
      "isPromoActive": "N",
      "priceChangeCode": "H",
      "quantityPricePerUOM": 12.75,
      "quantityActivationDate": "13-11-2023",
      "quantityPriceChangeCode": "E"
    },
    "isAvailable": true,
    "isPriceAvailable": true,
    "inPromo": false,
    "gtin": [
      "15410126037002",
      "05410126037005"
    ],
    "topCategoryName": "Diepvries",
    "topCategoryId": "129",
    "businessDomain": "RETAIL_BE",
    "IsPrivateLabel": false,
    "IsBiffe": false,
    "WeightconversionFactor": "0",
    "IsWeightArticle": false,
    "nutriscoreLabel": "E",
    "IsBio": false,
    "CountryOfOrigin": "BELGIË",
    "IsExclusivelySoldInLuxembourg": false,
    "OrderUnit": "P",
    "ShortName": "LOT.SPEC.IJSSTICK4X90ML",
    "IsNew": false,
    "RecentQuanityOfStockUnits": "1",
    "LongName": "LOTUS speculoosijs stick 4x90ml",
    "AlcoholVolume": "0",
    "FicCode": "E"
  },
  {
    "productId": "770229",
    "technicalArticleNumber": "4557164",
    "commercialArticleNumber": "25194",
    "name": "wafels classic",
    "description": "*Diepvries",
    "brand": "DELY",
    "seoBrand": "Dely",
    "thumbNail": "https://static.colruytgroup.com/images/200x200/std.lang.all/54/95/asset-3215495.jpg",
    "fullImage": "https://static.colruytgroup.com/images/500x500/std.lang.all/54/95/asset-3215495.jpg",
    "squareImage": "https://static.colruytgroup.com/images/500x500sq/std.lang.all/54/95/asset-3215495.jpg",
    "content": "8st",
    "walkRouteSequenceNumber": 17483,
    "price": {
      "basicPrice": 2.25,
      "recommendedQuantity": "1.0",
      "quantityPrice": 2.07,
      "quantityPriceQuantity": "3.0",
      "measurementUnitPrice": 9.38,
      "measurementUnitQuantityPrice": 8.63,
      "measurementUnit": "K",
      "isRedPrice": false,
      "pricePerUOM": 9.38,
      "activationDate": "15-11-2023",
      "recordSource": "Online",
      "isPromoActive": "N",
      "priceChangeCode": "E",
      "quantityPricePerUOM": 8.63,
      "quantityActivationDate": "15-11-2023",
      "quantityPriceChangeCode": "E"
    },
    "isAvailable": true,
    "isPriceAvailable": true,
    "inPromo": false,
    "gtin": [
      "05412279308919",
      "05412279308018"
    ],
    "topCategoryName": "Diepvries",
    "topCategoryId": "129",
    "businessDomain": "RETAIL_BE",
    "IsPrivateLabel": false,
    "IsBiffe": false,
    "WeightconversionFactor": "0",
    "IsWeightArticle": false,
    "IsBio": false,
    "CountryOfOrigin": "BELGIË",
    "IsExclusivelySoldInLuxembourg": false,
    "OrderUnit": "P",
    "ShortName": "DELY WAFELS CLASSIC 8ST",
    "IsNew": false,
    "EcoscoreLabel": "C",
    "RecentQuanityOfStockUnits": "1",
    "LongName": "DELY wafels classic 8st",
    "FicCode": "E",
    "EcoscoreValue": "56"
  },
  {
    "productId": "571034",
    "technicalArticleNumber": "4216211",
    "commercialArticleNumber": "5448",
    "name": "Salted Caramel Brownie",
    "description": "*Roomijs\n*Chocolade stukjes\n*Fairtrade\n*Perfect om te delen\n*Dessert",
    "brand": "B&J",
    "seoBrand": "Ben & Jerry's",
    "thumbNail": "https://static.colruytgroup.com/images/200x200/std.lang.all/35/46/asset-2093546.jpg",
    "fullImage": "https://static.colruytgroup.com/images/500x500/std.lang.all/35/46/asset-2093546.jpg",
    "squareImage": "https://static.colruytgroup.com/images/500x500sq/std.lang.all/35/46/asset-2093546.jpg",
    "content": "438ml",
    "walkRouteSequenceNumber": 17466,
    "price": {
      "basicPrice": 6.99,
      "recommendedQuantity": "1.0",
      "measurementUnitPrice": 15.96,
      "measurementUnit": "L",
      "isRedPrice": false,
      "pricePerUOM": 15.96,
      "activationDate": "04-03-2024",
      "recordSource": "Offline",
      "isPromoActive": "N",
      "priceChangeCode": "E"
    },
    "isAvailable": true,
    "isPriceAvailable": true,
    "inPromo": false,
    "gtin": [
      "08711327370760",
      "08711327370753"
    ],
    "topCategoryName": "Diepvries",
    "topCategoryId": "129",
    "businessDomain": "RETAIL_BE",
    "IsPrivateLabel": false,
    "IsBiffe": false,
    "WeightconversionFactor": "0",
    "IsWeightArticle": false,
    "nutriscoreLabel": "E",
    "IsBio": false,
    "CountryOfOrigin": "NEDERLAND",
    "IsExclusivelySoldInLuxembourg": false,
    "OrderUnit": "P",
    "ShortName": "BEN JERRY CARAM.BROW438",
    "IsNew": false,
    "EcoscoreLabel": "B",
    "RecentQuanityOfStockUnits": "1",
    "LongName": "B&J Salted Caramel Brownie 438ml",
    "FicCode": "E",
    "EcoscoreValue": "77"
  },
  {
    "productId": "787675",
    "technicalArticleNumber": "4590016",
    "commercialArticleNumber": "22533",
    "name": "Oven&Airfryer kipnuggets",
    "description": "*Diepvriessnacks\n*Oven & Airfryer",
    "brand": "MORA",
    "seoBrand": "Mora",
    "thumbNail": "https://static.colruytgroup.com/images/200x200/std.lang.all/54/22/asset-3215422.jpg",
    "fullImage": "https://static.colruytgroup.com/images/500x500/std.lang.all/54/22/asset-3215422.jpg",
    "squareImage": "https://static.colruytgroup.com/images/500x500sq/std.lang.all/54/22/asset-3215422.jpg",
    "content": "14x20g",
    "walkRouteSequenceNumber": 16715,
    "price": {
      "basicPrice": 4.99,
      "recommendedQuantity": "1.0",
      "quantityPrice": 4.79,
      "quantityPriceQuantity": "3.0",
      "measurementUnitPrice": 17.83,
      "measurementUnitQuantityPrice": 17.11,
      "measurementUnit": "K",
      "isRedPrice": false,
      "pricePerUOM": 17.83,
      "activationDate": "21-03-2024",
      "recordSource": "Offline",
      "isPromoActive": "N",
      "priceChangeCode": "E",
      "quantityPricePerUOM": 17.11,
      "quantityActivationDate": "21-03-2024",
      "quantityPriceChangeCode": "H"
    },
    "isAvailable": true,
    "isPriceAvailable": true,
    "inPromo": false,
    "gtin": [
      "08710861994753"
    ],
    "topCategoryName": "Diepvries",
    "topCategoryId": "129",
    "businessDomain": "RETAIL_BE",
    "IsPrivateLabel": false,
    "IsBiffe": false,
    "WeightconversionFactor": "0",
    "IsWeightArticle": false,
    "nutriscoreLabel": "C",
    "IsBio": false,
    "CountryOfOrigin": "NEDERLAND",
    "IsExclusivelySoldInLuxembourg": false,
    "OrderUnit": "P",
    "ShortName": "MORA OVEN KIPNUGG14X20G",
    "IsNew": false,
    "EcoscoreLabel": "E",
    "RecentQuanityOfStockUnits": "1",
    "LongName": "MORA Oven&Airfryer kipnuggets 14x20g",
    "FicCode": "E",
    "EcoscoreValue": "6"
  },
  {
    "productId": "4587",
    "technicalArticleNumber": "30447",
    "commercialArticleNumber": "30447",
    "name": "rundstong in maderasaus",
    "description": "*Met 40 % rundertong\nen madeirasaus\n*In de kookpot, oven\nmicrogolfoven",
    "brand": "BONI",
    "seoBrand": "Boni Selection",
    "thumbNail": "https://static.colruytgroup.com/images/200x200/std.lang.all/79/97/asset-2067997.jpg",
    "fullImage": "https://static.colruytgroup.com/images/500x500/std.lang.all/79/97/asset-2067997.jpg",
    "squareImage": "https://static.colruytgroup.com/images/500x500sq/std.lang.all/79/97/asset-2067997.jpg",
    "content": "400g",
    "walkRouteSequenceNumber": 16617,
    "price": {
      "basicPrice": 3.69,
      "recommendedQuantity": "1.0",
      "measurementUnitPrice": 9.23,
      "measurementUnit": "K",
      "isRedPrice": false,
      "pricePerUOM": 9.23,
      "activationDate": "08-03-2024",
      "recordSource": "Offline",
      "isPromoActive": "N",
      "priceChangeCode": "H"
    },
    "isAvailable": true,
    "isPriceAvailable": true,
    "inPromo": false,
    "gtin": [
      "15400141850991",
      "05400141343380",
      "05400141244205",
      "05400141119626",
      "05400141850994",
      "15400141845294",
      "15400141244202",
      "05400141504477",
      "05400141404470"
    ],
    "topCategoryName": "Diepvries",
    "topCategoryId": "129",
    "businessDomain": "RETAIL_BE",
    "IsPrivateLabel": true,
    "IsBiffe": false,
    "WeightconversionFactor": "0",
    "IsWeightArticle": false,
    "nutriscoreLabel": "C",
    "IsBio": false,
    "CountryOfOrigin": "BELGIË",
    "IsExclusivelySoldInLuxembourg": false,
    "OrderUnit": "P",
    "ShortName": "BONI TONG MADERAS.400G",
    "IsNew": false,
    "EcoscoreLabel": "E",
    "RecentQuanityOfStockUnits": "1,1,10",
    "LongName": "BONI rundstong in maderasaus 400g",
    "AlcoholVolume": "0",
    "FicCode": "I",
    "EcoscoreValue": "10"
  },
  {
    "productId": "875710",
    "technicalArticleNumber": "4731067",
    "commercialArticleNumber": "32261",
    "name": "Belgische frieten L",
    "brand": "BELVIVA",
    "seoBrand": "Belviva",
    "thumbNail": "https://static.colruytgroup.com/images/200x200/std.lang.all/60/59/asset-3226059.jpg",
    "fullImage": "https://static.colruytgroup.com/images/500x500/std.lang.all/60/59/asset-3226059.jpg",
    "squareImage": "https://static.colruytgroup.com/images/500x500sq/std.lang.all/60/59/asset-3226059.jpg",
    "content": "875g",
    "walkRouteSequenceNumber": 16385,
    "price": {
      "basicPrice": 3.99,
      "recommendedQuantity": "1.0",
      "measurementUnitPrice": 4.56,
      "measurementUnit": "K",
      "isRedPrice": false,
      "pricePerUOM": 4.56,
      "activationDate": "20-02-2024",
      "recordSource": "Offline",
      "isPromoActive": "N",
      "priceChangeCode": "E"
    },
    "isAvailable": true,
    "isPriceAvailable": true,
    "inPromo": false,
    "gtin": [
      "05414807007752",
      "05414807606849"
    ],
    "topCategoryName": "Diepvries",
    "topCategoryId": "129",
    "businessDomain": "RETAIL_BE",
    "IsPrivateLabel": false,
    "IsBiffe": false,
    "WeightconversionFactor": "0",
    "IsWeightArticle": false,
    "nutriscoreLabel": "A",
    "IsBio": false,
    "CountryOfOrigin": "BELGIË",
    "IsExclusivelySoldInLuxembourg": false,
    "OrderUnit": "P",
    "ShortName": "BELV BELGIS. FR. L 875G",
    "IsNew": false,
    "RecentQuanityOfStockUnits": "1",
    "LongName": "BELVIVA Belgische frieten L 875g",
    "FicCode": "E"
  },
  {
    "productId": "1002",
    "technicalArticleNumber": "30230",
    "commercialArticleNumber": "30230",
    "name": "kaaskroketten",
    "description": "*In de frituurpan",
    "brand": "BONI",
    "seoBrand": "Boni Selection",
    "thumbNail": "https://static.colruytgroup.com/images/200x200/std.lang.all/07/30/asset-3330730.jpg",
    "fullImage": "https://static.colruytgroup.com/images/500x500/std.lang.all/07/30/asset-3330730.jpg",
    "squareImage": "https://static.colruytgroup.com/images/500x500sq/std.lang.all/07/30/asset-3330730.jpg",
    "content": "24st",
    "walkRouteSequenceNumber": 17551,
    "price": {
      "basicPrice": 6.79,
      "recommendedQuantity": "1.0",
      "quantityPrice": 6.52,
      "quantityPriceQuantity": "3.0",
      "measurementUnitPrice": 5.66,
      "measurementUnitQuantityPrice": 5.44,
      "measurementUnit": "K",
      "isRedPrice": false,
      "pricePerUOM": 5.66,
      "activationDate": "17-01-2024",
      "isPromoActive": "N",
      "priceChangeCode": "E",
      "quantityPricePerUOM": 5.44,
      "quantityActivationDate": "17-01-2024",
      "quantityPriceChangeCode": "E"
    },
    "isAvailable": true,
    "isPriceAvailable": true,
    "inPromo": false,
    "gtin": [
      "05400141367270",
      "05400141088106",
      "05400141127324",
      "05400141234602",
      "05400141238792",
      "15400141995135"
    ],
    "topCategoryName": "Diepvries",
    "topCategoryId": "129",
    "businessDomain": "RETAIL_BE",
    "IsPrivateLabel": true,
    "IsBiffe": false,
    "WeightconversionFactor": "0",
    "IsWeightArticle": false,
    "nutriscoreLabel": "D",
    "IsBio": false,
    "CountryOfOrigin": "BELGIË",
    "IsExclusivelySoldInLuxembourg": false,
    "OrderUnit": "P",
    "ShortName": "BONI KAASKROKETTEN 24S",
    "IsNew": false,
    "EcoscoreLabel": "B",
    "RecentQuanityOfStockUnits": "1,6",
    "LongName": "BONI kaaskroketten 24st",
    "AlcoholVolume": "0",
    "FicCode": "I",
    "EcoscoreValue": "64"
  },
  {
    "productId": "142772",
    "technicalArticleNumber": "3283337",
    "commercialArticleNumber": "9981",
    "name": "Tiger scampi Medium ongep. ASC",
    "description": "*Aquacultuur Viëtnam\n*met label ASC\n*Ontdarmd, ongepeld\neasy peel, rauw\n*Maat 31/40,35-45st.",
    "brand": "BONI",
    "seoBrand": "Boni Selection",
    "thumbNail": "https://static.colruytgroup.com/images/200x200/std.lang.all/55/72/asset-1165572.jpg",
    "fullImage": "https://static.colruytgroup.com/images/500x500/std.lang.all/55/72/asset-1165572.jpg",
    "squareImage": "https://static.colruytgroup.com/images/500x500sq/std.lang.all/55/72/asset-1165572.jpg",
    "content": "500g",
    "walkRouteSequenceNumber": 16687,
    "price": {
      "basicPrice": 13.75,
      "recommendedQuantity": "1.0",
      "quantityPrice": 12.65,
      "quantityPriceQuantity": "3.0",
      "measurementUnitPrice": 27.5,
      "measurementUnitQuantityPrice": 25.3,
      "measurementUnit": "K",
      "isRedPrice": false,
      "pricePerUOM": 27.5,
      "activationDate": "02-01-2024",
      "isPromoActive": "N",
      "priceChangeCode": "E",
      "quantityPricePerUOM": 25.3,
      "quantityActivationDate": "02-01-2024",
      "quantityPriceChangeCode": "E"
    },
    "isAvailable": true,
    "isPriceAvailable": true,
    "inPromo": false,
    "gtin": [
      "15400141889922",
      "15400141793526",
      "05400141793529",
      "05400141037838",
      "05400141057911",
      "15400141186342",
      "05400141398489",
      "05400141186345",
      "05400141140835"
    ],
    "topCategoryName": "Diepvries",
    "topCategoryId": "129",
    "businessDomain": "RETAIL_BE",
    "IsPrivateLabel": true,
    "IsBiffe": false,
    "WeightconversionFactor": "0",
    "IsWeightArticle": false,
    "nutriscoreLabel": "A",
    "IsBio": false,
    "CountryOfOrigin": "VIETNAM",
    "IsExclusivelySoldInLuxembourg": false,
    "OrderUnit": "P",
    "ShortName": "BONI 35/45BLAC TIGER500",
    "IsNew": false,
    "EcoscoreLabel": "D",
    "RecentQuanityOfStockUnits": "1,1",
    "LongName": "BONI Tiger scampi Medium ongep. ASC 500g",
    "AlcoholVolume": "0",
    "FicCode": "I",
    "EcoscoreValue": "23"
  },
  {
    "productId": "839730",
    "technicalArticleNumber": "4683427",
    "commercialArticleNumber": "5587",
    "name": "Pastel de nata",
    "brand": "NATA PURA",
    "seoBrand": "Nata Pura",
    "thumbNail": "https://static.colruytgroup.com/images/200x200/std.lang.all/94/58/asset-2969458.jpg",
    "fullImage": "https://static.colruytgroup.com/images/500x500/std.lang.all/94/58/asset-2969458.jpg",
    "squareImage": "https://static.colruytgroup.com/images/500x500sq/std.lang.all/94/58/asset-2969458.jpg",
    "content": "4x60g",
    "walkRouteSequenceNumber": 17474,
    "price": {
      "basicPrice": 2.99,
      "recommendedQuantity": "1.0",
      "quantityPrice": 2.75,
      "quantityPriceQuantity": "3.0",
      "measurementUnitPrice": 12.46,
      "measurementUnitQuantityPrice": 11.46,
      "measurementUnit": "K",
      "isRedPrice": false,
      "pricePerUOM": 12.46,
      "activationDate": "10-02-2024",
      "isPromoActive": "N",
      "priceChangeCode": "L",
      "quantityPricePerUOM": 11.46,
      "quantityActivationDate": "10-02-2024",
      "quantityPriceChangeCode": "L"
    },
    "isAvailable": true,
    "isPriceAvailable": true,
    "inPromo": false,
    "gtin": [
      "05600699792313"
    ],
    "topCategoryName": "Diepvries",
    "topCategoryId": "129",
    "businessDomain": "RETAIL_BE",
    "IsPrivateLabel": false,
    "IsBiffe": false,
    "WeightconversionFactor": "0",
    "IsWeightArticle": false,
    "IsBio": false,
    "CountryOfOrigin": "PORTUGAL",
    "IsExclusivelySoldInLuxembourg": false,
    "OrderUnit": "P",
    "ShortName": "NAPU PAST.DE NATA 4X60G",
    "IsNew": false,
    "RecentQuanityOfStockUnits": "1",
    "LongName": "NATA PURA Pastel de nata 4x60g",
    "FicCode": "E"
  },
  {
    "productId": "571018",
    "technicalArticleNumber": "4216194",
    "commercialArticleNumber": "5265",
    "name": "Chunky Monkey",
    "description": "*Roomijs\n*Chocolade stukjes\n*Fairtrade\n*Perfect om te delen\n*Dessert",
    "brand": "B&J",
    "seoBrand": "Ben & Jerry's",
    "thumbNail": "https://static.colruytgroup.com/images/200x200/std.lang.all/40/97/asset-2204097.jpg",
    "fullImage": "https://static.colruytgroup.com/images/500x500/std.lang.all/40/97/asset-2204097.jpg",
    "squareImage": "https://static.colruytgroup.com/images/500x500sq/std.lang.all/40/97/asset-2204097.jpg",
    "content": "465ml",
    "walkRouteSequenceNumber": 17460,
    "price": {
      "basicPrice": 5.99,
      "recommendedQuantity": "1.0",
      "quantityPrice": 5.75,
      "quantityPriceQuantity": "3.0",
      "measurementUnitPrice": 12.89,
      "measurementUnitQuantityPrice": 12.37,
      "measurementUnit": "L",
      "isRedPrice": false,
      "pricePerUOM": 12.89,
      "activationDate": "04-03-2024",
      "recordSource": "Offline",
      "isPromoActive": "N",
      "priceChangeCode": "E",
      "quantityPricePerUOM": 12.37,
      "quantityActivationDate": "04-03-2024",
      "quantityPriceChangeCode": "H"
    },
    "isAvailable": true,
    "isPriceAvailable": true,
    "inPromo": false,
    "gtin": [
      "08711327372955",
      "08711327372962"
    ],
    "topCategoryName": "Diepvries",
    "topCategoryId": "129",
    "businessDomain": "RETAIL_BE",
    "IsPrivateLabel": false,
    "IsBiffe": false,
    "WeightconversionFactor": "0",
    "IsWeightArticle": false,
    "nutriscoreLabel": "E",
    "IsBio": false,
    "CountryOfOrigin": "NEDERLAND",
    "IsExclusivelySoldInLuxembourg": false,
    "OrderUnit": "P",
    "ShortName": "BEN JERRY MONKEY 465ML",
    "IsNew": false,
    "EcoscoreLabel": "B",
    "RecentQuanityOfStockUnits": "1",
    "LongName": "B&J Chunky Monkey 465ml",
    "FicCode": "E",
    "EcoscoreValue": "77"
  },
  {
    "productId": "192367",
    "technicalArticleNumber": "3450088",
    "commercialArticleNumber": "50214",
    "name": "topping karamel",
    "brand": "IMPERIAL",
    "seoBrand": "Imperial",
    "thumbNail": "https://static.colruytgroup.com/images/200x200/std.lang.all/22/79/asset-1392279.jpg",
    "fullImage": "https://static.colruytgroup.com/images/500x500/std.lang.all/22/79/asset-1392279.jpg",
    "squareImage": "https://static.colruytgroup.com/images/500x500sq/std.lang.all/22/79/asset-1392279.jpg",
    "content": "290ml",
    "walkRouteSequenceNumber": 17144,
    "price": {
      "basicPrice": 3.95,
      "recommendedQuantity": "1.0",
      "quantityPrice": 3.27,
      "quantityPriceQuantity": "3.0",
      "measurementUnitPrice": 13.63,
      "measurementUnitQuantityPrice": 11.28,
      "measurementUnit": "L",
      "isRedPrice": false,
      "pricePerUOM": 13.63,
      "activationDate": "20-03-2024",
      "recordSource": "Offline",
      "isPromoActive": "N",
      "priceChangeCode": "E",
      "quantityPricePerUOM": 11.28,
      "quantityActivationDate": "20-03-2024",
      "quantityPriceChangeCode": "H"
    },
    "isAvailable": true,
    "isPriceAvailable": true,
    "inPromo": false,
    "gtin": [
      "05414972102856",
      "05414972702858"
    ],
    "topCategoryName": "Diepvries",
    "topCategoryId": "129",
    "businessDomain": "RETAIL_BE",
    "IsPrivateLabel": false,
    "IsBiffe": false,
    "WeightconversionFactor": "0",
    "IsWeightArticle": false,
    "nutriscoreLabel": "D",
    "IsBio": false,
    "CountryOfOrigin": "BELGIË",
    "IsExclusivelySoldInLuxembourg": false,
    "OrderUnit": "P",
    "ShortName": "IMP.TOPPING CARAMEL 290",
    "IsNew": false,
    "RecentQuanityOfStockUnits": "1",
    "LongName": "IMPERIAL topping karamel 290ml",
    "AlcoholVolume": "0",
    "FicCode": "E"
  },
  {
    "productId": "4711",
    "technicalArticleNumber": "30543",
    "commercialArticleNumber": "30543",
    "name": "roomijs mokka",
    "description": "*Mokkaroomijs",
    "brand": "IJSBOERKE",
    "seoBrand": "Ijsboerke",
    "thumbNail": "https://static.colruytgroup.com/images/200x200/std.lang.all/15/72/asset-631572.jpg",
    "fullImage": "https://static.colruytgroup.com/images/500x500/std.lang.all/15/72/asset-631572.jpg",
    "squareImage": "https://static.colruytgroup.com/images/500x500sq/std.lang.all/15/72/asset-631572.jpg",
    "content": "2,5L",
    "walkRouteSequenceNumber": 17186,
    "price": {
      "basicPrice": 11.08,
      "recommendedQuantity": "1.0",
      "quantityPrice": 10.64,
      "quantityPriceQuantity": "3.0",
      "measurementUnitPrice": 4.44,
      "measurementUnitQuantityPrice": 4.26,
      "measurementUnit": "L",
      "isRedPrice": false,
      "pricePerUOM": 4.44,
      "activationDate": "23-03-2024",
      "recordSource": "Folder",
      "isPromoActive": "N",
      "priceChangeCode": "E",
      "quantityPricePerUOM": 4.26,
      "quantityActivationDate": "23-03-2024",
      "quantityPriceChangeCode": "E"
    },
    "isAvailable": true,
    "isPriceAvailable": true,
    "inPromo": true,
    "promotion": [
      {
        "techPromoId": "100895COLR",
        "promotionId": "100895",
        "promotionType": "3",
        "isPersonalized": "N",
        "publicationStartDate": "13-03-2024",
        "publicationEndDate": "26-03-2024"
      }
    ],
    "gtin": [
      "05412121053707",
      "05412121000121",
      "05412121300122"
    ],
    "topCategoryName": "Diepvries",
    "topCategoryId": "129",
    "businessDomain": "RETAIL_BE",
    "IsPrivateLabel": false,
    "IsBiffe": false,
    "WeightconversionFactor": "0",
    "IsWeightArticle": false,
    "nutriscoreLabel": "D",
    "IsBio": false,
    "CountryOfOrigin": "BELGIË",
    "IsExclusivelySoldInLuxembourg": false,
    "OrderUnit": "P",
    "ShortName": "IJSBOERKE MOKKA 2L5",
    "IsNew": false,
    "EcoscoreLabel": "A",
    "RecentQuanityOfStockUnits": "1",
    "LongName": "IJSBOERKE roomijs mokka 2,5L",
    "AlcoholVolume": "0",
    "FicCode": "E",
    "EcoscoreValue": "88"
  },
  {
    "productId": "552240",
    "technicalArticleNumber": "4183843",
    "commercialArticleNumber": "12826",
    "name": "Oven&Airfryer garnaalkroket",
    "brand": "MORA",
    "seoBrand": "Mora",
    "thumbNail": "https://static.colruytgroup.com/images/200x200/std.lang.all/54/19/asset-3215419.jpg",
    "fullImage": "https://static.colruytgroup.com/images/500x500/std.lang.all/54/19/asset-3215419.jpg",
    "squareImage": "https://static.colruytgroup.com/images/500x500sq/std.lang.all/54/19/asset-3215419.jpg",
    "content": "4x60g",
    "walkRouteSequenceNumber": 17522,
    "price": {
      "basicPrice": 9.95,
      "recommendedQuantity": "1.0",
      "quantityPrice": 9.15,
      "quantityPriceQuantity": "3.0",
      "measurementUnitPrice": 41.46,
      "measurementUnitQuantityPrice": 38.13,
      "measurementUnit": "K",
      "isRedPrice": false,
      "pricePerUOM": 41.46,
      "activationDate": "02-03-2024",
      "recordSource": "Offline",
      "isPromoActive": "N",
      "priceChangeCode": "H",
      "quantityPricePerUOM": 38.13,
      "quantityActivationDate": "02-03-2024",
      "quantityPriceChangeCode": "H"
    },
    "isAvailable": true,
    "isPriceAvailable": true,
    "inPromo": false,
    "gtin": [
      "08710861948176"
    ],
    "topCategoryName": "Diepvries",
    "topCategoryId": "129",
    "businessDomain": "RETAIL_BE",
    "IsPrivateLabel": false,
    "IsBiffe": false,
    "WeightconversionFactor": "0",
    "IsWeightArticle": false,
    "nutriscoreLabel": "D",
    "IsBio": false,
    "CountryOfOrigin": "NEDERLAND",
    "IsExclusivelySoldInLuxembourg": false,
    "OrderUnit": "P",
    "ShortName": "MORA OV&AIRF GARNAK4X60",
    "InSeason": true,
    "IsNew": false,
    "EcoscoreLabel": "C",
    "RecentQuanityOfStockUnits": "1",
    "LongName": "MORA Oven&Airfryer garnaalkroket 4x60g",
    "StartSeasonDate": "12/02/2020",
    "FicCode": "E",
    "EcoscoreValue": "43"
  },
  {
    "productId": "186278",
    "technicalArticleNumber": "3462610",
    "commercialArticleNumber": "50337",
    "name": "topping aardbei",
    "brand": "BONI",
    "seoBrand": "Boni Selection",
    "thumbNail": "https://static.colruytgroup.com/images/200x200/std.lang.all/13/89/asset-3421389.jpg",
    "fullImage": "https://static.colruytgroup.com/images/500x500/std.lang.all/13/89/asset-3421389.jpg",
    "squareImage": "https://static.colruytgroup.com/images/500x500sq/std.lang.all/13/89/asset-3421389.jpg",
    "content": "290ml",
    "walkRouteSequenceNumber": 17146,
    "price": {
      "basicPrice": 1.94,
      "recommendedQuantity": "1.0",
      "measurementUnitPrice": 6.69,
      "measurementUnit": "L",
      "isRedPrice": false,
      "pricePerUOM": 6.69,
      "activationDate": "03-01-2024",
      "recordSource": "Offline",
      "isPromoActive": "N",
      "priceChangeCode": "H"
    },
    "isAvailable": true,
    "isPriceAvailable": true,
    "inPromo": false,
    "gtin": [
      "15400141836872",
      "05400141382198",
      "05400141288902"
    ],
    "topCategoryName": "Diepvries",
    "topCategoryId": "129",
    "businessDomain": "RETAIL_BE",
    "IsPrivateLabel": true,
    "IsBiffe": false,
    "WeightconversionFactor": "0",
    "IsWeightArticle": false,
    "nutriscoreLabel": "D",
    "IsBio": false,
    "CountryOfOrigin": "BELGIË",
    "IsExclusivelySoldInLuxembourg": false,
    "OrderUnit": "P",
    "ShortName": "BONI AARDBEIENSAUS290ML",
    "IsNew": false,
    "EcoscoreLabel": "B",
    "RecentQuanityOfStockUnits": "10,1",
    "LongName": "BONI topping aardbei 290ml",
    "AlcoholVolume": "0",
    "FicCode": "I",
    "EcoscoreValue": "77"
  },
  {
    "productId": "855813",
    "technicalArticleNumber": "4704940",
    "commercialArticleNumber": "31355",
    "name": "Airfryer kroketten",
    "description": "*Airfryer\n*Diepvries",
    "brand": "MCCAIN",
    "seoBrand": "Mccain",
    "thumbNail": "https://static.colruytgroup.com/images/200x200/std.lang.all/38/43/asset-3193843.jpg",
    "fullImage": "https://static.colruytgroup.com/images/500x500/std.lang.all/38/43/asset-3193843.jpg",
    "squareImage": "https://static.colruytgroup.com/images/500x500sq/std.lang.all/38/43/asset-3193843.jpg",
    "content": "600g",
    "walkRouteSequenceNumber": 16398,
    "price": {
      "basicPrice": 4.39,
      "recommendedQuantity": "1.0",
      "quantityPrice": 2.99,
      "quantityPriceQuantity": "2.0",
      "measurementUnitPrice": 7.32,
      "measurementUnitQuantityPrice": 4.99,
      "measurementUnit": "K",
      "isRedPrice": false,
      "pricePerUOM": 7.32,
      "activationDate": "14-03-2024",
      "recordSource": "Offline",
      "isPromoActive": "N",
      "priceChangeCode": "E",
      "quantityPricePerUOM": 4.99,
      "quantityActivationDate": "14-03-2024",
      "quantityPriceChangeCode": "L"
    },
    "isAvailable": true,
    "isPriceAvailable": true,
    "inPromo": false,
    "gtin": [
      "08710438125030",
      "08710438125023"
    ],
    "topCategoryName": "Diepvries",
    "topCategoryId": "129",
    "businessDomain": "RETAIL_BE",
    "IsPrivateLabel": false,
    "IsBiffe": false,
    "WeightconversionFactor": "0",
    "IsWeightArticle": false,
    "nutriscoreLabel": "B",
    "IsBio": false,
    "CountryOfOrigin": "EUROPA",
    "IsExclusivelySoldInLuxembourg": false,
    "OrderUnit": "P",
    "ShortName": "MCCA AIRFRY.KROK600G",
    "IsNew": false,
    "EcoscoreLabel": "C",
    "RecentQuanityOfStockUnits": "1",
    "LongName": "MCCAIN Airfryer kroketten 600g",
    "FicCode": "E",
    "EcoscoreValue": "46"
  },
  {
    "productId": "121582",
    "technicalArticleNumber": "3048799",
    "commercialArticleNumber": "22555",
    "name": "sorbet framboos",
    "description": "*Frambozensorbet",
    "brand": "BONI",
    "seoBrand": "Boni Selection",
    "thumbNail": "https://static.colruytgroup.com/images/200x200/std.lang.all/96/08/asset-2509608.jpg",
    "fullImage": "https://static.colruytgroup.com/images/500x500/std.lang.all/96/08/asset-2509608.jpg",
    "squareImage": "https://static.colruytgroup.com/images/500x500sq/std.lang.all/96/08/asset-2509608.jpg",
    "content": "1L",
    "walkRouteSequenceNumber": 17152,
    "price": {
      "basicPrice": 2.95,
      "recommendedQuantity": "1.0",
      "measurementUnitPrice": 2.95,
      "measurementUnit": "L",
      "isRedPrice": false,
      "pricePerUOM": 2.95,
      "activationDate": "29-02-2024",
      "recordSource": "Offline",
      "isPromoActive": "N",
      "priceChangeCode": "L"
    },
    "isAvailable": true,
    "isPriceAvailable": true,
    "inPromo": false,
    "gtin": [
      "05400141478969",
      "15400141241348",
      "05400141241341",
      "05400141074833",
      "15400141963110",
      "15400141478966"
    ],
    "topCategoryName": "Diepvries",
    "topCategoryId": "129",
    "businessDomain": "RETAIL_BE",
    "IsPrivateLabel": true,
    "IsBiffe": false,
    "WeightconversionFactor": "0",
    "IsWeightArticle": false,
    "nutriscoreLabel": "C",
    "IsBio": false,
    "CountryOfOrigin": "BELGIË",
    "IsExclusivelySoldInLuxembourg": false,
    "OrderUnit": "P",
    "ShortName": "BONI SORBET FRAMBOOS 1L",
    "IsNew": false,
    "EcoscoreLabel": "B",
    "RecentQuanityOfStockUnits": "1,9",
    "LongName": "BONI sorbet framboos 1L",
    "AlcoholVolume": "0",
    "FicCode": "I",
    "EcoscoreValue": "68"
  },
  {
    "productId": "488833",
    "technicalArticleNumber": "4044231",
    "commercialArticleNumber": "2356",
    "name": "Oven goudse kaasballetjes",
    "description": "*Kaasballetjes\n*Oven",
    "brand": "MORA",
    "seoBrand": "Mora",
    "thumbNail": "https://static.colruytgroup.com/images/200x200/std.lang.all/35/24/asset-2313524.jpg",
    "fullImage": "https://static.colruytgroup.com/images/500x500/std.lang.all/35/24/asset-2313524.jpg",
    "squareImage": "https://static.colruytgroup.com/images/500x500sq/std.lang.all/35/24/asset-2313524.jpg",
    "content": "14x20g",
    "walkRouteSequenceNumber": 16711,
    "price": {
      "basicPrice": 6.79,
      "recommendedQuantity": "1.0",
      "quantityPrice": 6.25,
      "quantityPriceQuantity": "3.0",
      "measurementUnitPrice": 24.25,
      "measurementUnitQuantityPrice": 22.33,
      "measurementUnit": "K",
      "isRedPrice": false,
      "pricePerUOM": 24.25,
      "activationDate": "21-03-2024",
      "recordSource": "Offline",
      "isPromoActive": "N",
      "priceChangeCode": "E",
      "quantityPricePerUOM": 22.33,
      "quantityActivationDate": "21-03-2024",
      "quantityPriceChangeCode": "H"
    },
    "isAvailable": true,
    "isPriceAvailable": true,
    "inPromo": false,
    "gtin": [
      "08710861994760"
    ],
    "topCategoryName": "Diepvries",
    "topCategoryId": "129",
    "businessDomain": "RETAIL_BE",
    "IsPrivateLabel": false,
    "IsBiffe": false,
    "WeightconversionFactor": "0",
    "IsWeightArticle": false,
    "nutriscoreLabel": "E",
    "IsBio": false,
    "CountryOfOrigin": "NEDERLAND",
    "IsExclusivelySoldInLuxembourg": false,
    "OrderUnit": "P",
    "ShortName": "MORA OV. KAASBAL.14X20G",
    "IsNew": false,
    "EcoscoreLabel": "D",
    "RecentQuanityOfStockUnits": "1",
    "LongName": "MORA Oven goudse kaasballetjes 14x20g",
    "FicCode": "E",
    "EcoscoreValue": "36"
  },
  {
    "productId": "219970",
    "technicalArticleNumber": "3506018",
    "commercialArticleNumber": "33181",
    "name": "schelvishaasjes graatloos MSC",
    "description": "*Wild, noord-\noostelijk van\nAtlantische oceaan\n*met label MSC",
    "brand": "BONI",
    "seoBrand": "Boni Selection",
    "thumbNail": "https://static.colruytgroup.com/images/200x200/std.lang.all/38/73/asset-2223873.jpg",
    "fullImage": "https://static.colruytgroup.com/images/500x500/std.lang.all/38/73/asset-2223873.jpg",
    "squareImage": "https://static.colruytgroup.com/images/500x500sq/std.lang.all/38/73/asset-2223873.jpg",
    "content": "±1kg",
    "walkRouteSequenceNumber": 16783,
    "price": {
      "basicPrice": 20.9,
      "recommendedQuantity": "1.0",
      "unit": "K",
      "quantityPrice": 20.1,
      "quantityPriceQuantity": "3.0",
      "measurementUnitPrice": 20.9,
      "measurementUnitQuantityPrice": 20.1,
      "measurementUnit": "K",
      "isRedPrice": false,
      "pricePerUOM": 20.9,
      "activationDate": "28-02-2024",
      "isPromoActive": "N",
      "priceChangeCode": "H",
      "quantityPricePerUOM": 20.1,
      "quantityActivationDate": "28-02-2024",
      "quantityPriceChangeCode": "E"
    },
    "isAvailable": true,
    "isPriceAvailable": true,
    "inPromo": false,
    "gtin": [
      "95400141031396",
      "95400141166135",
      "95400141317285",
      "05400141416435",
      "05400141317282",
      "05400141166132"
    ],
    "topCategoryName": "Diepvries",
    "topCategoryId": "129",
    "businessDomain": "RETAIL_BE",
    "IsPrivateLabel": true,
    "IsBiffe": false,
    "WeightconversionFactor": "1000",
    "IsWeightArticle": true,
    "nutriscoreLabel": "A",
    "IsBio": false,
    "CountryOfOrigin": "NOORWEGEN",
    "IsExclusivelySoldInLuxembourg": false,
    "OrderUnit": "P",
    "ShortName": "BONI SCHELV HAASJE 1K W",
    "IsNew": false,
    "EcoscoreLabel": "D",
    "RecentQuanityOfStockUnits": "1",
    "LongName": "BONI schelvishaasjes graatloos MSC ±1kg",
    "AlcoholVolume": "0",
    "FicCode": "I",
    "EcoscoreValue": "27"
  },
  {
    "productId": "857820",
    "technicalArticleNumber": "4707980",
    "commercialArticleNumber": "31591",
    "name": "Broccoli roomsaus",
    "brand": "IGLO",
    "seoBrand": "Iglo",
    "thumbNail": "https://static.colruytgroup.com/images/200x200/std.lang.all/62/79/asset-3196279.jpg",
    "fullImage": "https://static.colruytgroup.com/images/500x500/std.lang.all/62/79/asset-3196279.jpg",
    "squareImage": "https://static.colruytgroup.com/images/500x500sq/std.lang.all/62/79/asset-3196279.jpg",
    "content": "400g",
    "walkRouteSequenceNumber": 17048,
    "price": {
      "basicPrice": 4.29,
      "recommendedQuantity": "1.0",
      "quantityPrice": 4.12,
      "quantityPriceQuantity": "3.0",
      "measurementUnitPrice": 10.73,
      "measurementUnitQuantityPrice": 10.3,
      "measurementUnit": "K",
      "isRedPrice": false,
      "pricePerUOM": 10.73,
      "activationDate": "05-03-2024",
      "recordSource": "Offline",
      "isPromoActive": "N",
      "priceChangeCode": "L",
      "quantityPricePerUOM": 10.3,
      "quantityActivationDate": "05-03-2024",
      "quantityPriceChangeCode": "L"
    },
    "isAvailable": true,
    "isPriceAvailable": true,
    "inPromo": false,
    "gtin": [
      "05414807607112",
      "05414807008025"
    ],
    "topCategoryName": "Diepvries",
    "topCategoryId": "129",
    "businessDomain": "RETAIL_BE",
    "IsPrivateLabel": false,
    "IsBiffe": false,
    "WeightconversionFactor": "0",
    "IsWeightArticle": false,
    "nutriscoreLabel": "A",
    "IsBio": false,
    "CountryOfOrigin": "DUITSLAND",
    "IsExclusivelySoldInLuxembourg": false,
    "OrderUnit": "P",
    "ShortName": "IGLO BROC.ROOMSAUS 400G",
    "IsNew": false,
    "RecentQuanityOfStockUnits": "1",
    "LongName": "IGLO Broccoli roomsaus 400g",
    "FicCode": "E"
  },
  {
    "productId": "133269",
    "technicalArticleNumber": "3180514",
    "commercialArticleNumber": "38512",
    "name": "Falafels Vegetarisch",
    "description": "*Gekruide balletjes\n*Op basis van\nkikkererwten",
    "brand": "BONI",
    "seoBrand": "Boni Selection",
    "thumbNail": "https://static.colruytgroup.com/images/200x200/std.lang.all/54/86/asset-3215486.jpg",
    "fullImage": "https://static.colruytgroup.com/images/500x500/std.lang.all/54/86/asset-3215486.jpg",
    "squareImage": "https://static.colruytgroup.com/images/500x500sq/std.lang.all/54/86/asset-3215486.jpg",
    "content": "1kg",
    "walkRouteSequenceNumber": 16926,
    "price": {
      "basicPrice": 12.73,
      "recommendedQuantity": "1.0",
      "measurementUnitPrice": 12.73,
      "measurementUnit": "K",
      "isRedPrice": false,
      "pricePerUOM": 12.73,
      "activationDate": "01-03-2024",
      "recordSource": "Offline",
      "isPromoActive": "N",
      "priceChangeCode": "E"
    },
    "isAvailable": true,
    "isPriceAvailable": true,
    "inPromo": false,
    "gtin": [
      "05400141512991",
      "05400141181180",
      "05400141186185",
      "05013683306166"
    ],
    "topCategoryName": "Diepvries",
    "topCategoryId": "129",
    "businessDomain": "RETAIL_BE",
    "IsPrivateLabel": true,
    "IsBiffe": false,
    "WeightconversionFactor": "0",
    "IsWeightArticle": false,
    "nutriscoreLabel": "B",
    "IsBio": false,
    "CountryOfOrigin": "BELGIË",
    "IsExclusivelySoldInLuxembourg": false,
    "OrderUnit": "P",
    "ShortName": "BONI FALAFEL 1KG",
    "IsNew": false,
    "EcoscoreLabel": "A",
    "RecentQuanityOfStockUnits": "1",
    "LongName": "BONI Falafels Vegetarisch 1kg",
    "AlcoholVolume": "0",
    "FicCode": "I",
    "EcoscoreValue": "88"
  },
  {
    "productId": "133928",
    "technicalArticleNumber": "3172491",
    "commercialArticleNumber": "39641",
    "name": "zalmfilet atlant.graatl.",
    "description": "*Aquacultuur uit\nNoorwegen",
    "brand": "BONI BIO",
    "seoBrand": "Boni Selection Bio",
    "thumbNail": "https://static.colruytgroup.com/images/200x200/std.lang.all/56/67/asset-2155667.jpg",
    "fullImage": "https://static.colruytgroup.com/images/500x500/std.lang.all/56/67/asset-2155667.jpg",
    "squareImage": "https://static.colruytgroup.com/images/500x500sq/std.lang.all/56/67/asset-2155667.jpg",
    "content": "±1kg",
    "walkRouteSequenceNumber": 16803,
    "price": {
      "basicPrice": 30.75,
      "recommendedQuantity": "1.0",
      "unit": "K",
      "measurementUnitPrice": 30.75,
      "measurementUnit": "K",
      "isRedPrice": false,
      "pricePerUOM": 30.75,
      "activationDate": "21-03-2024",
      "recordSource": "Folder",
      "isPromoActive": "Y",
      "priceChangeCode": "L"
    },
    "isAvailable": true,
    "isPriceAvailable": true,
    "inPromo": true,
    "promotion": [
      {
        "techPromoId": "100856COLR",
        "promotionId": "100856",
        "promotionType": "4",
        "isPersonalized": "N",
        "publicationStartDate": "13-03-2024",
        "publicationEndDate": "26-03-2024"
      }
    ],
    "gtin": [
      "95400141284839",
      "05400141220179",
      "05400141357981",
      "95400141220172",
      "95400141357984",
      "05400141150445",
      "05400141164947",
      "05400141273250"
    ],
    "topCategoryName": "Diepvries",
    "topCategoryId": "129",
    "businessDomain": "RETAIL_BE",
    "IsPrivateLabel": true,
    "IsBiffe": false,
    "WeightconversionFactor": "1000",
    "IsWeightArticle": true,
    "nutriscoreLabel": "A",
    "IsBio": true,
    "CountryOfOrigin": "NOORWEGEN",
    "IsExclusivelySoldInLuxembourg": false,
    "OrderUnit": "P",
    "ShortName": "BS BIO ZALMFILET 1KG W",
    "IsNew": false,
    "EcoscoreLabel": "C",
    "RecentQuanityOfStockUnits": "1",
    "LongName": "BONI BIO zalmfilet atlant.graatl. ±1kg",
    "AlcoholVolume": "0",
    "FicCode": "I",
    "EcoscoreValue": "53"
  },
  {
    "productId": "866025",
    "technicalArticleNumber": "4718513",
    "commercialArticleNumber": "6243",
    "name": "allumettes",
    "brand": "BELVIVA",
    "seoBrand": "Belviva",
    "thumbNail": "https://static.colruytgroup.com/images/200x200/std.lang.all/46/44/asset-3274644.jpg",
    "fullImage": "https://static.colruytgroup.com/images/500x500/std.lang.all/46/44/asset-3274644.jpg",
    "squareImage": "https://static.colruytgroup.com/images/500x500sq/std.lang.all/46/44/asset-3274644.jpg",
    "content": "1,6kg",
    "walkRouteSequenceNumber": 16489,
    "price": {
      "basicPrice": 9.12,
      "recommendedQuantity": "1.0",
      "measurementUnitPrice": 5.7,
      "measurementUnit": "K",
      "isRedPrice": false,
      "pricePerUOM": 5.7,
      "activationDate": "20-02-2024",
      "recordSource": "Offline",
      "isPromoActive": "N",
      "priceChangeCode": "H"
    },
    "isAvailable": true,
    "isPriceAvailable": true,
    "inPromo": false,
    "gtin": [
      "05414807606825",
      "05414807007738"
    ],
    "topCategoryName": "Diepvries",
    "topCategoryId": "129",
    "businessDomain": "RETAIL_BE",
    "IsPrivateLabel": false,
    "IsBiffe": false,
    "WeightconversionFactor": "0",
    "IsWeightArticle": false,
    "nutriscoreLabel": "A",
    "IsBio": false,
    "CountryOfOrigin": "BELGIË",
    "IsExclusivelySoldInLuxembourg": false,
    "OrderUnit": "P",
    "ShortName": "BELV ALLUMETTES 1600G",
    "IsNew": false,
    "RecentQuanityOfStockUnits": "1",
    "LongName": "BELVIVA allumettes 1,6kg",
    "FicCode": "E"
  },
  {
    "productId": "62610",
    "technicalArticleNumber": "2793723",
    "commercialArticleNumber": "19720",
    "name": "choco crispies",
    "brand": "BONI",
    "seoBrand": "Boni Selection",
    "thumbNail": "https://static.colruytgroup.com/images/200x200/std.lang.all/78/27/asset-527827.jpg",
    "fullImage": "https://static.colruytgroup.com/images/500x500/std.lang.all/78/27/asset-527827.jpg",
    "squareImage": "https://static.colruytgroup.com/images/500x500sq/std.lang.all/78/27/asset-527827.jpg",
    "content": "250g",
    "walkRouteSequenceNumber": 9434,
    "price": {
      "basicPrice": 4.99,
      "recommendedQuantity": "1.0",
      "measurementUnitPrice": 19.96,
      "measurementUnit": "K",
      "isRedPrice": false,
      "pricePerUOM": 19.96,
      "activationDate": "28-03-2023",
      "isPromoActive": "N",
      "priceChangeCode": "H"
    },
    "isAvailable": true,
    "isPriceAvailable": true,
    "inPromo": false,
    "gtin": [
      "05400141277050",
      "05400141197204",
      "05400141057720",
      "15400141277057",
      "15400141197201"
    ],
    "topCategoryName": "Diepvries",
    "topCategoryId": "129",
    "businessDomain": "RETAIL_BE",
    "IsPrivateLabel": true,
    "IsBiffe": false,
    "WeightconversionFactor": "0",
    "IsWeightArticle": false,
    "nutriscoreLabel": "E",
    "IsBio": false,
    "CountryOfOrigin": "BELGIË",
    "IsExclusivelySoldInLuxembourg": false,
    "OrderUnit": "P",
    "ShortName": "BONI CHOCO CRISPIES 250",
    "IsNew": false,
    "EcoscoreLabel": "C",
    "RecentQuanityOfStockUnits": "1,12",
    "LongName": "BONI choco crispies 250g",
    "AlcoholVolume": "0",
    "FicCode": "I",
    "EcoscoreValue": "42"
  },
  {
    "productId": "857791",
    "technicalArticleNumber": "4707947",
    "commercialArticleNumber": "31590",
    "name": "Bloemkool in roomsaus",
    "brand": "IGLO",
    "seoBrand": "Iglo",
    "thumbNail": "https://static.colruytgroup.com/images/200x200/std.lang.all/62/78/asset-3196278.jpg",
    "fullImage": "https://static.colruytgroup.com/images/500x500/std.lang.all/62/78/asset-3196278.jpg",
    "squareImage": "https://static.colruytgroup.com/images/500x500sq/std.lang.all/62/78/asset-3196278.jpg",
    "content": "400g",
    "walkRouteSequenceNumber": 17001,
    "price": {
      "basicPrice": 4.89,
      "recommendedQuantity": "1.0",
      "quantityPrice": 4.5,
      "quantityPriceQuantity": "3.0",
      "measurementUnitPrice": 12.23,
      "measurementUnitQuantityPrice": 11.25,
      "measurementUnit": "K",
      "isRedPrice": false,
      "pricePerUOM": 12.23,
      "activationDate": "28-02-2024",
      "recordSource": "Offline",
      "isPromoActive": "N",
      "priceChangeCode": "E",
      "quantityPricePerUOM": 11.25,
      "quantityActivationDate": "28-02-2024",
      "quantityPriceChangeCode": "H"
    },
    "isAvailable": true,
    "isPriceAvailable": true,
    "inPromo": false,
    "gtin": [
      "05414807008018",
      "05414807607105"
    ],
    "topCategoryName": "Diepvries",
    "topCategoryId": "129",
    "businessDomain": "RETAIL_BE",
    "IsPrivateLabel": false,
    "IsBiffe": false,
    "WeightconversionFactor": "0",
    "IsWeightArticle": false,
    "nutriscoreLabel": "A",
    "IsBio": false,
    "CountryOfOrigin": "DUITSLAND",
    "IsExclusivelySoldInLuxembourg": false,
    "OrderUnit": "P",
    "ShortName": "IGLO BLOEMK.ROOMSA.400G",
    "IsNew": false,
    "RecentQuanityOfStockUnits": "1",
    "LongName": "IGLO Bloemkool in roomsaus 400g",
    "FicCode": "E"
  },
  {
    "productId": "192355",
    "technicalArticleNumber": "3450068",
    "commercialArticleNumber": "50213",
    "name": "topping chocolade",
    "brand": "IMPERIAL",
    "seoBrand": "Imperial",
    "thumbNail": "https://static.colruytgroup.com/images/200x200/std.lang.all/21/77/asset-1392177.jpg",
    "fullImage": "https://static.colruytgroup.com/images/500x500/std.lang.all/21/77/asset-1392177.jpg",
    "squareImage": "https://static.colruytgroup.com/images/500x500sq/std.lang.all/21/77/asset-1392177.jpg",
    "content": "290ml",
    "walkRouteSequenceNumber": 17145,
    "price": {
      "basicPrice": 3.95,
      "recommendedQuantity": "1.0",
      "quantityPrice": 3.17,
      "quantityPriceQuantity": "3.0",
      "measurementUnitPrice": 13.63,
      "measurementUnitQuantityPrice": 10.94,
      "measurementUnit": "L",
      "isRedPrice": false,
      "pricePerUOM": 13.63,
      "activationDate": "20-03-2024",
      "recordSource": "Offline",
      "isPromoActive": "N",
      "priceChangeCode": "E",
      "quantityPricePerUOM": 10.94,
      "quantityActivationDate": "20-03-2024",
      "quantityPriceChangeCode": "E"
    },
    "isAvailable": true,
    "isPriceAvailable": true,
    "inPromo": false,
    "gtin": [
      "05414972702841",
      "05414972102849"
    ],
    "topCategoryName": "Diepvries",
    "topCategoryId": "129",
    "businessDomain": "RETAIL_BE",
    "IsPrivateLabel": false,
    "IsBiffe": false,
    "WeightconversionFactor": "0",
    "IsWeightArticle": false,
    "nutriscoreLabel": "D",
    "IsBio": false,
    "CountryOfOrigin": "BELGIË",
    "IsExclusivelySoldInLuxembourg": false,
    "OrderUnit": "P",
    "ShortName": "IMP.TOPPING CHOC.290ML",
    "IsNew": false,
    "RecentQuanityOfStockUnits": "1",
    "LongName": "IMPERIAL topping chocolade 290ml",
    "AlcoholVolume": "0",
    "FicCode": "E"
  },
  {
    "productId": "208899",
    "technicalArticleNumber": "3514161",
    "commercialArticleNumber": "20955",
    "name": "roze garnalen",
    "description": "*Gepeld, gekookt,\nniet ontdarmd\n*Wildvangst\n*Penaeidae",
    "brand": "BONI",
    "seoBrand": "Boni Selection",
    "thumbNail": "https://static.colruytgroup.com/images/200x200/std.lang.all/98/72/asset-3219872.jpg",
    "fullImage": "https://static.colruytgroup.com/images/500x500/std.lang.all/98/72/asset-3219872.jpg",
    "squareImage": "https://static.colruytgroup.com/images/500x500sq/std.lang.all/98/72/asset-3219872.jpg",
    "content": "500g",
    "walkRouteSequenceNumber": 16660,
    "price": {
      "basicPrice": 8.75,
      "recommendedQuantity": "1.0",
      "quantityPrice": 8.05,
      "quantityPriceQuantity": "3.0",
      "measurementUnitPrice": 17.5,
      "measurementUnitQuantityPrice": 16.1,
      "measurementUnit": "K",
      "isRedPrice": false,
      "pricePerUOM": 17.5,
      "activationDate": "13-03-2024",
      "isPromoActive": "N",
      "priceChangeCode": "H",
      "quantityPricePerUOM": 16.1,
      "quantityActivationDate": "13-03-2024",
      "quantityPriceChangeCode": "L"
    },
    "isAvailable": true,
    "isPriceAvailable": true,
    "inPromo": false,
    "gtin": [
      "05400141320244",
      "05400141423792",
      "15400141797753",
      "15400141320241",
      "15400141656036",
      "05400141375367",
      "05400141700251",
      "05400141656039"
    ],
    "topCategoryName": "Diepvries",
    "topCategoryId": "129",
    "businessDomain": "RETAIL_BE",
    "IsPrivateLabel": true,
    "IsBiffe": false,
    "WeightconversionFactor": "0",
    "IsWeightArticle": false,
    "nutriscoreLabel": "A",
    "IsBio": false,
    "CountryOfOrigin": "INDIA",
    "IsExclusivelySoldInLuxembourg": false,
    "OrderUnit": "P",
    "ShortName": "BONI ROZE GARNALEN 500G",
    "IsNew": false,
    "EcoscoreLabel": "D",
    "RecentQuanityOfStockUnits": "1",
    "LongName": "BONI roze garnalen 500g",
    "AlcoholVolume": "0",
    "FicCode": "I",
    "EcoscoreValue": "22"
  },
  {
    "productId": "690464",
    "technicalArticleNumber": "4416964",
    "commercialArticleNumber": "18546",
    "name": "kipfrikandellen",
    "description": "*Voorgegaard\nkipproduct\n*Diepvries",
    "brand": "WAHID",
    "seoBrand": "Wahid",
    "thumbNail": "https://static.colruytgroup.com/images/200x200/std.lang.all/54/21/asset-2435421.jpg",
    "fullImage": "https://static.colruytgroup.com/images/500x500/std.lang.all/54/21/asset-2435421.jpg",
    "squareImage": "https://static.colruytgroup.com/images/500x500sq/std.lang.all/54/21/asset-2435421.jpg",
    "content": "10x70g",
    "walkRouteSequenceNumber": 17537,
    "price": {
      "basicPrice": 2.89,
      "recommendedQuantity": "1.0",
      "quantityPrice": 2.77,
      "quantityPriceQuantity": "3.0",
      "measurementUnitPrice": 4.13,
      "measurementUnitQuantityPrice": 3.96,
      "measurementUnit": "K",
      "isRedPrice": false,
      "pricePerUOM": 4.13,
      "activationDate": "10-08-2023",
      "isPromoActive": "N",
      "priceChangeCode": "H",
      "quantityPricePerUOM": 3.96,
      "quantityActivationDate": "10-08-2023",
      "quantityPriceChangeCode": "H"
    },
    "isAvailable": true,
    "isPriceAvailable": true,
    "inPromo": false,
    "gtin": [
      "08716221095221",
      "08718337095225"
    ],
    "topCategoryName": "Diepvries",
    "topCategoryId": "129",
    "businessDomain": "RETAIL_BE",
    "IsPrivateLabel": false,
    "IsBiffe": false,
    "WeightconversionFactor": "0",
    "IsWeightArticle": false,
    "IsBio": false,
    "CountryOfOrigin": "NEDERLAND",
    "IsExclusivelySoldInLuxembourg": false,
    "OrderUnit": "P",
    "ShortName": "WAHID KIPFRIKANDEL10X70",
    "IsNew": false,
    "RecentQuanityOfStockUnits": "1,8",
    "LongName": "WAHID kipfrikandellen 10x70g",
    "FicCode": "E"
  },
  {
    "productId": "55319",
    "technicalArticleNumber": "2405424",
    "commercialArticleNumber": "7604",
    "name": "roomijs banana split",
    "description": "*Banaan- en\nvanilleroomijs met\nchocoladesaus en\namandelen",
    "brand": "BONI",
    "seoBrand": "Boni Selection",
    "thumbNail": "https://static.colruytgroup.com/images/200x200/std.lang.all/61/84/asset-2766184.jpg",
    "fullImage": "https://static.colruytgroup.com/images/500x500/std.lang.all/61/84/asset-2766184.jpg",
    "squareImage": "https://static.colruytgroup.com/images/500x500sq/std.lang.all/61/84/asset-2766184.jpg",
    "content": "900ml",
    "walkRouteSequenceNumber": 17160,
    "price": {
      "basicPrice": 2.45,
      "recommendedQuantity": "1.0",
      "measurementUnitPrice": 2.73,
      "measurementUnit": "L",
      "isRedPrice": false,
      "pricePerUOM": 2.73,
      "activationDate": "20-10-2023",
      "recordSource": "Offline",
      "isPromoActive": "N",
      "priceChangeCode": "H"
    },
    "isAvailable": true,
    "isPriceAvailable": true,
    "inPromo": false,
    "gtin": [
      "15400141903901",
      "05400141235180",
      "15400141213673",
      "15400141235187",
      "05400141415322",
      "05400141076998",
      "05400141213676",
      "05400141903904",
      "05400141401028"
    ],
    "topCategoryName": "Diepvries",
    "topCategoryId": "129",
    "businessDomain": "RETAIL_BE",
    "IsPrivateLabel": true,
    "IsBiffe": false,
    "WeightconversionFactor": "0",
    "IsWeightArticle": false,
    "nutriscoreLabel": "D",
    "IsBio": false,
    "CountryOfOrigin": "BELGIË",
    "IsExclusivelySoldInLuxembourg": false,
    "OrderUnit": "P",
    "ShortName": "BONI BANANA SPLIT 900ML",
    "IsNew": false,
    "EcoscoreLabel": "A",
    "RecentQuanityOfStockUnits": "1,6",
    "LongName": "BONI roomijs banana split 900ml",
    "AlcoholVolume": "0",
    "FicCode": "I",
    "EcoscoreValue": "100"
  },
  {
    "productId": "555746",
    "technicalArticleNumber": "4189941",
    "commercialArticleNumber": "14509",
    "name": "prei",
    "description": "*Diepgevroren",
    "brand": "BONI BIO",
    "seoBrand": "Boni Selection Bio",
    "thumbNail": "https://static.colruytgroup.com/images/200x200/std.lang.all/28/12/asset-2082812.jpg",
    "fullImage": "https://static.colruytgroup.com/images/500x500/std.lang.all/28/12/asset-2082812.jpg",
    "squareImage": "https://static.colruytgroup.com/images/500x500sq/std.lang.all/28/12/asset-2082812.jpg",
    "content": "600g",
    "walkRouteSequenceNumber": 17082,
    "price": {
      "basicPrice": 2.38,
      "recommendedQuantity": "1.0",
      "quantityPrice": 2.19,
      "quantityPriceQuantity": "3.0",
      "measurementUnitPrice": 3.97,
      "measurementUnitQuantityPrice": 3.65,
      "measurementUnit": "K",
      "isRedPrice": false,
      "pricePerUOM": 3.97,
      "activationDate": "22-03-2024",
      "recordSource": "Offline",
      "isPromoActive": "N",
      "priceChangeCode": "H",
      "quantityPricePerUOM": 3.65,
      "quantityActivationDate": "22-03-2024",
      "quantityPriceChangeCode": "E"
    },
    "isAvailable": true,
    "isPriceAvailable": true,
    "inPromo": false,
    "gtin": [
      "15400141337539",
      "05400141337532"
    ],
    "topCategoryName": "Diepvries",
    "topCategoryId": "129",
    "businessDomain": "RETAIL_BE",
    "IsPrivateLabel": true,
    "IsBiffe": false,
    "WeightconversionFactor": "0",
    "IsWeightArticle": false,
    "nutriscoreLabel": "A",
    "IsBio": true,
    "CountryOfOrigin": "POLEN",
    "IsExclusivelySoldInLuxembourg": false,
    "OrderUnit": "P",
    "ShortName": "BONI BIO PREI 600G",
    "IsNew": false,
    "EcoscoreLabel": "A",
    "RecentQuanityOfStockUnits": "1",
    "LongName": "BONI BIO prei 600g",
    "FicCode": "I",
    "EcoscoreValue": "100"
  },
  {
    "productId": "415879",
    "technicalArticleNumber": "3929233",
    "commercialArticleNumber": "40238",
    "name": "scampi party mix 24st ASC",
    "description": "*Oorsprong: Vietnam\n*Voorgebakken\n*Voor in de oven\n*Met label ASC",
    "brand": "BONI",
    "seoBrand": "Boni Selection",
    "thumbNail": "https://static.colruytgroup.com/images/200x200/std.lang.all/07/67/asset-3330767.jpg",
    "fullImage": "https://static.colruytgroup.com/images/500x500/std.lang.all/07/67/asset-3330767.jpg",
    "squareImage": "https://static.colruytgroup.com/images/500x500sq/std.lang.all/07/67/asset-3330767.jpg",
    "content": "320g",
    "walkRouteSequenceNumber": 16741,
    "price": {
      "basicPrice": 8.59,
      "recommendedQuantity": "1.0",
      "quantityPrice": 8.25,
      "quantityPriceQuantity": "3.0",
      "measurementUnitPrice": 26.85,
      "measurementUnitQuantityPrice": 25.79,
      "measurementUnit": "K",
      "isRedPrice": false,
      "pricePerUOM": 26.85,
      "activationDate": "04-01-2024",
      "isPromoActive": "N",
      "priceChangeCode": "H",
      "quantityPricePerUOM": 25.79,
      "quantityActivationDate": "04-01-2024",
      "quantityPriceChangeCode": "H"
    },
    "isAvailable": true,
    "isPriceAvailable": true,
    "inPromo": false,
    "gtin": [
      "05400141670127",
      "15400141670124",
      "05400141234589",
      "15400141234586",
      "05400141238730",
      "05400141413038"
    ],
    "topCategoryName": "Diepvries",
    "topCategoryId": "129",
    "businessDomain": "RETAIL_BE",
    "IsPrivateLabel": true,
    "IsBiffe": false,
    "WeightconversionFactor": "0",
    "IsWeightArticle": false,
    "nutriscoreLabel": "C",
    "IsBio": false,
    "CountryOfOrigin": "VIETNAM",
    "IsExclusivelySoldInLuxembourg": false,
    "OrderUnit": "P",
    "ShortName": "BONI SCAMPI MIX 24S320G",
    "IsNew": false,
    "EcoscoreLabel": "D",
    "RecentQuanityOfStockUnits": "1,1",
    "LongName": "BONI scampi party mix 24st ASC 320g",
    "AlcoholVolume": "0",
    "FicCode": "I",
    "EcoscoreValue": "30"
  },
  {
    "productId": "571111",
    "technicalArticleNumber": "4216288",
    "commercialArticleNumber": "6627",
    "name": "Cookie Dough Swich Up",
    "description": "*Roomijs\n*Chocolade stukjes\n*Fairtrade\n*Perfect om te delen\n*Dessert",
    "brand": "B&J",
    "seoBrand": "Ben & Jerry's",
    "thumbNail": "https://static.colruytgroup.com/images/200x200/std.lang.all/93/29/asset-2809329.jpg",
    "fullImage": "https://static.colruytgroup.com/images/500x500/std.lang.all/93/29/asset-2809329.jpg",
    "squareImage": "https://static.colruytgroup.com/images/500x500sq/std.lang.all/93/29/asset-2809329.jpg",
    "content": "465ml",
    "walkRouteSequenceNumber": 17465,
    "price": {
      "basicPrice": 6.49,
      "recommendedQuantity": "1.0",
      "quantityPrice": 6.23,
      "quantityPriceQuantity": "3.0",
      "measurementUnitPrice": 13.96,
      "measurementUnitQuantityPrice": 13.4,
      "measurementUnit": "L",
      "isRedPrice": false,
      "pricePerUOM": 13.96,
      "activationDate": "04-03-2024",
      "recordSource": "Offline",
      "isPromoActive": "N",
      "priceChangeCode": "E",
      "quantityPricePerUOM": 13.4,
      "quantityActivationDate": "04-03-2024",
      "quantityPriceChangeCode": "H"
    },
    "isAvailable": true,
    "isPriceAvailable": true,
    "inPromo": false,
    "gtin": [
      "08711327371699",
      "08711327371682"
    ],
    "topCategoryName": "Diepvries",
    "topCategoryId": "129",
    "businessDomain": "RETAIL_BE",
    "IsPrivateLabel": false,
    "IsBiffe": false,
    "WeightconversionFactor": "0",
    "IsWeightArticle": false,
    "nutriscoreLabel": "E",
    "IsBio": false,
    "CountryOfOrigin": "NEDERLAND",
    "IsExclusivelySoldInLuxembourg": false,
    "OrderUnit": "P",
    "ShortName": "BJ COOK.D.SWICH UP465ML",
    "IsNew": false,
    "EcoscoreLabel": "B",
    "RecentQuanityOfStockUnits": "1",
    "LongName": "B&J Cookie Dough Swich Up 465ml",
    "FicCode": "E",
    "EcoscoreValue": "77"
  },
  {
    "productId": "112103",
    "technicalArticleNumber": "3052320",
    "commercialArticleNumber": "25794",
    "name": "aardappelsparretjes",
    "description": "*60-80 stuks\n*Voorgebakken in\nzonnebloemolie\n*Frituurpan:3-4 min.\noven: 15'-20'-220°",
    "brand": "BONI",
    "seoBrand": "Boni Selection",
    "thumbNail": "https://static.colruytgroup.com/images/200x200/std.lang.all/99/28/asset-3339928.jpg",
    "fullImage": "https://static.colruytgroup.com/images/500x500/std.lang.all/99/28/asset-3339928.jpg",
    "squareImage": "https://static.colruytgroup.com/images/500x500sq/std.lang.all/99/28/asset-3339928.jpg",
    "content": "1kg",
    "walkRouteSequenceNumber": 16416,
    "price": {
      "basicPrice": 4.15,
      "recommendedQuantity": "1.0",
      "measurementUnitPrice": 4.15,
      "measurementUnit": "K",
      "isRedPrice": false,
      "pricePerUOM": 4.15,
      "activationDate": "17-02-2024",
      "recordSource": "Offline",
      "isPromoActive": "N",
      "priceChangeCode": "E"
    },
    "isAvailable": true,
    "isPriceAvailable": true,
    "inPromo": false,
    "gtin": [
      "05400141237672",
      "15400141208280",
      "05400141208283",
      "05400141156911",
      "05400141075069"
    ],
    "topCategoryName": "Diepvries",
    "topCategoryId": "129",
    "businessDomain": "RETAIL_BE",
    "IsPrivateLabel": true,
    "IsBiffe": false,
    "WeightconversionFactor": "0",
    "IsWeightArticle": false,
    "nutriscoreLabel": "C",
    "IsBio": false,
    "CountryOfOrigin": "BELGIË",
    "IsExclusivelySoldInLuxembourg": false,
    "OrderUnit": "P",
    "ShortName": "BONI AARD SPARRETJE 1KG",
    "IsNew": false,
    "EcoscoreLabel": "B",
    "RecentQuanityOfStockUnits": "1,10",
    "LongName": "BONI aardappelsparretjes 1kg",
    "AlcoholVolume": "0",
    "FicCode": "I",
    "EcoscoreValue": "79"
  },
  {
    "productId": "239639",
    "technicalArticleNumber": "3540079",
    "commercialArticleNumber": "30212",
    "name": "fishstick fish&chips wijze 26s",
    "brand": "IGLO",
    "seoBrand": "Iglo",
    "thumbNail": "https://static.colruytgroup.com/images/200x200/std.lang.all/82/08/asset-3248208.jpg",
    "fullImage": "https://static.colruytgroup.com/images/500x500/std.lang.all/82/08/asset-3248208.jpg",
    "squareImage": "https://static.colruytgroup.com/images/500x500sq/std.lang.all/82/08/asset-3248208.jpg",
    "content": "728g",
    "walkRouteSequenceNumber": 16919,
    "price": {
      "basicPrice": 5.64,
      "recommendedQuantity": "1.0",
      "measurementUnitPrice": 7.75,
      "measurementUnit": "K",
      "isRedPrice": false,
      "pricePerUOM": 7.75,
      "activationDate": "19-03-2024",
      "recordSource": "Folder",
      "isPromoActive": "N",
      "priceChangeCode": "L"
    },
    "isAvailable": true,
    "isPriceAvailable": true,
    "inPromo": false,
    "gtin": [
      "05414807004799",
      "05414807603886"
    ],
    "topCategoryName": "Diepvries",
    "topCategoryId": "129",
    "businessDomain": "RETAIL_BE",
    "IsPrivateLabel": false,
    "IsBiffe": false,
    "WeightconversionFactor": "0",
    "IsWeightArticle": false,
    "nutriscoreLabel": "B",
    "IsBio": false,
    "CountryOfOrigin": "DUITSLAND",
    "IsExclusivelySoldInLuxembourg": false,
    "OrderUnit": "P",
    "ShortName": "IGLO FISHST.FI&CH 728G",
    "IsNew": false,
    "RecentQuanityOfStockUnits": "1",
    "LongName": "IGLO fishstick fish&chips wijze 26s 728g",
    "AlcoholVolume": "0",
    "FicCode": "E"
  },
  {
    "productId": "61608",
    "technicalArticleNumber": "2735301",
    "commercialArticleNumber": "18991",
    "name": "basilicum fijngesneden",
    "description": "*Fijngesneden\nbasilicum",
    "brand": "BONI",
    "seoBrand": "Boni Selection",
    "thumbNail": "https://static.colruytgroup.com/images/200x200/std.lang.all/82/07/asset-3248207.jpg",
    "fullImage": "https://static.colruytgroup.com/images/500x500/std.lang.all/82/07/asset-3248207.jpg",
    "squareImage": "https://static.colruytgroup.com/images/500x500sq/std.lang.all/82/07/asset-3248207.jpg",
    "content": "250g",
    "walkRouteSequenceNumber": 17103,
    "price": {
      "basicPrice": 2.29,
      "recommendedQuantity": "1.0",
      "quantityPrice": 2.11,
      "quantityPriceQuantity": "3.0",
      "measurementUnitPrice": 9.16,
      "measurementUnitQuantityPrice": 8.44,
      "measurementUnit": "K",
      "isRedPrice": false,
      "pricePerUOM": 9.16,
      "activationDate": "17-11-2023",
      "isPromoActive": "N",
      "priceChangeCode": "E",
      "quantityPricePerUOM": 8.44,
      "quantityActivationDate": "17-11-2023",
      "quantityPriceChangeCode": "E"
    },
    "isAvailable": true,
    "isPriceAvailable": true,
    "inPromo": false,
    "gtin": [
      "05400141282924",
      "05400141146530",
      "15400141931225",
      "15400141926726",
      "15400141282921",
      "05400141357776"
    ],
    "topCategoryName": "Diepvries",
    "topCategoryId": "129",
    "businessDomain": "RETAIL_BE",
    "IsPrivateLabel": true,
    "IsBiffe": false,
    "WeightconversionFactor": "0",
    "IsWeightArticle": false,
    "nutriscoreLabel": "A",
    "IsBio": false,
    "CountryOfOrigin": "FRANKRIJK",
    "IsExclusivelySoldInLuxembourg": false,
    "OrderUnit": "P",
    "ShortName": "BONI BASILICUM 250GR",
    "IsNew": false,
    "EcoscoreLabel": "A",
    "RecentQuanityOfStockUnits": "1",
    "LongName": "BONI basilicum fijngesneden 250g",
    "AlcoholVolume": "0",
    "FicCode": "I",
    "EcoscoreValue": "100"
  },
  {
    "productId": "328180",
    "technicalArticleNumber": "3803606",
    "commercialArticleNumber": "20652",
    "name": "gepaneerde Alaska Pollak 4st",
    "description": "*Gepaneerde en voor-\ngebakken Alaska\nkoolvis\n*4 porties",
    "brand": "IGLO",
    "seoBrand": "Iglo",
    "thumbNail": "https://static.colruytgroup.com/images/200x200/std.lang.all/72/46/asset-1397246.jpg",
    "fullImage": "https://static.colruytgroup.com/images/500x500/std.lang.all/72/46/asset-1397246.jpg",
    "squareImage": "https://static.colruytgroup.com/images/500x500sq/std.lang.all/72/46/asset-1397246.jpg",
    "content": "400g",
    "walkRouteSequenceNumber": 16850,
    "price": {
      "basicPrice": 5.99,
      "recommendedQuantity": "1.0",
      "quantityPrice": 5.75,
      "quantityPriceQuantity": "3.0",
      "measurementUnitPrice": 14.98,
      "measurementUnitQuantityPrice": 14.38,
      "measurementUnit": "K",
      "isRedPrice": false,
      "pricePerUOM": 14.98,
      "activationDate": "08-02-2024",
      "recordSource": "Offline",
      "isPromoActive": "N",
      "priceChangeCode": "E",
      "quantityPricePerUOM": 14.38,
      "quantityActivationDate": "08-02-2024",
      "quantityPriceChangeCode": "H"
    },
    "isAvailable": true,
    "isPriceAvailable": true,
    "inPromo": false,
    "gtin": [
      "05414807005758",
      "05414807604845"
    ],
    "topCategoryName": "Diepvries",
    "topCategoryId": "129",
    "businessDomain": "RETAIL_BE",
    "IsPrivateLabel": false,
    "IsBiffe": false,
    "WeightconversionFactor": "0",
    "IsWeightArticle": false,
    "nutriscoreLabel": "B",
    "IsBio": false,
    "CountryOfOrigin": "VERENIGD KONINKRIJK",
    "IsExclusivelySoldInLuxembourg": false,
    "OrderUnit": "P",
    "ShortName": "IGLO 4 ALAS.POL.PAN.400",
    "IsNew": false,
    "RecentQuanityOfStockUnits": "1",
    "LongName": "IGLO gepaneerde Alaska Pollak 4st 400g",
    "AlcoholVolume": "0",
    "FicCode": "E"
  },
  {
    "productId": "239639",
    "technicalArticleNumber": "3540079",
    "commercialArticleNumber": "30212",
    "name": "fishstick fish&chips wijze 26s",
    "brand": "IGLO",
    "seoBrand": "Iglo",
    "thumbNail": "https://static.colruytgroup.com/images/200x200/std.lang.all/82/08/asset-3248208.jpg",
    "fullImage": "https://static.colruytgroup.com/images/500x500/std.lang.all/82/08/asset-3248208.jpg",
    "squareImage": "https://static.colruytgroup.com/images/500x500sq/std.lang.all/82/08/asset-3248208.jpg",
    "content": "728g",
    "walkRouteSequenceNumber": 16919,
    "price": {
      "basicPrice": 5.64,
      "recommendedQuantity": "1.0",
      "measurementUnitPrice": 7.75,
      "measurementUnit": "K",
      "isRedPrice": false,
      "pricePerUOM": 7.75,
      "activationDate": "19-03-2024",
      "recordSource": "Folder",
      "isPromoActive": "N",
      "priceChangeCode": "L"
    },
    "isAvailable": true,
    "isPriceAvailable": true,
    "inPromo": false,
    "gtin": [
      "05414807004799",
      "05414807603886"
    ],
    "topCategoryName": "Diepvries",
    "topCategoryId": "129",
    "businessDomain": "RETAIL_BE",
    "IsPrivateLabel": false,
    "IsBiffe": false,
    "WeightconversionFactor": "0",
    "IsWeightArticle": false,
    "nutriscoreLabel": "B",
    "IsBio": false,
    "CountryOfOrigin": "DUITSLAND",
    "IsExclusivelySoldInLuxembourg": false,
    "OrderUnit": "P",
    "ShortName": "IGLO FISHST.FI&CH 728G",
    "IsNew": false,
    "RecentQuanityOfStockUnits": "1",
    "LongName": "IGLO fishstick fish&chips wijze 26s 728g",
    "AlcoholVolume": "0",
    "FicCode": "E"
  },
  {
    "productId": "46358",
    "technicalArticleNumber": "2536143",
    "commercialArticleNumber": "6659",
    "name": "garnaalkroketten 8st",
    "description": "*Met 40% grijze\ngarnalen\n*In de frituurpan",
    "brand": "BONI",
    "seoBrand": "Boni Selection",
    "thumbNail": "https://static.colruytgroup.com/images/200x200/std.lang.all/33/88/asset-1683388.jpg",
    "fullImage": "https://static.colruytgroup.com/images/500x500/std.lang.all/33/88/asset-1683388.jpg",
    "squareImage": "https://static.colruytgroup.com/images/500x500sq/std.lang.all/33/88/asset-1683388.jpg",
    "content": "500g",
    "walkRouteSequenceNumber": 17520,
    "price": {
      "basicPrice": 13.98,
      "recommendedQuantity": "1.0",
      "measurementUnitPrice": 27.96,
      "measurementUnit": "K",
      "isRedPrice": false,
      "pricePerUOM": 27.96,
      "activationDate": "21-03-2024",
      "recordSource": "Offline",
      "isPromoActive": "N",
      "priceChangeCode": "E"
    },
    "isAvailable": true,
    "isPriceAvailable": true,
    "inPromo": false,
    "gtin": [
      "05400141088090",
      "05400141238259",
      "05400141379792",
      "15400141995128",
      "05400141042696"
    ],
    "topCategoryName": "Diepvries",
    "topCategoryId": "129",
    "businessDomain": "RETAIL_BE",
    "IsPrivateLabel": true,
    "IsBiffe": false,
    "WeightconversionFactor": "0",
    "IsWeightArticle": false,
    "nutriscoreLabel": "C",
    "IsBio": false,
    "CountryOfOrigin": "BELGIË",
    "IsExclusivelySoldInLuxembourg": false,
    "OrderUnit": "P",
    "ShortName": "BONI GARNAALKROKET 8ST",
    "IsNew": false,
    "EcoscoreLabel": "B",
    "RecentQuanityOfStockUnits": "1",
    "LongName": "BONI garnaalkroketten 8st 500g",
    "AlcoholVolume": "0",
    "FicCode": "I",
    "EcoscoreValue": "74"
  },
  {
    "productId": "4508",
    "technicalArticleNumber": "30409",
    "commercialArticleNumber": "30409",
    "name": "soepkip",
    "description": "*Soepkip\n*Frankrijk\n*1,3 kg\n*120 min. koken\n*Volledig ontdooien",
    "brand": "EVERYDAY",
    "seoBrand": "Everyday",
    "thumbNail": "https://static.colruytgroup.com/images/200x200/std.lang.all/82/04/asset-3248204.jpg",
    "fullImage": "https://static.colruytgroup.com/images/500x500/std.lang.all/82/04/asset-3248204.jpg",
    "squareImage": "https://static.colruytgroup.com/images/500x500sq/std.lang.all/82/04/asset-3248204.jpg",
    "content": "±1,3kg",
    "walkRouteSequenceNumber": 16595,
    "price": {
      "basicPrice": 4.59,
      "recommendedQuantity": "1.3",
      "unit": "K",
      "measurementUnitPrice": 4.59,
      "measurementUnit": "K",
      "isRedPrice": false,
      "pricePerUOM": 4.59,
      "activationDate": "14-11-2023",
      "isPromoActive": "N",
      "priceChangeCode": "E"
    },
    "isAvailable": true,
    "isPriceAvailable": true,
    "inPromo": false,
    "gtin": [
      "05400141144574",
      "05400141426250",
      "05400141351576",
      "05400141804096",
      "95400141005656",
      "95400141034465",
      "95400141304094",
      "95400141670137",
      "05400141670134",
      "15400141999935",
      "95400141001894"
    ],
    "topCategoryName": "Diepvries",
    "topCategoryId": "129",
    "businessDomain": "RETAIL_BE",
    "IsPrivateLabel": true,
    "IsBiffe": false,
    "WeightconversionFactor": "1300",
    "IsWeightArticle": true,
    "nutriscoreLabel": "A",
    "IsBio": false,
    "CountryOfOrigin": "BELGIË",
    "IsExclusivelySoldInLuxembourg": false,
    "OrderUnit": "P",
    "ShortName": "EVD SOEPKIP 1K300 W",
    "IsNew": false,
    "EcoscoreLabel": "D",
    "RecentQuanityOfStockUnits": "1",
    "LongName": "EVERYDAY soepkip ±1,3kg",
    "AlcoholVolume": "0",
    "FicCode": "I",
    "EcoscoreValue": "27"
  },
  {
    "productId": "505109",
    "technicalArticleNumber": "4058361",
    "commercialArticleNumber": "6698",
    "name": "roomijs Salted Caramel",
    "description": "*Verse ingrediënten\n*Verse ingrediënten",
    "brand": "HÄAGEN-DAZS",
    "seoBrand": "Häagen-Dazs",
    "thumbNail": "https://static.colruytgroup.com/images/200x200/std.lang.all/27/27/asset-2112727.jpg",
    "fullImage": "https://static.colruytgroup.com/images/500x500/std.lang.all/27/27/asset-2112727.jpg",
    "squareImage": "https://static.colruytgroup.com/images/500x500sq/std.lang.all/27/27/asset-2112727.jpg",
    "content": "460ml",
    "walkRouteSequenceNumber": 17443,
    "price": {
      "basicPrice": 6.99,
      "recommendedQuantity": "1.0",
      "quantityPrice": 5.73,
      "quantityPriceQuantity": "2.0",
      "measurementUnitPrice": 15.2,
      "measurementUnitQuantityPrice": 12.46,
      "measurementUnit": "L",
      "isRedPrice": false,
      "pricePerUOM": 15.2,
      "activationDate": "23-03-2024",
      "recordSource": "Offline",
      "isPromoActive": "N",
      "priceChangeCode": "E",
      "quantityPricePerUOM": 12.46,
      "quantityActivationDate": "23-03-2024",
      "quantityPriceChangeCode": "E"
    },
    "isAvailable": true,
    "isPriceAvailable": true,
    "inPromo": false,
    "gtin": [
      "03415581114713",
      "03415580031325"
    ],
    "topCategoryName": "Diepvries",
    "topCategoryId": "129",
    "businessDomain": "RETAIL_BE",
    "IsPrivateLabel": false,
    "IsBiffe": false,
    "WeightconversionFactor": "0",
    "IsWeightArticle": false,
    "nutriscoreLabel": "E",
    "IsBio": false,
    "CountryOfOrigin": "FRANKRIJK",
    "IsExclusivelySoldInLuxembourg": false,
    "OrderUnit": "P",
    "ShortName": "HAADAZS SALT CARAM460ML",
    "IsNew": false,
    "EcoscoreLabel": "B",
    "RecentQuanityOfStockUnits": "1,8",
    "LongName": "HÄAGEN-DAZS roomijs Salted Caramel 460ml",
    "FicCode": "E",
    "EcoscoreValue": "67"
  },
  {
    "productId": "90387",
    "technicalArticleNumber": "2933600",
    "commercialArticleNumber": "38606",
    "name": "balletjes in tomatensaus",
    "description": "*20% gehaktballetjes\npuree, boontjes,\ntomatensaus\n*In de microgolfoven\noven",
    "brand": "BONI",
    "seoBrand": "Boni Selection",
    "thumbNail": "https://static.colruytgroup.com/images/200x200/std.lang.all/61/09/asset-3306109.jpg",
    "fullImage": "https://static.colruytgroup.com/images/500x500/std.lang.all/61/09/asset-3306109.jpg",
    "squareImage": "https://static.colruytgroup.com/images/500x500sq/std.lang.all/61/09/asset-3306109.jpg",
    "content": "500g",
    "walkRouteSequenceNumber": 16616,
    "price": {
      "basicPrice": 3.49,
      "recommendedQuantity": "1.0",
      "quantityPrice": 2.81,
      "quantityPriceQuantity": "2.0",
      "measurementUnitPrice": 6.98,
      "measurementUnitQuantityPrice": 5.62,
      "measurementUnit": "K",
      "isRedPrice": false,
      "pricePerUOM": 6.98,
      "activationDate": "20-03-2024",
      "recordSource": "Offline",
      "isPromoActive": "N",
      "priceChangeCode": "E",
      "quantityPricePerUOM": 5.62,
      "quantityActivationDate": "20-03-2024",
      "quantityPriceChangeCode": "H"
    },
    "isAvailable": true,
    "isPriceAvailable": true,
    "inPromo": false,
    "gtin": [
      "05400141850963",
      "05400141041149",
      "05400141119688",
      "05400141224634",
      "05400141238587",
      "15400141238584",
      "35400141238588",
      "05400141026627",
      "05400141386066",
      "15400141850960",
      "05400141143669",
      "05400141590029"
    ],
    "topCategoryName": "Diepvries",
    "topCategoryId": "129",
    "businessDomain": "RETAIL_BE",
    "IsPrivateLabel": true,
    "IsBiffe": false,
    "WeightconversionFactor": "0",
    "IsWeightArticle": false,
    "nutriscoreLabel": "C",
    "IsBio": false,
    "CountryOfOrigin": "BELGIË",
    "IsExclusivelySoldInLuxembourg": false,
    "OrderUnit": "P",
    "ShortName": "BONI BAL TOMAT.SAUS500G",
    "IsNew": false,
    "EcoscoreLabel": "D",
    "RecentQuanityOfStockUnits": "1",
    "LongName": "BONI balletjes in tomatensaus 500g",
    "AlcoholVolume": "0",
    "FicCode": "I",
    "EcoscoreValue": "33"
  },
  {
    "productId": "95292",
    "technicalArticleNumber": "2804004",
    "commercialArticleNumber": "15783",
    "name": "ijshoorntjes",
    "description": "Opgerolde wafel in vorm van hoorn,\nhomogene bruine kleur, krokante\ntextuur, ruitjes extern",
    "brand": "BONI",
    "seoBrand": "Boni Selection",
    "thumbNail": "https://static.colruytgroup.com/images/200x200/std.lang.all/64/86/asset-3446486.jpg",
    "fullImage": "https://static.colruytgroup.com/images/500x500/std.lang.all/64/86/asset-3446486.jpg",
    "squareImage": "https://static.colruytgroup.com/images/500x500sq/std.lang.all/64/86/asset-3446486.jpg",
    "content": "270g",
    "walkRouteSequenceNumber": 17136,
    "price": {
      "basicPrice": 2.54,
      "recommendedQuantity": "1.0",
      "measurementUnitPrice": 9.41,
      "measurementUnit": "K",
      "isRedPrice": false,
      "pricePerUOM": 9.41,
      "activationDate": "06-12-2023",
      "recordSource": "Offline",
      "isPromoActive": "N",
      "priceChangeCode": "E"
    },
    "isAvailable": true,
    "isPriceAvailable": true,
    "inPromo": false,
    "gtin": [
      "05400141723816",
      "05400141364804",
      "05400141024425",
      "15400141976189",
      "15400141364801",
      "05400141403145",
      "05400141276718"
    ],
    "topCategoryName": "Diepvries",
    "topCategoryId": "129",
    "businessDomain": "RETAIL_BE",
    "IsPrivateLabel": true,
    "IsBiffe": false,
    "WeightconversionFactor": "0",
    "IsWeightArticle": false,
    "nutriscoreLabel": "D",
    "IsBio": false,
    "CountryOfOrigin": "BELGIË",
    "IsExclusivelySoldInLuxembourg": false,
    "OrderUnit": "P",
    "ShortName": "BONI IJSHOORNTJES 16ST",
    "IsNew": false,
    "EcoscoreLabel": "A",
    "RecentQuanityOfStockUnits": "1,10",
    "LongName": "BONI ijshoorntjes 270g",
    "AlcoholVolume": "0",
    "FicCode": "I",
    "EcoscoreValue": "84"
  },
  {
    "productId": "525769",
    "technicalArticleNumber": "4113839",
    "commercialArticleNumber": "8918",
    "name": "roomijs vanille",
    "brand": "BONI BIO",
    "seoBrand": "Boni Selection Bio",
    "thumbNail": "https://static.colruytgroup.com/images/200x200/std.lang.all/03/80/asset-2400380.jpg",
    "fullImage": "https://static.colruytgroup.com/images/500x500/std.lang.all/03/80/asset-2400380.jpg",
    "squareImage": "https://static.colruytgroup.com/images/500x500sq/std.lang.all/03/80/asset-2400380.jpg",
    "content": "1L",
    "walkRouteSequenceNumber": 17237,
    "price": {
      "basicPrice": 3.76,
      "recommendedQuantity": "1.0",
      "quantityPrice": 3.61,
      "quantityPriceQuantity": "3.0",
      "measurementUnitPrice": 3.76,
      "measurementUnitQuantityPrice": 3.61,
      "measurementUnit": "L",
      "isRedPrice": false,
      "pricePerUOM": 3.76,
      "activationDate": "31-01-2024",
      "recordSource": "Offline",
      "isPromoActive": "N",
      "priceChangeCode": "H",
      "quantityPricePerUOM": 3.61,
      "quantityActivationDate": "31-01-2024",
      "quantityPriceChangeCode": "E"
    },
    "isAvailable": true,
    "isPriceAvailable": true,
    "inPromo": false,
    "gtin": [
      "05400141293661",
      "05400141385625",
      "15400141293668",
      "05400141887945",
      "15400141385622"
    ],
    "topCategoryName": "Diepvries",
    "topCategoryId": "129",
    "businessDomain": "RETAIL_BE",
    "IsPrivateLabel": true,
    "IsBiffe": false,
    "WeightconversionFactor": "0",
    "IsWeightArticle": false,
    "nutriscoreLabel": "D",
    "IsBio": true,
    "CountryOfOrigin": "BELGIË",
    "IsExclusivelySoldInLuxembourg": false,
    "OrderUnit": "P",
    "ShortName": "BS BIO ROOMIJS VAN.1L",
    "IsNew": false,
    "EcoscoreLabel": "A",
    "RecentQuanityOfStockUnits": "1",
    "LongName": "BONI BIO roomijs vanille 1L",
    "FicCode": "I",
    "EcoscoreValue": "94"
  },
  {
    "productId": "920489",
    "technicalArticleNumber": "4762955",
    "commercialArticleNumber": "21016",
    "name": "Appelstrudel",
    "brand": "GRAZIADEI",
    "thumbNail": "https://static.colruytgroup.com/images/200x200/std.lang.all/43/00/asset-3334300.jpg",
    "fullImage": "https://static.colruytgroup.com/images/500x500/std.lang.all/43/00/asset-3334300.jpg",
    "squareImage": "https://static.colruytgroup.com/images/500x500sq/std.lang.all/43/00/asset-3334300.jpg",
    "content": "600g",
    "walkRouteSequenceNumber": 17512,
    "price": {
      "basicPrice": 2.66,
      "recommendedQuantity": "1.0",
      "measurementUnitPrice": 4.44,
      "measurementUnit": "K",
      "isRedPrice": false,
      "pricePerUOM": 4.44,
      "activationDate": "30-09-2023",
      "isPromoActive": "N",
      "priceChangeCode": "E"
    },
    "isAvailable": true,
    "isPriceAvailable": true,
    "inPromo": false,
    "gtin": [
      "08009594000061"
    ],
    "topCategoryName": "Diepvries",
    "topCategoryId": "129",
    "businessDomain": "RETAIL_BE",
    "IsPrivateLabel": false,
    "IsBiffe": false,
    "WeightconversionFactor": "0",
    "IsWeightArticle": false,
    "nutriscoreLabel": "D",
    "IsBio": false,
    "CountryOfOrigin": "ITALIË",
    "IsExclusivelySoldInLuxembourg": false,
    "OrderUnit": "P",
    "ShortName": "GRAZ APPELSTRUDEL 600G",
    "IsNew": false,
    "EcoscoreLabel": "B",
    "RecentQuanityOfStockUnits": "1,12",
    "LongName": "GRAZIADEI Appelstrudel 600g",
    "FicCode": "E",
    "EcoscoreValue": "70"
  },
  {
    "productId": "507010",
    "technicalArticleNumber": "4079220",
    "commercialArticleNumber": "7503",
    "name": "Sydney",
    "description": "*Met kippenvlees,\ntomaten, mozzarella",
    "brand": "WAGNER BIG CITY",
    "seoBrand": "Original Wagner Big City",
    "thumbNail": "https://static.colruytgroup.com/images/200x200/std.lang.all/99/31/asset-3229931.jpg",
    "fullImage": "https://static.colruytgroup.com/images/500x500/std.lang.all/99/31/asset-3229931.jpg",
    "squareImage": "https://static.colruytgroup.com/images/500x500sq/std.lang.all/99/31/asset-3229931.jpg",
    "content": "425g",
    "walkRouteSequenceNumber": 17972,
    "price": {
      "basicPrice": 4.69,
      "recommendedQuantity": "1.0",
      "quantityPrice": 4.31,
      "quantityPriceQuantity": "3.0",
      "measurementUnitPrice": 11.04,
      "measurementUnitQuantityPrice": 10.15,
      "measurementUnit": "K",
      "isRedPrice": false,
      "pricePerUOM": 11.04,
      "activationDate": "05-03-2024",
      "recordSource": "Offline",
      "isPromoActive": "N",
      "priceChangeCode": "E",
      "quantityPricePerUOM": 10.15,
      "quantityActivationDate": "05-03-2024",
      "quantityPriceChangeCode": "H"
    },
    "isAvailable": true,
    "isPriceAvailable": true,
    "inPromo": false,
    "gtin": [
      "07613035492677",
      "07613035492684"
    ],
    "topCategoryName": "Diepvries",
    "topCategoryId": "129",
    "businessDomain": "RETAIL_BE",
    "IsPrivateLabel": false,
    "IsBiffe": false,
    "WeightconversionFactor": "0",
    "IsWeightArticle": false,
    "nutriscoreLabel": "C",
    "IsBio": false,
    "CountryOfOrigin": "DUITSLAND",
    "IsExclusivelySoldInLuxembourg": false,
    "OrderUnit": "P",
    "ShortName": "WAGN BIG C.SYDNEY 425G",
    "IsNew": false,
    "RecentQuanityOfStockUnits": "1",
    "LongName": "WAGNER BIG CITY Sydney 425g",
    "FicCode": "E"
  },
  {
    "productId": "783575",
    "technicalArticleNumber": "4582015",
    "commercialArticleNumber": "6672",
    "name": "ice cream",
    "description": "*Ijsreep snickers",
    "brand": "SNICKERS",
    "seoBrand": "Snickers",
    "thumbNail": "https://static.colruytgroup.com/images/200x200/std.lang.all/56/19/asset-2775619.jpg",
    "fullImage": "https://static.colruytgroup.com/images/500x500/std.lang.all/56/19/asset-2775619.jpg",
    "squareImage": "https://static.colruytgroup.com/images/500x500sq/std.lang.all/56/19/asset-2775619.jpg",
    "content": "12st",
    "walkRouteSequenceNumber": 17308,
    "price": {
      "basicPrice": 9.99,
      "recommendedQuantity": "1.0",
      "measurementUnitPrice": 18.27,
      "measurementUnit": "K",
      "isRedPrice": false,
      "pricePerUOM": 18.27,
      "activationDate": "13-03-2024",
      "recordSource": "Offline",
      "isPromoActive": "N",
      "priceChangeCode": "H"
    },
    "isAvailable": true,
    "isPriceAvailable": true,
    "inPromo": false,
    "gtin": [
      "05000159541312",
      "05000159541305"
    ],
    "topCategoryName": "Diepvries",
    "topCategoryId": "129",
    "businessDomain": "RETAIL_BE",
    "IsPrivateLabel": false,
    "IsBiffe": false,
    "WeightconversionFactor": "0",
    "IsWeightArticle": false,
    "nutriscoreLabel": "E",
    "IsBio": false,
    "CountryOfOrigin": "FRANKRIJK",
    "IsExclusivelySoldInLuxembourg": false,
    "OrderUnit": "P",
    "ShortName": "SNICKERS ICE CREAM 12ST",
    "IsNew": false,
    "RecentQuanityOfStockUnits": "1",
    "LongName": "SNICKERS ice cream 12st",
    "FicCode": "E"
  },
  {
    "productId": "320472",
    "technicalArticleNumber": "3762966",
    "commercialArticleNumber": "15410",
    "name": "frieten oven",
    "description": "*Voorgebakken in\nzonnebloemolie",
    "brand": "BONI BIO",
    "seoBrand": "Boni Selection Bio",
    "thumbNail": "https://static.colruytgroup.com/images/200x200/std.lang.all/42/12/asset-2354212.jpg",
    "fullImage": "https://static.colruytgroup.com/images/500x500/std.lang.all/42/12/asset-2354212.jpg",
    "squareImage": "https://static.colruytgroup.com/images/500x500sq/std.lang.all/42/12/asset-2354212.jpg",
    "content": "1kg",
    "walkRouteSequenceNumber": 16447,
    "price": {
      "basicPrice": 3.36,
      "recommendedQuantity": "1.0",
      "measurementUnitPrice": 3.36,
      "measurementUnit": "K",
      "isRedPrice": false,
      "pricePerUOM": 3.36,
      "activationDate": "20-03-2024",
      "recordSource": "Folder",
      "isPromoActive": "N",
      "priceChangeCode": "L"
    },
    "isAvailable": true,
    "isPriceAvailable": true,
    "inPromo": false,
    "gtin": [
      "15400141358053",
      "15400141756507",
      "15400141237563",
      "15400141200307",
      "05400141358056",
      "05400141237566",
      "05400141005882",
      "05400141200300",
      "05400141756500"
    ],
    "topCategoryName": "Diepvries",
    "topCategoryId": "129",
    "businessDomain": "RETAIL_BE",
    "IsPrivateLabel": true,
    "IsBiffe": false,
    "WeightconversionFactor": "0",
    "IsWeightArticle": false,
    "nutriscoreLabel": "A",
    "IsBio": true,
    "CountryOfOrigin": "BELGIË",
    "IsExclusivelySoldInLuxembourg": false,
    "OrderUnit": "P",
    "ShortName": "BS BIO FRIETEN 1KG",
    "IsNew": false,
    "EcoscoreLabel": "A",
    "RecentQuanityOfStockUnits": "1,1",
    "LongName": "BONI BIO frieten oven 1kg",
    "AlcoholVolume": "0",
    "FicCode": "I",
    "EcoscoreValue": "100"
  },
  {
    "productId": "475270",
    "technicalArticleNumber": "4058602",
    "commercialArticleNumber": "6723",
    "name": "café Liégeois mokka cups",
    "description": "*Potjes mokkaroomijs",
    "brand": "BONI",
    "seoBrand": "Boni Selection",
    "thumbNail": "https://static.colruytgroup.com/images/200x200/std.lang.all/78/97/asset-3137897.jpg",
    "fullImage": "https://static.colruytgroup.com/images/500x500/std.lang.all/78/97/asset-3137897.jpg",
    "squareImage": "https://static.colruytgroup.com/images/500x500sq/std.lang.all/78/97/asset-3137897.jpg",
    "content": "4x135ml",
    "walkRouteSequenceNumber": 17298,
    "price": {
      "basicPrice": 2.35,
      "recommendedQuantity": "1.0",
      "measurementUnitPrice": 4.36,
      "measurementUnit": "L",
      "isRedPrice": false,
      "pricePerUOM": 4.36,
      "activationDate": "22-11-2023",
      "recordSource": "Offline",
      "isPromoActive": "N",
      "priceChangeCode": "L"
    },
    "isAvailable": true,
    "isPriceAvailable": true,
    "inPromo": false,
    "gtin": [
      "05400141259049",
      "15400141259046",
      "05400141702415",
      "15400141702412"
    ],
    "topCategoryName": "Diepvries",
    "topCategoryId": "129",
    "businessDomain": "RETAIL_BE",
    "IsPrivateLabel": true,
    "IsBiffe": false,
    "WeightconversionFactor": "0",
    "IsWeightArticle": false,
    "nutriscoreLabel": "D",
    "IsBio": false,
    "CountryOfOrigin": "BELGIË",
    "IsExclusivelySoldInLuxembourg": false,
    "OrderUnit": "P",
    "ShortName": "BONI MOKKA CUP 4X135ML",
    "IsNew": false,
    "EcoscoreLabel": "B",
    "RecentQuanityOfStockUnits": "1,9",
    "LongName": "BONI café Liégeois mokka cups 4x135ml",
    "FicCode": "I",
    "EcoscoreValue": "75"
  },
  {
    "productId": "61607",
    "technicalArticleNumber": "2735299",
    "commercialArticleNumber": "20414",
    "name": "bieslook fijngesneden",
    "description": "*Fijngesneden\nbieslook",
    "brand": "BONI",
    "seoBrand": "Boni Selection",
    "thumbNail": "https://static.colruytgroup.com/images/200x200/std.lang.all/82/06/asset-3248206.jpg",
    "fullImage": "https://static.colruytgroup.com/images/500x500/std.lang.all/82/06/asset-3248206.jpg",
    "squareImage": "https://static.colruytgroup.com/images/500x500sq/std.lang.all/82/06/asset-3248206.jpg",
    "content": "250g",
    "walkRouteSequenceNumber": 17102,
    "price": {
      "basicPrice": 2.29,
      "recommendedQuantity": "1.0",
      "quantityPrice": 2.11,
      "quantityPriceQuantity": "3.0",
      "measurementUnitPrice": 9.16,
      "measurementUnitQuantityPrice": 8.44,
      "measurementUnit": "K",
      "isRedPrice": false,
      "pricePerUOM": 9.16,
      "activationDate": "17-11-2023",
      "isPromoActive": "N",
      "priceChangeCode": "H",
      "quantityPricePerUOM": 8.44,
      "quantityActivationDate": "17-11-2023",
      "quantityPriceChangeCode": "H"
    },
    "isAvailable": true,
    "isPriceAvailable": true,
    "inPromo": false,
    "gtin": [
      "15400141797159",
      "15400141282860",
      "05400141282863",
      "05400141424287",
      "05400141146547",
      "05400141204148",
      "05400141926705"
    ],
    "topCategoryName": "Diepvries",
    "topCategoryId": "129",
    "businessDomain": "RETAIL_BE",
    "IsPrivateLabel": true,
    "IsBiffe": false,
    "WeightconversionFactor": "0",
    "IsWeightArticle": false,
    "nutriscoreLabel": "A",
    "IsBio": false,
    "CountryOfOrigin": "FRANKRIJK",
    "IsExclusivelySoldInLuxembourg": false,
    "OrderUnit": "P",
    "ShortName": "BONI BIESLOOK 250G",
    "IsNew": false,
    "EcoscoreLabel": "A",
    "RecentQuanityOfStockUnits": "1",
    "LongName": "BONI bieslook fijngesneden 250g",
    "AlcoholVolume": "0",
    "FicCode": "I",
    "EcoscoreValue": "100"
  },
  {
    "productId": "81267",
    "technicalArticleNumber": "2959028",
    "commercialArticleNumber": "15613",
    "name": "ijs gemalen",
    "description": "*Crushed ice",
    "seoBrand": "Castle Ice",
    "thumbNail": "https://static.colruytgroup.com/images/200x200/std.lang.all/54/14/asset-3215414.jpg",
    "fullImage": "https://static.colruytgroup.com/images/500x500/std.lang.all/54/14/asset-3215414.jpg",
    "squareImage": "https://static.colruytgroup.com/images/500x500sq/std.lang.all/54/14/asset-3215414.jpg",
    "content": "2kg",
    "walkRouteSequenceNumber": 17288,
    "price": {
      "basicPrice": 2.09,
      "recommendedQuantity": "1.0",
      "quantityPrice": 1.64,
      "quantityPriceQuantity": "2.0",
      "measurementUnitPrice": 1.05,
      "measurementUnitQuantityPrice": 0.82,
      "measurementUnit": "K",
      "isRedPrice": false,
      "pricePerUOM": 1.05,
      "activationDate": "20-03-2024",
      "recordSource": "Offline",
      "isPromoActive": "N",
      "priceChangeCode": "E",
      "quantityPricePerUOM": 0.82,
      "quantityActivationDate": "20-03-2024",
      "quantityPriceChangeCode": "L"
    },
    "isAvailable": true,
    "isPriceAvailable": true,
    "inPromo": false,
    "gtin": [
      "05060418210212",
      "05060418210144",
      "05060282180062",
      "00501216808416",
      "05060418210045",
      "05419980095237",
      "15419980095234"
    ],
    "topCategoryName": "Diepvries",
    "topCategoryId": "129",
    "businessDomain": "RETAIL_BE",
    "IsPrivateLabel": false,
    "IsBiffe": false,
    "WeightconversionFactor": "0",
    "IsWeightArticle": false,
    "nutriscoreLabel": "A",
    "IsBio": false,
    "CountryOfOrigin": "SPANJE",
    "IsExclusivelySoldInLuxembourg": false,
    "OrderUnit": "P",
    "ShortName": "CRUSHED ICE 2KG",
    "IsNew": false,
    "RecentQuanityOfStockUnits": "1,6",
    "LongName": "ijs gemalen 2kg",
    "AlcoholVolume": "0",
    "FicCode": "E"
  },
  {
    "productId": "789916",
    "technicalArticleNumber": "4595783",
    "commercialArticleNumber": "29441",
    "name": "st-jacobsnoot z. koraal 20/40",
    "description": "*Sea scallops 20-40\n*Canada",
    "brand": "BONI",
    "seoBrand": "Boni Selection",
    "thumbNail": "https://static.colruytgroup.com/images/200x200/std.lang.all/11/35/asset-3311135.jpg",
    "fullImage": "https://static.colruytgroup.com/images/500x500/std.lang.all/11/35/asset-3311135.jpg",
    "squareImage": "https://static.colruytgroup.com/images/500x500sq/std.lang.all/11/35/asset-3311135.jpg",
    "content": "500g",
    "walkRouteSequenceNumber": 16771,
    "price": {
      "basicPrice": 20.48,
      "recommendedQuantity": "1.0",
      "measurementUnitPrice": 40.96,
      "measurementUnit": "K",
      "isRedPrice": false,
      "pricePerUOM": 40.96,
      "activationDate": "02-01-2024",
      "recordSource": "Offline",
      "isPromoActive": "N",
      "priceChangeCode": "E"
    },
    "isAvailable": true,
    "isPriceAvailable": true,
    "inPromo": false,
    "gtin": [
      "15400141464532",
      "05400141464535"
    ],
    "topCategoryName": "Diepvries",
    "topCategoryId": "129",
    "businessDomain": "RETAIL_BE",
    "IsPrivateLabel": true,
    "IsBiffe": false,
    "WeightconversionFactor": "0",
    "IsWeightArticle": false,
    "nutriscoreLabel": "A",
    "IsBio": false,
    "CountryOfOrigin": "CANADA",
    "IsExclusivelySoldInLuxembourg": false,
    "OrderUnit": "P",
    "ShortName": "BONI JAKOB NO Z K 500G",
    "IsNew": false,
    "EcoscoreLabel": "E",
    "RecentQuanityOfStockUnits": "1",
    "LongName": "BONI st-jacobsnoot z. koraal 20/40 500g",
    "FicCode": "I",
    "EcoscoreValue": "13"
  },
  {
    "productId": "852958",
    "technicalArticleNumber": "4701540",
    "commercialArticleNumber": "31153",
    "name": "Kombinos broccoli MSC",
    "description": "*Alaska Pollak\nmet broccolisaus\ngepaneerd en\nvoorgebakken.\n*MSC",
    "brand": "IGLO",
    "seoBrand": "Iglo",
    "thumbNail": "https://static.colruytgroup.com/images/200x200/std.lang.all/88/60/asset-3138860.jpg",
    "fullImage": "https://static.colruytgroup.com/images/500x500/std.lang.all/88/60/asset-3138860.jpg",
    "squareImage": "https://static.colruytgroup.com/images/500x500sq/std.lang.all/88/60/asset-3138860.jpg",
    "content": "600g",
    "walkRouteSequenceNumber": 16902,
    "price": {
      "basicPrice": 8.99,
      "recommendedQuantity": "1.0",
      "quantityPrice": 8.63,
      "quantityPriceQuantity": "3.0",
      "measurementUnitPrice": 14.99,
      "measurementUnitQuantityPrice": 14.39,
      "measurementUnit": "K",
      "isRedPrice": false,
      "pricePerUOM": 14.99,
      "activationDate": "05-03-2024",
      "recordSource": "Offline",
      "isPromoActive": "N",
      "priceChangeCode": "E",
      "quantityPricePerUOM": 14.39,
      "quantityActivationDate": "05-03-2024",
      "quantityPriceChangeCode": "E"
    },
    "isAvailable": true,
    "isPriceAvailable": true,
    "inPromo": false,
    "gtin": [
      "05414807007875",
      "05414807606962"
    ],
    "topCategoryName": "Diepvries",
    "topCategoryId": "129",
    "businessDomain": "RETAIL_BE",
    "IsPrivateLabel": false,
    "IsBiffe": false,
    "WeightconversionFactor": "0",
    "IsWeightArticle": false,
    "nutriscoreLabel": "B",
    "IsBio": false,
    "CountryOfOrigin": "DUITSLAND",
    "IsExclusivelySoldInLuxembourg": false,
    "OrderUnit": "P",
    "ShortName": "IGLO KOMBI.BROCCOLI600G",
    "IsNew": false,
    "RecentQuanityOfStockUnits": "1",
    "LongName": "IGLO Kombinos broccoli MSC 600g",
    "FicCode": "E"
  },
  {
    "productId": "54942",
    "technicalArticleNumber": "2479727",
    "commercialArticleNumber": "38883",
    "name": "Homefrit' artisanaal gesneden",
    "description": "*Voorgebakken in\nzonnebloemolie\n*Artisanaal gesnden",
    "brand": "MCCAIN",
    "seoBrand": "Mccain",
    "thumbNail": "https://static.colruytgroup.com/images/200x200/std.lang.all/93/25/asset-2549325.jpg",
    "fullImage": "https://static.colruytgroup.com/images/500x500/std.lang.all/93/25/asset-2549325.jpg",
    "squareImage": "https://static.colruytgroup.com/images/500x500sq/std.lang.all/93/25/asset-2549325.jpg",
    "content": "1kg",
    "walkRouteSequenceNumber": 16361,
    "price": {
      "basicPrice": 4.59,
      "recommendedQuantity": "1.0",
      "measurementUnitPrice": 4.59,
      "measurementUnit": "K",
      "isRedPrice": false,
      "pricePerUOM": 4.59,
      "activationDate": "20-03-2024",
      "recordSource": "Offline",
      "isPromoActive": "N",
      "priceChangeCode": "H"
    },
    "isAvailable": true,
    "isPriceAvailable": true,
    "inPromo": false,
    "gtin": [
      "08710438063615",
      "08710438063608"
    ],
    "topCategoryName": "Diepvries",
    "topCategoryId": "129",
    "businessDomain": "RETAIL_BE",
    "IsPrivateLabel": false,
    "IsBiffe": false,
    "WeightconversionFactor": "0",
    "IsWeightArticle": false,
    "nutriscoreLabel": "A",
    "IsBio": false,
    "CountryOfOrigin": "FRANKRIJK",
    "IsExclusivelySoldInLuxembourg": false,
    "OrderUnit": "P",
    "ShortName": "MCCAIN HOMEFRIT 1KG",
    "IsNew": false,
    "EcoscoreLabel": "A",
    "RecentQuanityOfStockUnits": "1,12",
    "LongName": "MCCAIN Homefrit' artisanaal gesneden 1kg",
    "AlcoholVolume": "0",
    "FicCode": "E",
    "EcoscoreValue": "100"
  },
  {
    "productId": "266291",
    "technicalArticleNumber": "3650193",
    "commercialArticleNumber": "31139",
    "name": "Maxi vanille",
    "description": "*Ijs op stokje:\nvanille omhuld met\ncacaofantasie",
    "brand": "IJSBOERKE",
    "seoBrand": "Ijsboerke",
    "thumbNail": "https://static.colruytgroup.com/images/200x200/std.lang.all/53/82/asset-3225382.jpg",
    "fullImage": "https://static.colruytgroup.com/images/500x500/std.lang.all/53/82/asset-3225382.jpg",
    "squareImage": "https://static.colruytgroup.com/images/500x500sq/std.lang.all/53/82/asset-3225382.jpg",
    "content": "14x87ml",
    "walkRouteSequenceNumber": 17223,
    "price": {
      "basicPrice": 9.95,
      "recommendedQuantity": "1.0",
      "quantityPrice": 9.15,
      "quantityPriceQuantity": "3.0",
      "measurementUnitPrice": 8.17,
      "measurementUnitQuantityPrice": 7.52,
      "measurementUnit": "L",
      "isRedPrice": false,
      "pricePerUOM": 8.17,
      "activationDate": "26-07-2023",
      "isPromoActive": "N",
      "priceChangeCode": "E",
      "quantityPricePerUOM": 7.52,
      "quantityActivationDate": "26-07-2023",
      "quantityPriceChangeCode": "E"
    },
    "isAvailable": true,
    "isPriceAvailable": true,
    "inPromo": false,
    "gtin": [
      "05412121047591",
      "05412121047607"
    ],
    "topCategoryName": "Diepvries",
    "topCategoryId": "129",
    "businessDomain": "RETAIL_BE",
    "IsPrivateLabel": false,
    "IsBiffe": false,
    "WeightconversionFactor": "0",
    "IsWeightArticle": false,
    "nutriscoreLabel": "D",
    "IsBio": false,
    "CountryOfOrigin": "BELGIË",
    "IsExclusivelySoldInLuxembourg": false,
    "OrderUnit": "P",
    "ShortName": "IJSBOER MAXI VANIL 14 S",
    "IsNew": false,
    "EcoscoreLabel": "A",
    "RecentQuanityOfStockUnits": "1",
    "LongName": "IJSBOERKE Maxi vanille 14x87ml",
    "AlcoholVolume": "0",
    "FicCode": "E",
    "EcoscoreValue": "91"
  },
  {
    "productId": "109999",
    "technicalArticleNumber": "3111431",
    "commercialArticleNumber": "40175",
    "name": "scharrolletjes graatloos MSC",
    "description": "*Wild, noord-oostel.\nStille oceaan\n*Rauw\n*18-27 stuks\n*MSC",
    "brand": "BONI",
    "seoBrand": "Boni Selection",
    "thumbNail": "https://static.colruytgroup.com/images/200x200/std.lang.all/28/24/asset-2372824.jpg",
    "fullImage": "https://static.colruytgroup.com/images/500x500/std.lang.all/28/24/asset-2372824.jpg",
    "squareImage": "https://static.colruytgroup.com/images/500x500sq/std.lang.all/28/24/asset-2372824.jpg",
    "content": "1kg",
    "walkRouteSequenceNumber": 16770,
    "price": {
      "basicPrice": 10.43,
      "recommendedQuantity": "1.0",
      "quantityPrice": 10.01,
      "quantityPriceQuantity": "3.0",
      "measurementUnitPrice": 10.43,
      "measurementUnitQuantityPrice": 10.01,
      "measurementUnit": "K",
      "isRedPrice": false,
      "pricePerUOM": 10.43,
      "activationDate": "21-03-2024",
      "recordSource": "Folder",
      "isPromoActive": "N",
      "priceChangeCode": "L",
      "quantityPricePerUOM": 10.01,
      "quantityActivationDate": "21-03-2024",
      "quantityPriceChangeCode": "L"
    },
    "isAvailable": true,
    "isPriceAvailable": true,
    "inPromo": false,
    "gtin": [
      "15400141792949",
      "05400141077667",
      "05400141182828",
      "05400141185997",
      "05400141319422",
      "05400141398397",
      "15400141319429",
      "05400141844245",
      "05400141792942",
      "05400141604764",
      "15400141604761",
      "15400141819561",
      "15400141844242"
    ],
    "topCategoryName": "Diepvries",
    "topCategoryId": "129",
    "businessDomain": "RETAIL_BE",
    "IsPrivateLabel": true,
    "IsBiffe": false,
    "WeightconversionFactor": "0",
    "IsWeightArticle": false,
    "nutriscoreLabel": "A",
    "IsBio": false,
    "CountryOfOrigin": "VIETNAM",
    "IsExclusivelySoldInLuxembourg": false,
    "OrderUnit": "P",
    "ShortName": "BONI PACIFIC SCHARROL1K",
    "IsNew": false,
    "EcoscoreLabel": "E",
    "RecentQuanityOfStockUnits": "1,1,1",
    "LongName": "BONI scharrolletjes graatloos MSC 1kg",
    "AlcoholVolume": "0",
    "FicCode": "I",
    "EcoscoreValue": "9"
  },
  {
    "productId": "872467",
    "technicalArticleNumber": "4726818",
    "commercialArticleNumber": "19894",
    "name": "Rist.Piccolissi.Pepperoni",
    "brand": "DR OETKER",
    "seoBrand": "Dr.Oetker Ristorante",
    "thumbNail": "https://static.colruytgroup.com/images/200x200/std.lang.all/55/37/asset-3215537.jpg",
    "fullImage": "https://static.colruytgroup.com/images/500x500/std.lang.all/55/37/asset-3215537.jpg",
    "squareImage": "https://static.colruytgroup.com/images/500x500sq/std.lang.all/55/37/asset-3215537.jpg",
    "content": "216g",
    "walkRouteSequenceNumber": 16727,
    "price": {
      "basicPrice": 5.59,
      "recommendedQuantity": "1.0",
      "quantityPrice": 5.14,
      "quantityPriceQuantity": "3.0",
      "measurementUnitPrice": 25.88,
      "measurementUnitQuantityPrice": 23.8,
      "measurementUnit": "K",
      "isRedPrice": false,
      "pricePerUOM": 25.88,
      "activationDate": "06-03-2024",
      "recordSource": "Offline",
      "isPromoActive": "N",
      "priceChangeCode": "H",
      "quantityPricePerUOM": 23.8,
      "quantityActivationDate": "06-03-2024",
      "quantityPriceChangeCode": "H"
    },
    "isAvailable": true,
    "isPriceAvailable": true,
    "inPromo": false,
    "gtin": [
      "04001724032274",
      "04001724032267"
    ],
    "topCategoryName": "Diepvries",
    "topCategoryId": "129",
    "businessDomain": "RETAIL_BE",
    "IsPrivateLabel": false,
    "IsBiffe": false,
    "WeightconversionFactor": "0",
    "IsWeightArticle": false,
    "nutriscoreLabel": "D",
    "IsBio": false,
    "CountryOfOrigin": "DUITSLAND",
    "IsExclusivelySoldInLuxembourg": false,
    "OrderUnit": "P",
    "ShortName": "DROE RI.PIC.PEPPER.216G",
    "IsNew": false,
    "RecentQuanityOfStockUnits": "1",
    "LongName": "DR OETKER Rist.Piccolissi.Pepperoni 216g",
    "FicCode": "E"
  },
  {
    "productId": "33340",
    "technicalArticleNumber": "1668931",
    "commercialArticleNumber": "32371",
    "name": "white",
    "description": "*Roomijs\n*Vanillesmaak\n*Krokante chocolat\n*Bevroren sticks\n*Dessert",
    "brand": "OLA MAGNUM",
    "seoBrand": "Ola Magnum",
    "thumbNail": "https://static.colruytgroup.com/images/200x200/std.lang.all/84/98/asset-3438498.jpg",
    "fullImage": "https://static.colruytgroup.com/images/500x500/std.lang.all/84/98/asset-3438498.jpg",
    "squareImage": "https://static.colruytgroup.com/images/500x500sq/std.lang.all/84/98/asset-3438498.jpg",
    "content": "8x110ml",
    "walkRouteSequenceNumber": 17167,
    "price": {
      "basicPrice": 9.32,
      "recommendedQuantity": "1.0",
      "quantityPrice": 8.95,
      "quantityPriceQuantity": "3.0",
      "measurementUnitPrice": 10.6,
      "measurementUnitQuantityPrice": 10.18,
      "measurementUnit": "L",
      "isRedPrice": false,
      "pricePerUOM": 10.6,
      "activationDate": "22-03-2024",
      "recordSource": "Offline",
      "isPromoActive": "N",
      "priceChangeCode": "H",
      "quantityPricePerUOM": 10.18,
      "quantityActivationDate": "22-03-2024",
      "quantityPriceChangeCode": "H"
    },
    "isAvailable": true,
    "isPriceAvailable": true,
    "inPromo": false,
    "gtin": [
      "08712566328444",
      "08000920966778"
    ],
    "topCategoryName": "Diepvries",
    "topCategoryId": "129",
    "businessDomain": "RETAIL_BE",
    "IsPrivateLabel": false,
    "IsBiffe": false,
    "WeightconversionFactor": "0",
    "IsWeightArticle": false,
    "nutriscoreLabel": "D",
    "IsBio": false,
    "CountryOfOrigin": "DUITSLAND",
    "IsExclusivelySoldInLuxembourg": false,
    "OrderUnit": "P",
    "ShortName": "MAGNUM WHITE 8X110 ML",
    "IsNew": false,
    "EcoscoreLabel": "B",
    "RecentQuanityOfStockUnits": "1",
    "LongName": "OLA MAGNUM white 8x110ml",
    "AlcoholVolume": "0",
    "FicCode": "E",
    "EcoscoreValue": "67"
  },
  {
    "productId": "855218",
    "technicalArticleNumber": "4704500",
    "commercialArticleNumber": "31310",
    "name": "pom'pin",
    "description": "*Voorgebakken\n*Diepvries",
    "brand": "BELVIVA",
    "seoBrand": "Belviva",
    "thumbNail": "https://static.colruytgroup.com/images/200x200/std.lang.all/32/64/asset-3193264.jpg",
    "fullImage": "https://static.colruytgroup.com/images/500x500/std.lang.all/32/64/asset-3193264.jpg",
    "squareImage": "https://static.colruytgroup.com/images/500x500sq/std.lang.all/32/64/asset-3193264.jpg",
    "content": "600g",
    "walkRouteSequenceNumber": 16417,
    "price": {
      "basicPrice": 3.49,
      "recommendedQuantity": "1.0",
      "measurementUnitPrice": 5.82,
      "measurementUnit": "K",
      "isRedPrice": false,
      "pricePerUOM": 5.82,
      "activationDate": "06-01-2024",
      "recordSource": "Offline",
      "isPromoActive": "N",
      "priceChangeCode": "L"
    },
    "isAvailable": true,
    "isPriceAvailable": true,
    "inPromo": false,
    "gtin": [
      "05414807607068",
      "05414807007974"
    ],
    "topCategoryName": "Diepvries",
    "topCategoryId": "129",
    "businessDomain": "RETAIL_BE",
    "IsPrivateLabel": false,
    "IsBiffe": false,
    "WeightconversionFactor": "0",
    "IsWeightArticle": false,
    "nutriscoreLabel": "C",
    "IsBio": false,
    "CountryOfOrigin": "BELGIË",
    "IsExclusivelySoldInLuxembourg": false,
    "OrderUnit": "P",
    "ShortName": "BELV. POM PIN 600G",
    "IsNew": false,
    "RecentQuanityOfStockUnits": "1",
    "LongName": "BELVIVA pom'pin 600g",
    "AlcoholVolume": "0",
    "FicCode": "E"
  },
  {
    "productId": "667664",
    "technicalArticleNumber": "4377785",
    "commercialArticleNumber": "24264",
    "name": "Pint Chocoladeroomijs brownie",
    "description": "*Chocoladeroomijs\nmet chocolade\nbrownie",
    "brand": "BONI",
    "seoBrand": "Boni Selection",
    "thumbNail": "https://static.colruytgroup.com/images/200x200/std.lang.all/90/83/asset-2409083.jpg",
    "fullImage": "https://static.colruytgroup.com/images/500x500/std.lang.all/90/83/asset-2409083.jpg",
    "squareImage": "https://static.colruytgroup.com/images/500x500sq/std.lang.all/90/83/asset-2409083.jpg",
    "content": "500ml",
    "walkRouteSequenceNumber": 17468,
    "price": {
      "basicPrice": 3.39,
      "recommendedQuantity": "1.0",
      "quantityPrice": 3.25,
      "quantityPriceQuantity": "3.0",
      "measurementUnitPrice": 6.78,
      "measurementUnitQuantityPrice": 6.5,
      "measurementUnit": "L",
      "isRedPrice": false,
      "pricePerUOM": 6.78,
      "activationDate": "29-02-2024",
      "recordSource": "Offline",
      "isPromoActive": "N",
      "priceChangeCode": "L",
      "quantityPricePerUOM": 6.5,
      "quantityActivationDate": "29-02-2024",
      "quantityPriceChangeCode": "L"
    },
    "isAvailable": true,
    "isPriceAvailable": true,
    "inPromo": false,
    "gtin": [
      "05400141450064",
      "15400141450061"
    ],
    "topCategoryName": "Diepvries",
    "topCategoryId": "129",
    "businessDomain": "RETAIL_BE",
    "IsPrivateLabel": true,
    "IsBiffe": false,
    "WeightconversionFactor": "0",
    "IsWeightArticle": false,
    "nutriscoreLabel": "E",
    "IsBio": false,
    "CountryOfOrigin": "BELGIË",
    "IsExclusivelySoldInLuxembourg": false,
    "OrderUnit": "P",
    "ShortName": "BONI PINT CHO.BROW500ML",
    "IsNew": false,
    "EcoscoreLabel": "B",
    "RecentQuanityOfStockUnits": "1",
    "LongName": "BONI Pint Chocoladeroomijs brownie 500ml",
    "FicCode": "I",
    "EcoscoreValue": "77"
  },
  {
    "productId": "835150",
    "technicalArticleNumber": "4676986",
    "commercialArticleNumber": "11710",
    "name": "Gember",
    "brand": "BONI",
    "seoBrand": "Boni Selection",
    "thumbNail": "https://static.colruytgroup.com/images/200x200/std.lang.all/73/77/asset-2997377.jpg",
    "fullImage": "https://static.colruytgroup.com/images/500x500/std.lang.all/73/77/asset-2997377.jpg",
    "squareImage": "https://static.colruytgroup.com/images/500x500sq/std.lang.all/73/77/asset-2997377.jpg",
    "content": "250g",
    "walkRouteSequenceNumber": 17105,
    "price": {
      "basicPrice": 2.29,
      "recommendedQuantity": "1.0",
      "quantityPrice": 2.11,
      "quantityPriceQuantity": "3.0",
      "measurementUnitPrice": 9.16,
      "measurementUnitQuantityPrice": 8.44,
      "measurementUnit": "K",
      "isRedPrice": false,
      "pricePerUOM": 9.16,
      "activationDate": "22-09-2023",
      "isPromoActive": "N",
      "priceChangeCode": "H",
      "quantityPricePerUOM": 8.44,
      "quantityActivationDate": "22-09-2023",
      "quantityPriceChangeCode": "H"
    },
    "isAvailable": true,
    "isPriceAvailable": true,
    "inPromo": false,
    "gtin": [
      "05400141589283",
      "15400141589280"
    ],
    "topCategoryName": "Diepvries",
    "topCategoryId": "129",
    "businessDomain": "RETAIL_BE",
    "IsPrivateLabel": true,
    "IsBiffe": false,
    "WeightconversionFactor": "0",
    "IsWeightArticle": false,
    "nutriscoreLabel": "B",
    "IsBio": false,
    "CountryOfOrigin": "CHINA (VOLKSREBUPLIEK)",
    "IsExclusivelySoldInLuxembourg": false,
    "OrderUnit": "P",
    "ShortName": "BONI DV GEMBER 250G",
    "IsNew": false,
    "EcoscoreLabel": "A",
    "RecentQuanityOfStockUnits": "1",
    "LongName": "BONI Gember 250g",
    "FicCode": "I",
    "EcoscoreValue": "90"
  },
  {
    "productId": "238325",
    "technicalArticleNumber": "3547477",
    "commercialArticleNumber": "33607",
    "name": "bladerdeeghapjes 40st",
    "description": "*Assortiment:\nzalm-dille, tomaat,\nspinazie-ricotta,\nkaas.\n*In de oven",
    "brand": "EVERYDAY",
    "seoBrand": "Everyday",
    "thumbNail": "https://static.colruytgroup.com/images/200x200/std.lang.all/57/22/asset-1405722.jpg",
    "fullImage": "https://static.colruytgroup.com/images/500x500/std.lang.all/57/22/asset-1405722.jpg",
    "squareImage": "https://static.colruytgroup.com/images/500x500sq/std.lang.all/57/22/asset-1405722.jpg",
    "content": "340g",
    "walkRouteSequenceNumber": 16709,
    "price": {
      "basicPrice": 4.29,
      "recommendedQuantity": "1.0",
      "measurementUnitPrice": 12.62,
      "measurementUnit": "K",
      "isRedPrice": false,
      "pricePerUOM": 12.62,
      "activationDate": "04-01-2024",
      "isPromoActive": "N",
      "priceChangeCode": "H"
    },
    "isAvailable": true,
    "isPriceAvailable": true,
    "inPromo": false,
    "gtin": [
      "05400141665000",
      "15400141665007",
      "05400141160062",
      "05400141417982",
      "15400141160069"
    ],
    "topCategoryName": "Diepvries",
    "topCategoryId": "129",
    "businessDomain": "RETAIL_BE",
    "IsPrivateLabel": true,
    "IsBiffe": false,
    "WeightconversionFactor": "0",
    "IsWeightArticle": false,
    "nutriscoreLabel": "D",
    "IsBio": false,
    "CountryOfOrigin": "BELGIË",
    "IsExclusivelySoldInLuxembourg": false,
    "OrderUnit": "P",
    "ShortName": "EVD APERO 40 ST 340 G",
    "IsNew": false,
    "EcoscoreLabel": "C",
    "RecentQuanityOfStockUnits": "1,1",
    "LongName": "EVERYDAY bladerdeeghapjes 40st 340g",
    "AlcoholVolume": "0",
    "FicCode": "I",
    "EcoscoreValue": "56"
  },
  {
    "productId": "690479",
    "technicalArticleNumber": "4416980",
    "commercialArticleNumber": "18920",
    "name": "kipnuggets 20st",
    "description": "*Voorgegaarde,\ngepaneerde kipnugget\n*Diepvries",
    "brand": "WAHID",
    "seoBrand": "Wahid",
    "thumbNail": "https://static.colruytgroup.com/images/200x200/std.lang.all/54/23/asset-2435423.jpg",
    "fullImage": "https://static.colruytgroup.com/images/500x500/std.lang.all/54/23/asset-2435423.jpg",
    "squareImage": "https://static.colruytgroup.com/images/500x500sq/std.lang.all/54/23/asset-2435423.jpg",
    "content": "400g",
    "walkRouteSequenceNumber": 17535,
    "price": {
      "basicPrice": 3.29,
      "recommendedQuantity": "1.0",
      "measurementUnitPrice": 8.23,
      "measurementUnit": "K",
      "isRedPrice": false,
      "pricePerUOM": 8.23,
      "activationDate": "04-01-2024",
      "isPromoActive": "N",
      "priceChangeCode": "H"
    },
    "isAvailable": true,
    "isPriceAvailable": true,
    "inPromo": false,
    "gtin": [
      "08716221202827",
      "08716221095726"
    ],
    "topCategoryName": "Diepvries",
    "topCategoryId": "129",
    "businessDomain": "RETAIL_BE",
    "IsPrivateLabel": false,
    "IsBiffe": false,
    "WeightconversionFactor": "0",
    "IsWeightArticle": false,
    "IsBio": false,
    "CountryOfOrigin": "NEDERLAND",
    "IsExclusivelySoldInLuxembourg": false,
    "OrderUnit": "P",
    "ShortName": "WAHID KIPNUGGETS 20X20G",
    "IsNew": false,
    "RecentQuanityOfStockUnits": "1,1",
    "LongName": "WAHID kipnuggets 20st 400g",
    "FicCode": "E"
  },
  {
    "productId": "183961",
    "technicalArticleNumber": "3456110",
    "commercialArticleNumber": "30655",
    "name": "Fun Mix selection ±40st",
    "description": "*Ass.: ribster,\nkipkorn, carrero,\nviandel\n*In de frituurpan,\noven, grill",
    "brand": "MORA",
    "seoBrand": "Mora",
    "thumbNail": "https://static.colruytgroup.com/images/200x200/std.lang.all/27/25/asset-2112725.jpg",
    "fullImage": "https://static.colruytgroup.com/images/500x500/std.lang.all/27/25/asset-2112725.jpg",
    "squareImage": "https://static.colruytgroup.com/images/500x500sq/std.lang.all/27/25/asset-2112725.jpg",
    "content": "630g",
    "walkRouteSequenceNumber": 17565,
    "price": {
      "basicPrice": 9.68,
      "recommendedQuantity": "1.0",
      "quantityPrice": 8.91,
      "quantityPriceQuantity": "3.0",
      "measurementUnitPrice": 15.37,
      "measurementUnitQuantityPrice": 14.15,
      "measurementUnit": "K",
      "isRedPrice": false,
      "pricePerUOM": 15.37,
      "activationDate": "08-03-2024",
      "recordSource": "Offline",
      "isPromoActive": "N",
      "priceChangeCode": "H",
      "quantityPricePerUOM": 14.15,
      "quantityActivationDate": "08-03-2024",
      "quantityPriceChangeCode": "H"
    },
    "isAvailable": true,
    "isPriceAvailable": true,
    "inPromo": false,
    "gtin": [
      "08710861959769",
      "08710861095580"
    ],
    "topCategoryName": "Diepvries",
    "topCategoryId": "129",
    "businessDomain": "RETAIL_BE",
    "IsPrivateLabel": false,
    "IsBiffe": false,
    "WeightconversionFactor": "0",
    "IsWeightArticle": false,
    "nutriscoreLabel": "D",
    "IsBio": false,
    "CountryOfOrigin": "NEDERLAND",
    "IsExclusivelySoldInLuxembourg": false,
    "OrderUnit": "P",
    "ShortName": "FUN MIX SELECTION 40ST",
    "IsNew": false,
    "EcoscoreLabel": "E",
    "RecentQuanityOfStockUnits": "1",
    "LongName": "MORA Fun Mix selection ±40st 630g",
    "AlcoholVolume": "0",
    "FicCode": "E",
    "EcoscoreValue": "0"
  },
  {
    "productId": "4708",
    "technicalArticleNumber": "30525",
    "commercialArticleNumber": "30525",
    "name": "roomijs stracciatella",
    "description": "*Vanilleroomijs met\nchocoladevlokken",
    "brand": "IJSBOERKE",
    "seoBrand": "Ijsboerke",
    "thumbNail": "https://static.colruytgroup.com/images/200x200/std.lang.all/07/27/asset-2400727.jpg",
    "fullImage": "https://static.colruytgroup.com/images/500x500/std.lang.all/07/27/asset-2400727.jpg",
    "squareImage": "https://static.colruytgroup.com/images/500x500sq/std.lang.all/07/27/asset-2400727.jpg",
    "content": "2,5L",
    "walkRouteSequenceNumber": 17187,
    "price": {
      "basicPrice": 16.72,
      "recommendedQuantity": "1.0",
      "quantityPrice": 15.38,
      "quantityPriceQuantity": "3.0",
      "measurementUnitPrice": 6.69,
      "measurementUnitQuantityPrice": 6.16,
      "measurementUnit": "L",
      "isRedPrice": false,
      "pricePerUOM": 6.69,
      "activationDate": "23-03-2024",
      "recordSource": "Offline",
      "isPromoActive": "N",
      "priceChangeCode": "H",
      "quantityPricePerUOM": 6.16,
      "quantityActivationDate": "23-03-2024",
      "quantityPriceChangeCode": "H"
    },
    "isAvailable": true,
    "isPriceAvailable": true,
    "inPromo": true,
    "promotion": [
      {
        "techPromoId": "100895COLR",
        "promotionId": "100895",
        "promotionType": "3",
        "isPersonalized": "N",
        "publicationStartDate": "13-03-2024",
        "publicationEndDate": "26-03-2024"
      }
    ],
    "gtin": [
      "05412121000060",
      "05412121300061",
      "05412121053684"
    ],
    "topCategoryName": "Diepvries",
    "topCategoryId": "129",
    "businessDomain": "RETAIL_BE",
    "IsPrivateLabel": false,
    "IsBiffe": false,
    "WeightconversionFactor": "0",
    "IsWeightArticle": false,
    "nutriscoreLabel": "D",
    "IsBio": false,
    "CountryOfOrigin": "BELGIË",
    "IsExclusivelySoldInLuxembourg": false,
    "OrderUnit": "P",
    "ShortName": "IJSBOER STRACIATEL 2L5",
    "IsNew": false,
    "EcoscoreLabel": "A",
    "RecentQuanityOfStockUnits": "1",
    "LongName": "IJSBOERKE roomijs stracciatella 2,5L",
    "AlcoholVolume": "0",
    "FicCode": "E",
    "EcoscoreValue": "98"
  },
  {
    "productId": "6683",
    "technicalArticleNumber": "30300",
    "commercialArticleNumber": "30300",
    "name": "stukjes vegetarisch",
    "brand": "QUORN",
    "seoBrand": "Quorn",
    "thumbNail": "https://static.colruytgroup.com/images/200x200/std.lang.all/97/32/asset-1659732.jpg",
    "fullImage": "https://static.colruytgroup.com/images/500x500/std.lang.all/97/32/asset-1659732.jpg",
    "squareImage": "https://static.colruytgroup.com/images/500x500sq/std.lang.all/97/32/asset-1659732.jpg",
    "content": "1kg",
    "walkRouteSequenceNumber": 16876,
    "price": {
      "basicPrice": 13.99,
      "recommendedQuantity": "1.0",
      "quantityPrice": 13.43,
      "quantityPriceQuantity": "3.0",
      "measurementUnitPrice": 13.99,
      "measurementUnitQuantityPrice": 13.43,
      "measurementUnit": "K",
      "isRedPrice": false,
      "pricePerUOM": 13.99,
      "activationDate": "14-11-2023",
      "isPromoActive": "N",
      "priceChangeCode": "E",
      "quantityPricePerUOM": 13.43,
      "quantityActivationDate": "14-11-2023",
      "quantityPriceChangeCode": "E"
    },
    "isAvailable": true,
    "isPriceAvailable": true,
    "inPromo": false,
    "gtin": [
      "05019503001068",
      "05019503022285",
      "05019503022292"
    ],
    "topCategoryName": "Diepvries",
    "topCategoryId": "129",
    "businessDomain": "RETAIL_BE",
    "IsPrivateLabel": false,
    "IsBiffe": false,
    "WeightconversionFactor": "0",
    "IsWeightArticle": false,
    "nutriscoreLabel": "A",
    "IsBio": false,
    "CountryOfOrigin": "BELGIË",
    "IsExclusivelySoldInLuxembourg": false,
    "OrderUnit": "P",
    "ShortName": "QUORN STUKJES 1 KG",
    "IsNew": false,
    "EcoscoreLabel": "B",
    "RecentQuanityOfStockUnits": "1",
    "LongName": "QUORN stukjes vegetarisch 1kg",
    "AlcoholVolume": "0",
    "FicCode": "E",
    "EcoscoreValue": "68"
  },
  {
    "productId": "332052",
    "technicalArticleNumber": "3801962",
    "commercialArticleNumber": "20488",
    "name": "aardappelgratin gehakt spinaz.",
    "description": "*Met gehakt en spi-\nnazie\n*In de microgolfoven\nof oven",
    "brand": "IGLO",
    "seoBrand": "Iglo",
    "thumbNail": "https://static.colruytgroup.com/images/200x200/std.lang.all/90/01/asset-2749001.jpg",
    "fullImage": "https://static.colruytgroup.com/images/500x500/std.lang.all/90/01/asset-2749001.jpg",
    "squareImage": "https://static.colruytgroup.com/images/500x500sq/std.lang.all/90/01/asset-2749001.jpg",
    "content": "450g",
    "walkRouteSequenceNumber": 16582,
    "price": {
      "basicPrice": 5.99,
      "recommendedQuantity": "1.0",
      "quantityPrice": 5.75,
      "quantityPriceQuantity": "3.0",
      "measurementUnitPrice": 13.32,
      "measurementUnitQuantityPrice": 12.78,
      "measurementUnit": "K",
      "isRedPrice": false,
      "pricePerUOM": 13.32,
      "activationDate": "19-03-2024",
      "recordSource": "Offline",
      "isPromoActive": "N",
      "priceChangeCode": "H",
      "quantityPricePerUOM": 12.78,
      "quantityActivationDate": "19-03-2024",
      "quantityPriceChangeCode": "H"
    },
    "isAvailable": true,
    "isPriceAvailable": true,
    "inPromo": false,
    "gtin": [
      "05410148486157",
      "05410148486102"
    ],
    "topCategoryName": "Diepvries",
    "topCategoryId": "129",
    "businessDomain": "RETAIL_BE",
    "IsPrivateLabel": false,
    "IsBiffe": false,
    "WeightconversionFactor": "0",
    "IsWeightArticle": false,
    "nutriscoreLabel": "B",
    "IsBio": false,
    "CountryOfOrigin": "DUITSLAND",
    "IsExclusivelySoldInLuxembourg": false,
    "OrderUnit": "P",
    "ShortName": "IGLO AARDAPPELGRAT.450G",
    "IsNew": false,
    "RecentQuanityOfStockUnits": "1",
    "LongName": "IGLO aardappelgratin gehakt spinaz. 450g",
    "AlcoholVolume": "0",
    "FicCode": "E"
  },
  {
    "productId": "95214",
    "technicalArticleNumber": "2810340",
    "commercialArticleNumber": "16456",
    "name": "Boterkoek 10st",
    "description": "*6 stuks zonder\nrozijnen, 4 stuks\nmet rozijnen\n*18-22 minuten in de\noven",
    "brand": "BONI",
    "seoBrand": "Boni Selection",
    "thumbNail": "https://static.colruytgroup.com/images/200x200/std.lang.all/99/53/asset-2529953.jpg",
    "fullImage": "https://static.colruytgroup.com/images/500x500/std.lang.all/99/53/asset-2529953.jpg",
    "squareImage": "https://static.colruytgroup.com/images/500x500sq/std.lang.all/99/53/asset-2529953.jpg",
    "content": "740g",
    "walkRouteSequenceNumber": 17952,
    "price": {
      "basicPrice": 7.95,
      "recommendedQuantity": "1.0",
      "quantityPrice": 7.31,
      "quantityPriceQuantity": "3.0",
      "measurementUnitPrice": 10.75,
      "measurementUnitQuantityPrice": 9.88,
      "measurementUnit": "K",
      "isRedPrice": false,
      "pricePerUOM": 10.75,
      "activationDate": "04-01-2024",
      "isPromoActive": "N",
      "priceChangeCode": "H",
      "quantityPricePerUOM": 9.88,
      "quantityActivationDate": "04-01-2024",
      "quantityPriceChangeCode": "H"
    },
    "isAvailable": true,
    "isPriceAvailable": true,
    "inPromo": false,
    "gtin": [
      "05400141333770",
      "15400141063315",
      "05400141063318",
      "05400141164565",
      "05400141180862",
      "15400141164562",
      "15400141333777"
    ],
    "topCategoryName": "Diepvries",
    "topCategoryId": "129",
    "businessDomain": "RETAIL_BE",
    "IsPrivateLabel": true,
    "IsBiffe": false,
    "WeightconversionFactor": "0",
    "IsWeightArticle": false,
    "nutriscoreLabel": "D",
    "IsBio": false,
    "CountryOfOrigin": "POLEN",
    "IsExclusivelySoldInLuxembourg": false,
    "OrderUnit": "P",
    "ShortName": "BONI MIX BOTERKOEK 740G",
    "IsNew": false,
    "EcoscoreLabel": "C",
    "RecentQuanityOfStockUnits": "1",
    "LongName": "BONI Boterkoek 10st 740g",
    "AlcoholVolume": "0",
    "FicCode": "I",
    "EcoscoreValue": "59"
  },
  {
    "productId": "282166",
    "technicalArticleNumber": "3653486",
    "commercialArticleNumber": "21717",
    "name": "frieten op z'n Belgisch",
    "description": "*Voorgebakken in\nzonnebloemolie",
    "brand": "MCCAIN",
    "seoBrand": "Mccain",
    "thumbNail": "https://static.colruytgroup.com/images/200x200/std.lang.all/26/88/asset-2832688.jpg",
    "fullImage": "https://static.colruytgroup.com/images/500x500/std.lang.all/26/88/asset-2832688.jpg",
    "squareImage": "https://static.colruytgroup.com/images/500x500sq/std.lang.all/26/88/asset-2832688.jpg",
    "content": "1kg",
    "walkRouteSequenceNumber": 16386,
    "price": {
      "basicPrice": 6.05,
      "recommendedQuantity": "1.0",
      "measurementUnitPrice": 6.05,
      "measurementUnit": "K",
      "isRedPrice": false,
      "pricePerUOM": 6.05,
      "activationDate": "20-03-2024",
      "recordSource": "Offline",
      "isPromoActive": "N",
      "priceChangeCode": "H"
    },
    "isAvailable": true,
    "isPriceAvailable": true,
    "inPromo": false,
    "gtin": [
      "08710438103700",
      "08710438103717"
    ],
    "topCategoryName": "Diepvries",
    "topCategoryId": "129",
    "businessDomain": "RETAIL_BE",
    "IsPrivateLabel": false,
    "IsBiffe": false,
    "WeightconversionFactor": "0",
    "IsWeightArticle": false,
    "nutriscoreLabel": "A",
    "IsBio": false,
    "CountryOfOrigin": "BELGIË",
    "IsExclusivelySoldInLuxembourg": false,
    "OrderUnit": "P",
    "ShortName": "MCCAIN OP ZN BELGISCH1K",
    "IsNew": false,
    "EcoscoreLabel": "B",
    "RecentQuanityOfStockUnits": "1",
    "LongName": "MCCAIN frieten op z'n Belgisch 1kg",
    "AlcoholVolume": "0",
    "FicCode": "E",
    "EcoscoreValue": "71"
  },
  {
    "productId": "882310",
    "technicalArticleNumber": "4740137",
    "commercialArticleNumber": "9441",
    "name": "Fish & Fun 11st",
    "description": "*MSC",
    "brand": "IGLO",
    "seoBrand": "Iglo",
    "thumbNail": "https://static.colruytgroup.com/images/200x200/std.lang.all/89/52/asset-3238952.jpg",
    "fullImage": "https://static.colruytgroup.com/images/500x500/std.lang.all/89/52/asset-3238952.jpg",
    "squareImage": "https://static.colruytgroup.com/images/500x500sq/std.lang.all/89/52/asset-3238952.jpg",
    "content": "352g",
    "walkRouteSequenceNumber": 16851,
    "price": {
      "basicPrice": 5.09,
      "recommendedQuantity": "1.0",
      "measurementUnitPrice": 14.47,
      "measurementUnit": "K",
      "isRedPrice": false,
      "pricePerUOM": 14.47,
      "activationDate": "15-02-2024",
      "recordSource": "Offline",
      "isPromoActive": "N",
      "priceChangeCode": "H"
    },
    "isAvailable": true,
    "isPriceAvailable": true,
    "inPromo": false,
    "gtin": [
      "05414807607242",
      "05414807008155"
    ],
    "topCategoryName": "Diepvries",
    "topCategoryId": "129",
    "businessDomain": "RETAIL_BE",
    "IsPrivateLabel": false,
    "IsBiffe": false,
    "WeightconversionFactor": "0",
    "IsWeightArticle": false,
    "nutriscoreLabel": "A",
    "IsBio": false,
    "CountryOfOrigin": "DUITSLAND",
    "IsExclusivelySoldInLuxembourg": false,
    "OrderUnit": "P",
    "ShortName": "IGLO 11ST FISH FUN 352G",
    "IsNew": false,
    "RecentQuanityOfStockUnits": "1",
    "LongName": "IGLO Fish & Fun 11st 352g",
    "FicCode": "E"
  },
  {
    "productId": "4716",
    "technicalArticleNumber": "30621",
    "commercialArticleNumber": "30621",
    "name": "ijsbomb glace à l'eau",
    "description": "*Waterijs grenadine,\nappel, sinaasappel",
    "brand": "IJSBOERKE",
    "seoBrand": "Ijsboerke",
    "thumbNail": "https://static.colruytgroup.com/images/200x200/std.lang.all/17/04/asset-881704.jpg",
    "fullImage": "https://static.colruytgroup.com/images/500x500/std.lang.all/17/04/asset-881704.jpg",
    "squareImage": "https://static.colruytgroup.com/images/500x500sq/std.lang.all/17/04/asset-881704.jpg",
    "content": "12x55ml",
    "walkRouteSequenceNumber": 17273,
    "price": {
      "basicPrice": 6.98,
      "recommendedQuantity": "1.0",
      "quantityPrice": 6.42,
      "quantityPriceQuantity": "3.0",
      "measurementUnitPrice": 10.58,
      "measurementUnitQuantityPrice": 9.73,
      "measurementUnit": "L",
      "isRedPrice": false,
      "pricePerUOM": 10.58,
      "activationDate": "14-11-2023",
      "isPromoActive": "N",
      "priceChangeCode": "E",
      "quantityPricePerUOM": 9.73,
      "quantityActivationDate": "14-11-2023",
      "quantityPriceChangeCode": "E"
    },
    "isAvailable": true,
    "isPriceAvailable": true,
    "inPromo": false,
    "gtin": [
      "00000054091047",
      "05410498149283",
      "05412121017006",
      "05412121617008"
    ],
    "topCategoryName": "Diepvries",
    "topCategoryId": "129",
    "businessDomain": "RETAIL_BE",
    "IsPrivateLabel": false,
    "IsBiffe": false,
    "WeightconversionFactor": "0",
    "IsWeightArticle": false,
    "nutriscoreLabel": "C",
    "IsBio": false,
    "CountryOfOrigin": "BELGIË",
    "IsExclusivelySoldInLuxembourg": false,
    "OrderUnit": "P",
    "ShortName": "IJSBOERKE BOMB 12X55 ML",
    "IsNew": false,
    "EcoscoreLabel": "A",
    "RecentQuanityOfStockUnits": "1",
    "LongName": "IJSBOERKE ijsbomb glace à l'eau 12x55ml",
    "AlcoholVolume": "0",
    "FicCode": "E",
    "EcoscoreValue": "100"
  },
  {
    "productId": "896079",
    "technicalArticleNumber": "4755983",
    "commercialArticleNumber": "10908",
    "name": "Uglies Gekke frietjes",
    "brand": "BELVIVA",
    "seoBrand": "Belviva",
    "thumbNail": "https://static.colruytgroup.com/images/200x200/std.lang.all/42/58/asset-3354258.jpg",
    "fullImage": "https://static.colruytgroup.com/images/500x500/std.lang.all/42/58/asset-3354258.jpg",
    "squareImage": "https://static.colruytgroup.com/images/500x500sq/std.lang.all/42/58/asset-3354258.jpg",
    "content": "750g",
    "walkRouteSequenceNumber": 16384,
    "price": {
      "basicPrice": 3.29,
      "recommendedQuantity": "1.0",
      "measurementUnitPrice": 4.39,
      "measurementUnit": "K",
      "isRedPrice": false,
      "pricePerUOM": 4.39,
      "activationDate": "12-03-2024",
      "recordSource": "Offline",
      "isPromoActive": "N",
      "priceChangeCode": "E"
    },
    "isAvailable": true,
    "isPriceAvailable": true,
    "inPromo": false,
    "gtin": [
      "05414807008124"
    ],
    "topCategoryName": "Diepvries",
    "topCategoryId": "129",
    "businessDomain": "RETAIL_BE",
    "IsPrivateLabel": false,
    "IsBiffe": false,
    "WeightconversionFactor": "0",
    "IsWeightArticle": false,
    "nutriscoreLabel": "A",
    "IsBio": false,
    "CountryOfOrigin": "BELGIË",
    "IsExclusivelySoldInLuxembourg": false,
    "OrderUnit": "P",
    "ShortName": "BELV GEK.FRIETJES 750G",
    "IsNew": false,
    "RecentQuanityOfStockUnits": "1",
    "LongName": "BELVIVA Uglies Gekke frietjes 750g",
    "FicCode": "E"
  },
  {
    "productId": "825697",
    "technicalArticleNumber": "4662748",
    "commercialArticleNumber": "29903",
    "name": "zeewolffilet graatloos MSC",
    "description": "*Oorspr: IJsland\n*Graatloos\n*Met label MSC",
    "brand": "BONI",
    "seoBrand": "Boni Selection",
    "thumbNail": "https://static.colruytgroup.com/images/200x200/std.lang.all/42/97/asset-3454297.jpg",
    "fullImage": "https://static.colruytgroup.com/images/500x500/std.lang.all/42/97/asset-3454297.jpg",
    "squareImage": "https://static.colruytgroup.com/images/500x500sq/std.lang.all/42/97/asset-3454297.jpg",
    "content": "1kg",
    "walkRouteSequenceNumber": 16829,
    "price": {
      "basicPrice": 9.95,
      "recommendedQuantity": "1.0",
      "measurementUnitPrice": 9.95,
      "measurementUnit": "K",
      "isRedPrice": true,
      "redPriceReason": "Promo",
      "referencePrice": 16.95,
      "retentionPeriod": 30,
      "pricePerUOM": 9.95,
      "activationDate": "07-03-2024",
      "isPromoActive": "Y",
      "priceChangeCode": "L"
    },
    "isAvailable": true,
    "isPriceAvailable": true,
    "inPromo": false,
    "gtin": [
      "05400141878929",
      "15400141878926"
    ],
    "topCategoryName": "Diepvries",
    "topCategoryId": "129",
    "businessDomain": "RETAIL_BE",
    "IsPrivateLabel": true,
    "IsBiffe": false,
    "WeightconversionFactor": "0",
    "IsWeightArticle": false,
    "nutriscoreLabel": "A",
    "IsBio": false,
    "CountryOfOrigin": "IJSLAND",
    "IsExclusivelySoldInLuxembourg": false,
    "OrderUnit": "P",
    "ShortName": "BONI ZEEWOLF 1K",
    "IsNew": false,
    "EcoscoreLabel": "E",
    "RecentQuanityOfStockUnits": "1",
    "LongName": "BONI zeewolffilet graatloos MSC 1kg",
    "FicCode": "I",
    "EcoscoreValue": "4"
  },
  {
    "productId": "512056",
    "technicalArticleNumber": "4075431",
    "commercialArticleNumber": "7347",
    "name": "frambozencoulis",
    "brand": "BONI",
    "seoBrand": "Boni Selection",
    "thumbNail": "https://static.colruytgroup.com/images/200x200/std.lang.all/84/35/asset-3178435.jpg",
    "fullImage": "https://static.colruytgroup.com/images/500x500/std.lang.all/84/35/asset-3178435.jpg",
    "squareImage": "https://static.colruytgroup.com/images/500x500sq/std.lang.all/84/35/asset-3178435.jpg",
    "content": "4x50g",
    "walkRouteSequenceNumber": 17150,
    "price": {
      "basicPrice": 2.25,
      "recommendedQuantity": "1.0",
      "quantityPrice": 2.16,
      "quantityPriceQuantity": "3.0",
      "measurementUnitPrice": 11.25,
      "measurementUnitQuantityPrice": 10.8,
      "measurementUnit": "K",
      "isRedPrice": false,
      "pricePerUOM": 11.25,
      "activationDate": "11-03-2024",
      "recordSource": "Offline",
      "isPromoActive": "N",
      "priceChangeCode": "E",
      "quantityPricePerUOM": 10.8,
      "quantityActivationDate": "11-03-2024",
      "quantityPriceChangeCode": "H"
    },
    "isAvailable": true,
    "isPriceAvailable": true,
    "inPromo": false,
    "gtin": [
      "05400141274868",
      "15400141274865"
    ],
    "topCategoryName": "Diepvries",
    "topCategoryId": "129",
    "businessDomain": "RETAIL_BE",
    "IsPrivateLabel": true,
    "IsBiffe": false,
    "WeightconversionFactor": "0",
    "IsWeightArticle": false,
    "nutriscoreLabel": "B",
    "IsBio": false,
    "CountryOfOrigin": "FRANKRIJK",
    "IsExclusivelySoldInLuxembourg": false,
    "OrderUnit": "P",
    "ShortName": "BONI FRAMB.COULIS 4X50G",
    "InSeason": true,
    "IsNew": false,
    "EcoscoreLabel": "C",
    "RecentQuanityOfStockUnits": "1",
    "LongName": "BONI frambozencoulis 4x50g",
    "StartSeasonDate": "03/10/2022",
    "FicCode": "I",
    "EcoscoreValue": "58"
  },
  {
    "productId": "687247",
    "technicalArticleNumber": "4411543",
    "commercialArticleNumber": "25493",
    "name": "double gold caramel",
    "description": "*Roomijs\n*Karamelsmaak\n*Krokante chocolat\n*Bevroren sticks\n*Dessert",
    "brand": "MAGNUM",
    "seoBrand": "Magnum",
    "thumbNail": "https://static.colruytgroup.com/images/200x200/std.lang.all/48/67/asset-2404867.jpg",
    "fullImage": "https://static.colruytgroup.com/images/500x500/std.lang.all/48/67/asset-2404867.jpg",
    "squareImage": "https://static.colruytgroup.com/images/500x500sq/std.lang.all/48/67/asset-2404867.jpg",
    "content": "4x85ml",
    "walkRouteSequenceNumber": 17175,
    "price": {
      "basicPrice": 5.99,
      "recommendedQuantity": "1.0",
      "quantityPrice": 5.75,
      "quantityPriceQuantity": "3.0",
      "measurementUnitPrice": 17.62,
      "measurementUnitQuantityPrice": 16.92,
      "measurementUnit": "L",
      "isRedPrice": false,
      "pricePerUOM": 17.62,
      "activationDate": "01-03-2024",
      "recordSource": "Offline",
      "isPromoActive": "N",
      "priceChangeCode": "L",
      "quantityPricePerUOM": 16.92,
      "quantityActivationDate": "01-03-2024",
      "quantityPriceChangeCode": "L"
    },
    "isAvailable": true,
    "isPriceAvailable": true,
    "inPromo": false,
    "gtin": [
      "08711327483736",
      "08711327483729"
    ],
    "topCategoryName": "Diepvries",
    "topCategoryId": "129",
    "businessDomain": "RETAIL_BE",
    "IsPrivateLabel": false,
    "IsBiffe": false,
    "WeightconversionFactor": "0",
    "IsWeightArticle": false,
    "nutriscoreLabel": "E",
    "IsBio": false,
    "CountryOfOrigin": "DUITSLAND",
    "IsExclusivelySoldInLuxembourg": false,
    "OrderUnit": "P",
    "ShortName": "MAGN DOU.GOLDCARAM.4X85",
    "IsNew": false,
    "EcoscoreLabel": "B",
    "RecentQuanityOfStockUnits": "1",
    "LongName": "MAGNUM double gold caramel 4x85ml",
    "FicCode": "E",
    "EcoscoreValue": "77"
  },
  {
    "productId": "878991",
    "technicalArticleNumber": "4735216",
    "commercialArticleNumber": "19583",
    "name": "kabeljauwfilet graten MSC",
    "brand": "BONI",
    "seoBrand": "Boni Selection",
    "thumbNail": "https://static.colruytgroup.com/images/200x200/std.lang.all/27/42/asset-3372742.jpg",
    "fullImage": "https://static.colruytgroup.com/images/500x500/std.lang.all/27/42/asset-3372742.jpg",
    "squareImage": "https://static.colruytgroup.com/images/500x500sq/std.lang.all/27/42/asset-3372742.jpg",
    "content": "1,5kg",
    "walkRouteSequenceNumber": 16775,
    "price": {
      "basicPrice": 21.9,
      "recommendedQuantity": "1.0",
      "quantityPrice": 20.15,
      "quantityPriceQuantity": "3.0",
      "measurementUnitPrice": 14.6,
      "measurementUnitQuantityPrice": 13.44,
      "measurementUnit": "K",
      "isRedPrice": false,
      "pricePerUOM": 14.6,
      "activationDate": "21-06-2023",
      "isPromoActive": "N",
      "priceChangeCode": "E",
      "quantityPricePerUOM": 13.44,
      "quantityActivationDate": "21-06-2023",
      "quantityPriceChangeCode": "E"
    },
    "isAvailable": true,
    "isPriceAvailable": true,
    "inPromo": false,
    "gtin": [
      "05400141933444",
      "15400141933441"
    ],
    "topCategoryName": "Diepvries",
    "topCategoryId": "129",
    "businessDomain": "RETAIL_BE",
    "IsPrivateLabel": true,
    "IsBiffe": false,
    "WeightconversionFactor": "0",
    "IsWeightArticle": false,
    "nutriscoreLabel": "A",
    "IsBio": false,
    "CountryOfOrigin": "RUSLAND",
    "IsExclusivelySoldInLuxembourg": false,
    "OrderUnit": "P",
    "ShortName": "BONI KAB.FILET GR.1.5KG",
    "IsNew": false,
    "EcoscoreLabel": "E",
    "RecentQuanityOfStockUnits": "1",
    "LongName": "BONI kabeljauwfilet graten MSC 1,5kg",
    "AlcoholVolume": "0",
    "FicCode": "I",
    "EcoscoreValue": "4"
  },
  {
    "productId": "876554",
    "technicalArticleNumber": "4731789",
    "commercialArticleNumber": "3684",
    "name": "bloemk.risotto aspe.",
    "brand": "BONI",
    "seoBrand": "Boni Selection",
    "thumbNail": "https://static.colruytgroup.com/images/200x200/std.lang.all/16/83/asset-3361683.jpg",
    "fullImage": "https://static.colruytgroup.com/images/500x500/std.lang.all/16/83/asset-3361683.jpg",
    "squareImage": "https://static.colruytgroup.com/images/500x500sq/std.lang.all/16/83/asset-3361683.jpg",
    "content": "750g",
    "walkRouteSequenceNumber": 17133,
    "price": {
      "basicPrice": 4.49,
      "recommendedQuantity": "1.0",
      "quantityPrice": 4.31,
      "quantityPriceQuantity": "3.0",
      "measurementUnitPrice": 5.99,
      "measurementUnitQuantityPrice": 5.75,
      "measurementUnit": "K",
      "isRedPrice": false,
      "pricePerUOM": 5.99,
      "activationDate": "01-12-2023",
      "isPromoActive": "N",
      "priceChangeCode": "H",
      "quantityPricePerUOM": 5.75,
      "quantityActivationDate": "01-12-2023",
      "quantityPriceChangeCode": "E"
    },
    "isAvailable": true,
    "isPriceAvailable": true,
    "inPromo": false,
    "gtin": [
      "05400141766202",
      "15400141766209"
    ],
    "topCategoryName": "Diepvries",
    "topCategoryId": "129",
    "businessDomain": "RETAIL_BE",
    "IsPrivateLabel": true,
    "IsBiffe": false,
    "WeightconversionFactor": "0",
    "IsWeightArticle": false,
    "nutriscoreLabel": "A",
    "IsBio": false,
    "CountryOfOrigin": "ITALIË",
    "IsExclusivelySoldInLuxembourg": false,
    "OrderUnit": "P",
    "ShortName": "BONI BL.RISOTTO AS.750G",
    "IsNew": false,
    "RecentQuanityOfStockUnits": "1",
    "LongName": "BONI bloemk.risotto aspe. 750g",
    "FicCode": "I"
  },
  {
    "productId": "202147",
    "technicalArticleNumber": "3443495",
    "commercialArticleNumber": "30530",
    "name": "Tiger scampi L.gep.18-23 ASC",
    "description": "*Aquacultuur Vietnam\n*Geblancheerd,\nontdarmd, gepeld\n*Maat 16/20, 18-23st\n*met label ASC",
    "brand": "BONI",
    "seoBrand": "Boni Selection",
    "thumbNail": "https://static.colruytgroup.com/images/200x200/std.lang.all/77/85/asset-3137785.jpg",
    "fullImage": "https://static.colruytgroup.com/images/500x500/std.lang.all/77/85/asset-3137785.jpg",
    "squareImage": "https://static.colruytgroup.com/images/500x500sq/std.lang.all/77/85/asset-3137785.jpg",
    "content": "500g",
    "walkRouteSequenceNumber": 16698,
    "price": {
      "basicPrice": 18.39,
      "recommendedQuantity": "1.0",
      "quantityPrice": 16.92,
      "quantityPriceQuantity": "3.0",
      "measurementUnitPrice": 36.78,
      "measurementUnitQuantityPrice": 33.84,
      "measurementUnit": "K",
      "isRedPrice": true,
      "redPriceReason": "Promo",
      "referencePrice": 18.5,
      "retentionPeriod": 30,
      "pricePerUOM": 36.78,
      "activationDate": "13-03-2024",
      "isPromoActive": "Y",
      "priceChangeCode": "L",
      "quantityPricePerUOM": 33.84,
      "quantityActivationDate": "13-03-2024",
      "quantityPriceChangeCode": "L"
    },
    "isAvailable": true,
    "isPriceAvailable": true,
    "inPromo": false,
    "gtin": [
      "05400141718898",
      "15400141718895",
      "05400141133929",
      "05400141037814",
      "15400141334842",
      "15400141133926",
      "05400141334845",
      "05400141155587",
      "05400141130539"
    ],
    "topCategoryName": "Diepvries",
    "topCategoryId": "129",
    "businessDomain": "RETAIL_BE",
    "IsPrivateLabel": true,
    "IsBiffe": false,
    "WeightconversionFactor": "0",
    "IsWeightArticle": false,
    "nutriscoreLabel": "A",
    "IsBio": false,
    "CountryOfOrigin": "VIETNAM",
    "IsExclusivelySoldInLuxembourg": false,
    "OrderUnit": "P",
    "ShortName": "BONI GEP.TIJGERSC.500G",
    "IsNew": false,
    "EcoscoreLabel": "D",
    "RecentQuanityOfStockUnits": "1,1",
    "LongName": "BONI Tiger scampi L.gep.18-23 ASC 500g",
    "AlcoholVolume": "0",
    "FicCode": "I",
    "EcoscoreValue": "23"
  },
  {
    "productId": "488810",
    "technicalArticleNumber": "4044208",
    "commercialArticleNumber": "2266",
    "name": "viennetta vanille",
    "description": "*Roomijs\n*Ijstaart\n*Vanillesmaak\n*Krokante laagjes\n*Dessert",
    "brand": "OLA VIENNETTA",
    "seoBrand": "Ola Viennetta",
    "thumbNail": "https://static.colruytgroup.com/images/200x200/std.lang.all/42/78/asset-1744278.jpg",
    "fullImage": "https://static.colruytgroup.com/images/500x500/std.lang.all/42/78/asset-1744278.jpg",
    "squareImage": "https://static.colruytgroup.com/images/500x500sq/std.lang.all/42/78/asset-1744278.jpg",
    "content": "1L",
    "walkRouteSequenceNumber": 17303,
    "price": {
      "basicPrice": 4.6,
      "recommendedQuantity": "1.0",
      "measurementUnitPrice": 4.6,
      "measurementUnit": "L",
      "isRedPrice": false,
      "pricePerUOM": 4.6,
      "activationDate": "23-03-2024",
      "recordSource": "Offline",
      "isPromoActive": "N",
      "priceChangeCode": "E"
    },
    "isAvailable": true,
    "isPriceAvailable": true,
    "inPromo": false,
    "gtin": [
      "08000920986110",
      "08712566397709"
    ],
    "topCategoryName": "Diepvries",
    "topCategoryId": "129",
    "businessDomain": "RETAIL_BE",
    "IsPrivateLabel": false,
    "IsBiffe": false,
    "WeightconversionFactor": "0",
    "IsWeightArticle": false,
    "nutriscoreLabel": "D",
    "IsBio": false,
    "CountryOfOrigin": "VERENIGD KONINKRIJK",
    "IsExclusivelySoldInLuxembourg": false,
    "OrderUnit": "P",
    "ShortName": "VIENNETTA VANILLE XXL1L",
    "IsNew": false,
    "EcoscoreLabel": "B",
    "RecentQuanityOfStockUnits": "1,4",
    "LongName": "OLA VIENNETTA viennetta vanille 1L",
    "AlcoholVolume": "0",
    "FicCode": "E",
    "EcoscoreValue": "67"
  },
  {
    "productId": "186399",
    "technicalArticleNumber": "3435988",
    "commercialArticleNumber": "30445",
    "name": "schnitzel vol-au-vent",
    "description": "*kalkoen\n*België\n*± 6 min. friteuse",
    "brand": "BONI",
    "seoBrand": "Boni Selection",
    "thumbNail": "https://static.colruytgroup.com/images/200x200/std.lang.all/27/16/asset-3372716.jpg",
    "fullImage": "https://static.colruytgroup.com/images/500x500/std.lang.all/27/16/asset-3372716.jpg",
    "squareImage": "https://static.colruytgroup.com/images/500x500sq/std.lang.all/27/16/asset-3372716.jpg",
    "content": "1kg",
    "walkRouteSequenceNumber": 16597,
    "price": {
      "basicPrice": 11.95,
      "recommendedQuantity": "1.0",
      "quantityPrice": 11.47,
      "quantityPriceQuantity": "3.0",
      "measurementUnitPrice": 11.95,
      "measurementUnitQuantityPrice": 11.47,
      "measurementUnit": "K",
      "isRedPrice": false,
      "pricePerUOM": 11.95,
      "activationDate": "22-12-2023",
      "isPromoActive": "N",
      "priceChangeCode": "H",
      "quantityPricePerUOM": 11.47,
      "quantityActivationDate": "22-12-2023",
      "quantityPriceChangeCode": "H"
    },
    "isAvailable": true,
    "isPriceAvailable": true,
    "inPromo": false,
    "gtin": [
      "05400141157567",
      "05400141340624",
      "15400141794493",
      "05400141201444"
    ],
    "topCategoryName": "Diepvries",
    "topCategoryId": "129",
    "businessDomain": "RETAIL_BE",
    "IsPrivateLabel": true,
    "IsBiffe": false,
    "WeightconversionFactor": "0",
    "IsWeightArticle": false,
    "nutriscoreLabel": "D",
    "IsBio": false,
    "CountryOfOrigin": "BELGIË",
    "IsExclusivelySoldInLuxembourg": false,
    "OrderUnit": "P",
    "ShortName": "BONI VOL.A.VEN.SCHN.1K",
    "IsNew": false,
    "EcoscoreLabel": "D",
    "RecentQuanityOfStockUnits": "1",
    "LongName": "BONI schnitzel vol-au-vent 1kg",
    "AlcoholVolume": "0",
    "FicCode": "I",
    "EcoscoreValue": "32"
  },
  {
    "productId": "698110",
    "technicalArticleNumber": "4428999",
    "commercialArticleNumber": "3345",
    "name": "oven & airfryer mmmixpack",
    "description": "*Diepvriessnacks",
    "brand": "MORA",
    "seoBrand": "Mora",
    "thumbNail": "https://static.colruytgroup.com/images/200x200/std.lang.all/52/19/asset-3215219.jpg",
    "fullImage": "https://static.colruytgroup.com/images/500x500/std.lang.all/52/19/asset-3215219.jpg",
    "squareImage": "https://static.colruytgroup.com/images/500x500sq/std.lang.all/52/19/asset-3215219.jpg",
    "content": "440g",
    "walkRouteSequenceNumber": 17564,
    "price": {
      "basicPrice": 8.49,
      "recommendedQuantity": "1.0",
      "quantityPrice": 7.81,
      "quantityPriceQuantity": "3.0",
      "measurementUnitPrice": 19.3,
      "measurementUnitQuantityPrice": 17.75,
      "measurementUnit": "K",
      "isRedPrice": false,
      "pricePerUOM": 19.3,
      "activationDate": "21-03-2024",
      "recordSource": "Offline",
      "isPromoActive": "N",
      "priceChangeCode": "E",
      "quantityPricePerUOM": 17.75,
      "quantityActivationDate": "21-03-2024",
      "quantityPriceChangeCode": "H"
    },
    "isAvailable": true,
    "isPriceAvailable": true,
    "inPromo": false,
    "gtin": [
      "08710861997174"
    ],
    "topCategoryName": "Diepvries",
    "topCategoryId": "129",
    "businessDomain": "RETAIL_BE",
    "IsPrivateLabel": false,
    "IsBiffe": false,
    "WeightconversionFactor": "0",
    "IsWeightArticle": false,
    "nutriscoreLabel": "D",
    "IsBio": false,
    "CountryOfOrigin": "NEDERLAND",
    "IsExclusivelySoldInLuxembourg": false,
    "OrderUnit": "P",
    "ShortName": "MORA O&A MMMIXPACK 440G",
    "IsNew": false,
    "EcoscoreLabel": "E",
    "RecentQuanityOfStockUnits": "1",
    "LongName": "MORA oven & airfryer mmmixpack 440g",
    "FicCode": "E",
    "EcoscoreValue": "0"
  },
  {
    "productId": "556342",
    "technicalArticleNumber": "4190748",
    "commercialArticleNumber": "14721",
    "name": "Groene groentenmix",
    "description": "*Diepgevroren\ngroentenmengeling\nmet groene\ngroenten",
    "brand": "BONI",
    "seoBrand": "Boni Selection",
    "thumbNail": "https://static.colruytgroup.com/images/200x200/std.lang.all/04/54/asset-2040454.jpg",
    "fullImage": "https://static.colruytgroup.com/images/500x500/std.lang.all/04/54/asset-2040454.jpg",
    "squareImage": "https://static.colruytgroup.com/images/500x500sq/std.lang.all/04/54/asset-2040454.jpg",
    "content": "1kg",
    "walkRouteSequenceNumber": 17088,
    "price": {
      "basicPrice": 3.29,
      "recommendedQuantity": "1.0",
      "quantityPrice": 3.03,
      "quantityPriceQuantity": "3.0",
      "measurementUnitPrice": 3.29,
      "measurementUnitQuantityPrice": 3.03,
      "measurementUnit": "K",
      "isRedPrice": false,
      "pricePerUOM": 3.29,
      "activationDate": "05-03-2024",
      "recordSource": "Offline",
      "isPromoActive": "N",
      "priceChangeCode": "E",
      "quantityPricePerUOM": 3.03,
      "quantityActivationDate": "05-03-2024",
      "quantityPriceChangeCode": "L"
    },
    "isAvailable": true,
    "isPriceAvailable": true,
    "inPromo": false,
    "gtin": [
      "05400141338614",
      "15400141338611"
    ],
    "topCategoryName": "Diepvries",
    "topCategoryId": "129",
    "businessDomain": "RETAIL_BE",
    "IsPrivateLabel": true,
    "IsBiffe": false,
    "WeightconversionFactor": "0",
    "IsWeightArticle": false,
    "nutriscoreLabel": "A",
    "IsBio": false,
    "CountryOfOrigin": "BELGIË",
    "IsExclusivelySoldInLuxembourg": false,
    "OrderUnit": "P",
    "ShortName": "BONI GROEN.GROENTMIX 1K",
    "IsNew": false,
    "EcoscoreLabel": "A",
    "RecentQuanityOfStockUnits": "1",
    "LongName": "BONI Groene groentenmix 1kg",
    "FicCode": "I",
    "EcoscoreValue": "92"
  },
  {
    "productId": "1072",
    "technicalArticleNumber": "30029",
    "commercialArticleNumber": "30029",
    "name": "asperges witte",
    "description": "*Los diepgevroren",
    "brand": "BONI",
    "seoBrand": "Boni Selection",
    "thumbNail": "https://static.colruytgroup.com/images/200x200/std.lang.all/78/59/asset-2247859.jpg",
    "fullImage": "https://static.colruytgroup.com/images/500x500/std.lang.all/78/59/asset-2247859.jpg",
    "squareImage": "https://static.colruytgroup.com/images/500x500sq/std.lang.all/78/59/asset-2247859.jpg",
    "content": "1kg",
    "walkRouteSequenceNumber": 17044,
    "price": {
      "basicPrice": 9.95,
      "recommendedQuantity": "1.0",
      "quantityPrice": 9.16,
      "quantityPriceQuantity": "3.0",
      "measurementUnitPrice": 9.95,
      "measurementUnitQuantityPrice": 9.16,
      "measurementUnit": "K",
      "isRedPrice": false,
      "pricePerUOM": 9.95,
      "activationDate": "13-03-2024",
      "recordSource": "Offline",
      "isPromoActive": "N",
      "priceChangeCode": "H",
      "quantityPricePerUOM": 9.16,
      "quantityActivationDate": "13-03-2024",
      "quantityPriceChangeCode": "E"
    },
    "isAvailable": true,
    "isPriceAvailable": true,
    "inPromo": false,
    "gtin": [
      "05400141145625",
      "05400141165210",
      "05400141234619",
      "05400141273342",
      "05400141300291",
      "05400141343021",
      "05400141741858",
      "15400141234616",
      "15400141343028",
      "15400141273349"
    ],
    "topCategoryName": "Diepvries",
    "topCategoryId": "129",
    "businessDomain": "RETAIL_BE",
    "IsPrivateLabel": true,
    "IsBiffe": false,
    "WeightconversionFactor": "0",
    "IsWeightArticle": false,
    "nutriscoreLabel": "A",
    "IsBio": false,
    "CountryOfOrigin": "CHINA (VOLKSREBUPLIEK)",
    "IsExclusivelySoldInLuxembourg": false,
    "OrderUnit": "P",
    "ShortName": "BONI WITTE ASPERGES 1K",
    "IsNew": false,
    "EcoscoreLabel": "B",
    "RecentQuanityOfStockUnits": "1",
    "LongName": "BONI asperges witte 1kg",
    "AlcoholVolume": "0",
    "FicCode": "I",
    "EcoscoreValue": "62"
  },
  {
    "productId": "95303",
    "technicalArticleNumber": "2804045",
    "commercialArticleNumber": "15784",
    "name": "ronde wafels",
    "description": "Ronde, krokante wafeltjes. Lekker bij\nijsdesserten. 2 vershoudzakjes. 100\nstuks.",
    "brand": "BONI",
    "seoBrand": "Boni Selection",
    "thumbNail": "https://static.colruytgroup.com/images/200x200/std.lang.all/54/67/asset-3415467.jpg",
    "fullImage": "https://static.colruytgroup.com/images/500x500/std.lang.all/54/67/asset-3415467.jpg",
    "squareImage": "https://static.colruytgroup.com/images/500x500sq/std.lang.all/54/67/asset-3415467.jpg",
    "content": "220g",
    "walkRouteSequenceNumber": 17138,
    "price": {
      "basicPrice": 2.58,
      "recommendedQuantity": "1.0",
      "measurementUnitPrice": 11.73,
      "measurementUnit": "K",
      "isRedPrice": false,
      "pricePerUOM": 11.73,
      "activationDate": "29-12-2023",
      "recordSource": "Offline",
      "isPromoActive": "N",
      "priceChangeCode": "H"
    },
    "isAvailable": true,
    "isPriceAvailable": true,
    "inPromo": false,
    "gtin": [
      "05400141276725",
      "15400141976103",
      "15400141367840",
      "05400141024401",
      "05400141367843",
      "05400141409710"
    ],
    "topCategoryName": "Diepvries",
    "topCategoryId": "129",
    "businessDomain": "RETAIL_BE",
    "IsPrivateLabel": true,
    "IsBiffe": false,
    "WeightconversionFactor": "0",
    "IsWeightArticle": false,
    "nutriscoreLabel": "C",
    "IsBio": false,
    "CountryOfOrigin": "BELGIË",
    "IsExclusivelySoldInLuxembourg": false,
    "OrderUnit": "P",
    "ShortName": "BONI RONDE WAFEL 100ST",
    "IsNew": false,
    "EcoscoreLabel": "A",
    "RecentQuanityOfStockUnits": "1",
    "LongName": "BONI ronde wafels 220g",
    "AlcoholVolume": "0",
    "FicCode": "I",
    "EcoscoreValue": "82"
  },
  {
    "productId": "575107",
    "technicalArticleNumber": "4222861",
    "commercialArticleNumber": "17775",
    "name": "groent.burg.bl.kool voorgeb",
    "description": "*Groenteburger mix\nbloemkool, broccoli,\nromanesco",
    "brand": "BONI",
    "seoBrand": "Boni Selection",
    "thumbNail": "https://static.colruytgroup.com/images/200x200/std.lang.all/95/28/asset-2139528.jpg",
    "fullImage": "https://static.colruytgroup.com/images/500x500/std.lang.all/95/28/asset-2139528.jpg",
    "squareImage": "https://static.colruytgroup.com/images/500x500sq/std.lang.all/95/28/asset-2139528.jpg",
    "content": "1,35kg",
    "walkRouteSequenceNumber": 16929,
    "price": {
      "basicPrice": 7.99,
      "recommendedQuantity": "1.0",
      "quantityPrice": 7.67,
      "quantityPriceQuantity": "3.0",
      "measurementUnitPrice": 5.92,
      "measurementUnitQuantityPrice": 5.69,
      "measurementUnit": "K",
      "isRedPrice": false,
      "pricePerUOM": 5.92,
      "activationDate": "31-03-2023",
      "isPromoActive": "N",
      "priceChangeCode": "E",
      "quantityPricePerUOM": 5.69,
      "quantityActivationDate": "31-03-2023",
      "quantityPriceChangeCode": "H"
    },
    "isAvailable": true,
    "isPriceAvailable": true,
    "inPromo": false,
    "gtin": [
      "05400141677065",
      "05400141354522",
      "15400141354529"
    ],
    "topCategoryName": "Diepvries",
    "topCategoryId": "129",
    "businessDomain": "RETAIL_BE",
    "IsPrivateLabel": true,
    "IsBiffe": false,
    "WeightconversionFactor": "0",
    "IsWeightArticle": false,
    "nutriscoreLabel": "C",
    "IsBio": false,
    "CountryOfOrigin": "SPANJE",
    "IsExclusivelySoldInLuxembourg": false,
    "OrderUnit": "P",
    "ShortName": "BONI GR.BUR.BL.KO1K350",
    "InSeason": true,
    "IsNew": false,
    "EcoscoreLabel": "A",
    "RecentQuanityOfStockUnits": "1",
    "LongName": "BONI groent.burg.bl.kool voorgeb 1,35kg",
    "StartSeasonDate": "17/09/2021",
    "FicCode": "I",
    "EcoscoreValue": "95"
  },
  {
    "productId": "100774",
    "technicalArticleNumber": "2921146",
    "commercialArticleNumber": "4684",
    "name": "roomijs vanille",
    "description": "*Met zoetstoffen\n*Vanilleroomijs",
    "brand": "IJSBOERKE ICY LIGHT",
    "seoBrand": "Ijsboerke Icy Light",
    "thumbNail": "https://static.colruytgroup.com/images/200x200/std.lang.all/44/94/asset-2264494.jpg",
    "fullImage": "https://static.colruytgroup.com/images/500x500/std.lang.all/44/94/asset-2264494.jpg",
    "squareImage": "https://static.colruytgroup.com/images/500x500sq/std.lang.all/44/94/asset-2264494.jpg",
    "content": "1L",
    "walkRouteSequenceNumber": 17239,
    "price": {
      "basicPrice": 5.89,
      "recommendedQuantity": "1.0",
      "quantityPrice": 5.42,
      "quantityPriceQuantity": "3.0",
      "measurementUnitPrice": 5.89,
      "measurementUnitQuantityPrice": 5.42,
      "measurementUnit": "L",
      "isRedPrice": false,
      "pricePerUOM": 5.89,
      "activationDate": "01-12-2023",
      "recordSource": "Offline",
      "isPromoActive": "N",
      "priceChangeCode": "E",
      "quantityPricePerUOM": 5.42,
      "quantityActivationDate": "01-12-2023",
      "quantityPriceChangeCode": "E"
    },
    "isAvailable": true,
    "isPriceAvailable": true,
    "inPromo": false,
    "gtin": [
      "05412121002699",
      "05412121202693"
    ],
    "topCategoryName": "Diepvries",
    "topCategoryId": "129",
    "businessDomain": "RETAIL_BE",
    "IsPrivateLabel": false,
    "IsBiffe": false,
    "WeightconversionFactor": "0",
    "IsWeightArticle": false,
    "nutriscoreLabel": "B",
    "IsBio": false,
    "CountryOfOrigin": "BELGIË",
    "IsExclusivelySoldInLuxembourg": false,
    "OrderUnit": "P",
    "ShortName": "IJSBOERKE ICY VANIL 1L",
    "IsNew": false,
    "EcoscoreLabel": "A",
    "RecentQuanityOfStockUnits": "1",
    "LongName": "IJSBOERKE ICY LIGHT roomijs vanille 1L",
    "AlcoholVolume": "0",
    "FicCode": "E",
    "EcoscoreValue": "91"
  },
  {
    "productId": "186831",
    "technicalArticleNumber": "3464793",
    "commercialArticleNumber": "30736",
    "name": "boerenpistolets",
    "description": "*Voorgebakken\n*Diepgevroren\ntarwe-roggebroodjes",
    "brand": "BONI",
    "seoBrand": "Boni Selection",
    "thumbNail": "https://static.colruytgroup.com/images/200x200/std.lang.all/16/08/asset-2141608.jpg",
    "fullImage": "https://static.colruytgroup.com/images/500x500/std.lang.all/16/08/asset-2141608.jpg",
    "squareImage": "https://static.colruytgroup.com/images/500x500sq/std.lang.all/16/08/asset-2141608.jpg",
    "content": "8st",
    "walkRouteSequenceNumber": 17878,
    "price": {
      "basicPrice": 5.89,
      "recommendedQuantity": "1.0",
      "quantityPrice": 5.42,
      "quantityPriceQuantity": "3.0",
      "measurementUnitPrice": 10.52,
      "measurementUnitQuantityPrice": 9.68,
      "measurementUnit": "K",
      "isRedPrice": false,
      "pricePerUOM": 10.52,
      "activationDate": "04-01-2024",
      "isPromoActive": "N",
      "priceChangeCode": "H",
      "quantityPricePerUOM": 9.68,
      "quantityActivationDate": "04-01-2024",
      "quantityPriceChangeCode": "H"
    },
    "isAvailable": true,
    "isPriceAvailable": true,
    "inPromo": false,
    "gtin": [
      "05400141378818",
      "15400141820765",
      "15400141387381",
      "05400141387384"
    ],
    "topCategoryName": "Diepvries",
    "topCategoryId": "129",
    "businessDomain": "RETAIL_BE",
    "IsPrivateLabel": true,
    "IsBiffe": false,
    "WeightconversionFactor": "0",
    "IsWeightArticle": false,
    "nutriscoreLabel": "C",
    "IsBio": false,
    "CountryOfOrigin": "POLEN",
    "IsExclusivelySoldInLuxembourg": false,
    "OrderUnit": "P",
    "ShortName": "BONI BOERENPISTOL.8X70G",
    "InSeason": true,
    "IsNew": false,
    "EcoscoreLabel": "B",
    "RecentQuanityOfStockUnits": "1",
    "LongName": "BONI boerenpistolets 8st",
    "AlcoholVolume": "0",
    "StartSeasonDate": "17/01/2024",
    "FicCode": "I",
    "EcoscoreValue": "77"
  },
  {
    "productId": "7417",
    "technicalArticleNumber": "1132672",
    "commercialArticleNumber": "30301",
    "name": "fijngehakt vegetarisch",
    "brand": "QUORN",
    "seoBrand": "Quorn",
    "thumbNail": "https://static.colruytgroup.com/images/200x200/std.lang.all/97/31/asset-1659731.jpg",
    "fullImage": "https://static.colruytgroup.com/images/500x500/std.lang.all/97/31/asset-1659731.jpg",
    "squareImage": "https://static.colruytgroup.com/images/500x500sq/std.lang.all/97/31/asset-1659731.jpg",
    "content": "1kg",
    "walkRouteSequenceNumber": 16877,
    "price": {
      "basicPrice": 13.99,
      "recommendedQuantity": "1.0",
      "quantityPrice": 13.43,
      "quantityPriceQuantity": "3.0",
      "measurementUnitPrice": 13.99,
      "measurementUnitQuantityPrice": 13.43,
      "measurementUnit": "K",
      "isRedPrice": false,
      "pricePerUOM": 13.99,
      "activationDate": "14-11-2023",
      "isPromoActive": "N",
      "priceChangeCode": "E",
      "quantityPricePerUOM": 13.43,
      "quantityActivationDate": "14-11-2023",
      "quantityPriceChangeCode": "E"
    },
    "isAvailable": true,
    "isPriceAvailable": true,
    "inPromo": false,
    "gtin": [
      "05019503022261",
      "05019503022278"
    ],
    "topCategoryName": "Diepvries",
    "topCategoryId": "129",
    "businessDomain": "RETAIL_BE",
    "IsPrivateLabel": false,
    "IsBiffe": false,
    "WeightconversionFactor": "0",
    "IsWeightArticle": false,
    "IsBio": false,
    "CountryOfOrigin": "BELGIË",
    "IsExclusivelySoldInLuxembourg": false,
    "OrderUnit": "P",
    "ShortName": "QUORN FIJNGEHAKT 1 KG",
    "IsNew": false,
    "RecentQuanityOfStockUnits": "1",
    "LongName": "QUORN fijngehakt vegetarisch 1kg",
    "AlcoholVolume": "0",
    "FicCode": "E"
  },
  {
    "productId": "121590",
    "technicalArticleNumber": "3048815",
    "commercialArticleNumber": "22575",
    "name": "sorbet mango",
    "description": "*45 % fruit in eindproduct\n*Mangosorbet",
    "brand": "BONI",
    "seoBrand": "Boni Selection",
    "thumbNail": "https://static.colruytgroup.com/images/200x200/std.lang.all/96/05/asset-2509605.jpg",
    "fullImage": "https://static.colruytgroup.com/images/500x500/std.lang.all/96/05/asset-2509605.jpg",
    "squareImage": "https://static.colruytgroup.com/images/500x500sq/std.lang.all/96/05/asset-2509605.jpg",
    "content": "1L",
    "walkRouteSequenceNumber": 17155,
    "price": {
      "basicPrice": 3.55,
      "recommendedQuantity": "1.0",
      "measurementUnitPrice": 3.55,
      "measurementUnit": "L",
      "isRedPrice": false,
      "pricePerUOM": 3.55,
      "activationDate": "05-03-2024",
      "recordSource": "Offline",
      "isPromoActive": "N",
      "priceChangeCode": "H"
    },
    "isAvailable": true,
    "isPriceAvailable": true,
    "inPromo": false,
    "gtin": [
      "05400141074857",
      "05400141276237",
      "15400141276234"
    ],
    "topCategoryName": "Diepvries",
    "topCategoryId": "129",
    "businessDomain": "RETAIL_BE",
    "IsPrivateLabel": true,
    "IsBiffe": false,
    "WeightconversionFactor": "0",
    "IsWeightArticle": false,
    "nutriscoreLabel": "C",
    "IsBio": false,
    "CountryOfOrigin": "BELGIË",
    "IsExclusivelySoldInLuxembourg": false,
    "OrderUnit": "P",
    "ShortName": "BONI SORBET MANGO 1L",
    "IsNew": false,
    "EcoscoreLabel": "B",
    "RecentQuanityOfStockUnits": "1",
    "LongName": "BONI sorbet mango 1L",
    "AlcoholVolume": "0",
    "FicCode": "I",
    "EcoscoreValue": "73"
  },
  {
    "productId": "56882",
    "technicalArticleNumber": "2480233",
    "commercialArticleNumber": "38066",
    "name": "mini loempia's apéro 18st",
    "description": "*Met 58 % groenten:\nkool, ui, wortel,\nprei, paprika\n*In de frituurpan,\noven, pan, grill",
    "brand": "MORA",
    "seoBrand": "Mora",
    "thumbNail": "https://static.colruytgroup.com/images/200x200/std.lang.all/94/13/asset-1399413.jpg",
    "fullImage": "https://static.colruytgroup.com/images/500x500/std.lang.all/94/13/asset-1399413.jpg",
    "squareImage": "https://static.colruytgroup.com/images/500x500sq/std.lang.all/94/13/asset-1399413.jpg",
    "content": "360g",
    "walkRouteSequenceNumber": 17593,
    "price": {
      "basicPrice": 10.59,
      "recommendedQuantity": "1.0",
      "quantityPrice": 10.17,
      "quantityPriceQuantity": "3.0",
      "measurementUnitPrice": 29.42,
      "measurementUnitQuantityPrice": 28.25,
      "measurementUnit": "K",
      "isRedPrice": false,
      "pricePerUOM": 29.42,
      "activationDate": "14-03-2024",
      "recordSource": "Offline",
      "isPromoActive": "N",
      "priceChangeCode": "E",
      "quantityPricePerUOM": 28.25,
      "quantityActivationDate": "14-03-2024",
      "quantityPriceChangeCode": "E"
    },
    "isAvailable": true,
    "isPriceAvailable": true,
    "inPromo": false,
    "gtin": [
      "05410341972648",
      "05410341972747"
    ],
    "topCategoryName": "Diepvries",
    "topCategoryId": "129",
    "businessDomain": "RETAIL_BE",
    "IsPrivateLabel": false,
    "IsBiffe": false,
    "WeightconversionFactor": "0",
    "IsWeightArticle": false,
    "nutriscoreLabel": "D",
    "IsBio": false,
    "CountryOfOrigin": "NEDERLAND",
    "IsExclusivelySoldInLuxembourg": false,
    "OrderUnit": "P",
    "ShortName": "MORA LOEMP APER18ST",
    "IsNew": false,
    "EcoscoreLabel": "C",
    "RecentQuanityOfStockUnits": "1",
    "LongName": "MORA mini loempia's apéro 18st 360g",
    "AlcoholVolume": "0",
    "FicCode": "E",
    "EcoscoreValue": "52"
  },
  {
    "productId": "12326",
    "technicalArticleNumber": "1244641",
    "commercialArticleNumber": "30511",
    "name": "After Dinner Classic 10st",
    "description": "*Roomijs\n*Vanillesmaak\n*Krokante chocolat\n*Bevroren sticks\n*Dessert",
    "brand": "MAGNUM",
    "seoBrand": "Ola",
    "thumbNail": "https://static.colruytgroup.com/images/200x200/std.lang.all/55/74/asset-3215574.jpg",
    "fullImage": "https://static.colruytgroup.com/images/500x500/std.lang.all/55/74/asset-3215574.jpg",
    "squareImage": "https://static.colruytgroup.com/images/500x500sq/std.lang.all/55/74/asset-3215574.jpg",
    "content": "350ml",
    "walkRouteSequenceNumber": 17414,
    "price": {
      "basicPrice": 6.99,
      "recommendedQuantity": "1.0",
      "quantityPrice": 6.43,
      "quantityPriceQuantity": "3.0",
      "measurementUnitPrice": 19.98,
      "measurementUnitQuantityPrice": 18.38,
      "measurementUnit": "L",
      "isRedPrice": false,
      "pricePerUOM": 19.98,
      "activationDate": "02-03-2024",
      "recordSource": "Offline",
      "isPromoActive": "N",
      "priceChangeCode": "L",
      "quantityPricePerUOM": 18.38,
      "quantityActivationDate": "02-03-2024",
      "quantityPriceChangeCode": "L"
    },
    "isAvailable": true,
    "isPriceAvailable": true,
    "inPromo": false,
    "gtin": [
      "08000920576571",
      "08000920576502"
    ],
    "topCategoryName": "Diepvries",
    "topCategoryId": "129",
    "businessDomain": "RETAIL_BE",
    "IsPrivateLabel": false,
    "IsBiffe": false,
    "WeightconversionFactor": "0",
    "IsWeightArticle": false,
    "nutriscoreLabel": "E",
    "IsBio": false,
    "CountryOfOrigin": "NEDERLAND",
    "IsExclusivelySoldInLuxembourg": false,
    "OrderUnit": "P",
    "ShortName": "MAGNUM AFTER DINNER 10S",
    "InSeason": true,
    "IsNew": false,
    "EcoscoreLabel": "B",
    "RecentQuanityOfStockUnits": "1",
    "LongName": "MAGNUM After Dinner Classic 10st 350ml",
    "AlcoholVolume": "0",
    "StartSeasonDate": "21/01/2008",
    "FicCode": "E",
    "EcoscoreValue": "67"
  },
  {
    "productId": "259429",
    "technicalArticleNumber": "3585224",
    "commercialArticleNumber": "31065",
    "name": "roomijs chocolade",
    "description": "*Chocoladeroomijs",
    "brand": "IJSBOERKE",
    "seoBrand": "Ijsboerke",
    "thumbNail": "https://static.colruytgroup.com/images/200x200/std.lang.all/49/60/asset-1174960.jpg",
    "fullImage": "https://static.colruytgroup.com/images/500x500/std.lang.all/49/60/asset-1174960.jpg",
    "squareImage": "https://static.colruytgroup.com/images/500x500sq/std.lang.all/49/60/asset-1174960.jpg",
    "content": "1,5L",
    "walkRouteSequenceNumber": 17185,
    "price": {
      "basicPrice": 9.05,
      "recommendedQuantity": "1.0",
      "quantityPrice": 8.33,
      "quantityPriceQuantity": "3.0",
      "measurementUnitPrice": 6.04,
      "measurementUnitQuantityPrice": 5.56,
      "measurementUnit": "L",
      "isRedPrice": false,
      "pricePerUOM": 6.04,
      "activationDate": "13-03-2024",
      "isPromoActive": "Y",
      "priceChangeCode": "E",
      "quantityPricePerUOM": 5.56,
      "quantityActivationDate": "13-03-2024",
      "quantityPriceChangeCode": "E"
    },
    "isAvailable": true,
    "isPriceAvailable": true,
    "inPromo": true,
    "promotion": [
      {
        "techPromoId": "100895COLR",
        "promotionId": "100895",
        "promotionType": "3",
        "isPersonalized": "N",
        "publicationStartDate": "13-03-2024",
        "publicationEndDate": "26-03-2024"
      }
    ],
    "gtin": [
      "05412121046839",
      "05412121046785"
    ],
    "topCategoryName": "Diepvries",
    "topCategoryId": "129",
    "businessDomain": "RETAIL_BE",
    "IsPrivateLabel": false,
    "IsBiffe": false,
    "WeightconversionFactor": "0",
    "IsWeightArticle": false,
    "nutriscoreLabel": "D",
    "IsBio": false,
    "CountryOfOrigin": "BELGIË",
    "IsExclusivelySoldInLuxembourg": false,
    "OrderUnit": "P",
    "ShortName": "IJSBOERKE CHOCOLAT 1L5",
    "IsNew": false,
    "EcoscoreLabel": "A",
    "RecentQuanityOfStockUnits": "1",
    "LongName": "IJSBOERKE roomijs chocolade 1,5L",
    "AlcoholVolume": "0",
    "FicCode": "E",
    "EcoscoreValue": "99"
  },
  {
    "productId": "487718",
    "technicalArticleNumber": "4040276",
    "commercialArticleNumber": "5948",
    "name": "Ministicks salted caramel",
    "description": "*Ijs op stokje\n*Karamelroomijs met\ngezouten boter",
    "brand": "BONI",
    "seoBrand": "Boni Selection",
    "thumbNail": "https://static.colruytgroup.com/images/200x200/std.lang.all/14/97/asset-2521497.jpg",
    "fullImage": "https://static.colruytgroup.com/images/500x500/std.lang.all/14/97/asset-2521497.jpg",
    "squareImage": "https://static.colruytgroup.com/images/500x500sq/std.lang.all/14/97/asset-2521497.jpg",
    "content": "8x50ml",
    "walkRouteSequenceNumber": 17264,
    "price": {
      "basicPrice": 3.5,
      "recommendedQuantity": "1.0",
      "quantityPrice": 3.22,
      "quantityPriceQuantity": "3.0",
      "measurementUnitPrice": 8.75,
      "measurementUnitQuantityPrice": 8.05,
      "measurementUnit": "L",
      "isRedPrice": false,
      "pricePerUOM": 8.75,
      "activationDate": "20-03-2024",
      "recordSource": "Online",
      "isPromoActive": "N",
      "priceChangeCode": "E",
      "quantityPricePerUOM": 8.05,
      "quantityActivationDate": "20-03-2024",
      "quantityPriceChangeCode": "E"
    },
    "isAvailable": true,
    "isPriceAvailable": true,
    "inPromo": false,
    "gtin": [
      "05400141248098",
      "15400141248095"
    ],
    "topCategoryName": "Diepvries",
    "topCategoryId": "129",
    "businessDomain": "RETAIL_BE",
    "IsPrivateLabel": true,
    "IsBiffe": false,
    "WeightconversionFactor": "0",
    "IsWeightArticle": false,
    "nutriscoreLabel": "E",
    "IsBio": false,
    "CountryOfOrigin": "BELGIË",
    "IsExclusivelySoldInLuxembourg": false,
    "OrderUnit": "P",
    "ShortName": "BONI MIN.ST.SAL.CA 8X50",
    "IsNew": false,
    "EcoscoreLabel": "A",
    "RecentQuanityOfStockUnits": "1",
    "LongName": "BONI Ministicks salted caramel 8x50ml",
    "FicCode": "I",
    "EcoscoreValue": "100"
  },
  {
    "productId": "877691",
    "technicalArticleNumber": "4733662",
    "commercialArticleNumber": "12080",
    "name": "groentenfrietjes",
    "brand": "BONI",
    "seoBrand": "Boni Selection",
    "thumbNail": "https://static.colruytgroup.com/images/200x200/std.lang.all/97/65/asset-3269765.jpg",
    "fullImage": "https://static.colruytgroup.com/images/500x500/std.lang.all/97/65/asset-3269765.jpg",
    "squareImage": "https://static.colruytgroup.com/images/500x500sq/std.lang.all/97/65/asset-3269765.jpg",
    "content": "450g",
    "walkRouteSequenceNumber": 16405,
    "price": {
      "basicPrice": 2.95,
      "recommendedQuantity": "1.0",
      "measurementUnitPrice": 6.56,
      "measurementUnit": "K",
      "isRedPrice": false,
      "pricePerUOM": 6.56,
      "activationDate": "09-11-2023",
      "isPromoActive": "N",
      "priceChangeCode": "E"
    },
    "isAvailable": true,
    "isPriceAvailable": true,
    "inPromo": false,
    "gtin": [
      "15400141681809",
      "05400141681802"
    ],
    "topCategoryName": "Diepvries",
    "topCategoryId": "129",
    "businessDomain": "RETAIL_BE",
    "IsPrivateLabel": true,
    "IsBiffe": false,
    "WeightconversionFactor": "0",
    "IsWeightArticle": false,
    "nutriscoreLabel": "A",
    "IsBio": false,
    "CountryOfOrigin": "EUROPA",
    "IsExclusivelySoldInLuxembourg": false,
    "OrderUnit": "P",
    "ShortName": "BONI GROENTENFRIET 450G",
    "IsNew": false,
    "EcoscoreLabel": "B",
    "RecentQuanityOfStockUnits": "1",
    "LongName": "BONI groentenfrietjes 450g",
    "FicCode": "I",
    "EcoscoreValue": "63"
  },
  {
    "productId": "863662",
    "technicalArticleNumber": "4715218",
    "commercialArticleNumber": "31939",
    "name": "rundsvleeskroket",
    "brand": "BECKERS",
    "seoBrand": "Beckers",
    "thumbNail": "https://static.colruytgroup.com/images/200x200/std.lang.all/45/55/asset-3334555.jpg",
    "fullImage": "https://static.colruytgroup.com/images/500x500/std.lang.all/45/55/asset-3334555.jpg",
    "squareImage": "https://static.colruytgroup.com/images/500x500sq/std.lang.all/45/55/asset-3334555.jpg",
    "content": "4x70g",
    "walkRouteSequenceNumber": 17567,
    "price": {
      "basicPrice": 3.33,
      "recommendedQuantity": "1.0",
      "quantityPrice": 3.2,
      "quantityPriceQuantity": "3.0",
      "measurementUnitPrice": 11.9,
      "measurementUnitQuantityPrice": 11.43,
      "measurementUnit": "K",
      "isRedPrice": false,
      "pricePerUOM": 11.9,
      "activationDate": "09-12-2023",
      "isPromoActive": "N",
      "priceChangeCode": "L",
      "quantityPricePerUOM": 11.43,
      "quantityActivationDate": "09-12-2023",
      "quantityPriceChangeCode": "L"
    },
    "isAvailable": true,
    "isPriceAvailable": true,
    "inPromo": false,
    "gtin": [
      "08710555676057"
    ],
    "topCategoryName": "Diepvries",
    "topCategoryId": "129",
    "businessDomain": "RETAIL_BE",
    "IsPrivateLabel": false,
    "IsBiffe": false,
    "WeightconversionFactor": "0",
    "IsWeightArticle": false,
    "nutriscoreLabel": "C",
    "IsBio": false,
    "CountryOfOrigin": "NEDERLAND",
    "IsExclusivelySoldInLuxembourg": false,
    "OrderUnit": "P",
    "ShortName": "BECK RUNDVL.KROKET4X70G",
    "IsNew": false,
    "EcoscoreLabel": "E",
    "RecentQuanityOfStockUnits": "1",
    "LongName": "BECKERS rundsvleeskroket 4x70g",
    "FicCode": "E",
    "EcoscoreValue": "0"
  },
  {
    "productId": "345319",
    "technicalArticleNumber": "3832841",
    "commercialArticleNumber": "20983",
    "name": "gepaneerde kabeljauwfilets 4st",
    "description": "*4 gepaneerde kabel-\njauwfilets 400g,\ndiepgevroren",
    "brand": "IGLO",
    "seoBrand": "Iglo",
    "thumbNail": "https://static.colruytgroup.com/images/200x200/std.lang.all/10/34/asset-1891034.jpg",
    "fullImage": "https://static.colruytgroup.com/images/500x500/std.lang.all/10/34/asset-1891034.jpg",
    "squareImage": "https://static.colruytgroup.com/images/500x500sq/std.lang.all/10/34/asset-1891034.jpg",
    "content": "400g",
    "walkRouteSequenceNumber": 16906,
    "price": {
      "basicPrice": 9.89,
      "recommendedQuantity": "1.0",
      "quantityPrice": 9.49,
      "quantityPriceQuantity": "3.0",
      "measurementUnitPrice": 24.73,
      "measurementUnitQuantityPrice": 23.73,
      "measurementUnit": "K",
      "isRedPrice": false,
      "pricePerUOM": 24.73,
      "activationDate": "20-03-2024",
      "recordSource": "Offline",
      "isPromoActive": "N",
      "priceChangeCode": "L",
      "quantityPricePerUOM": 23.73,
      "quantityActivationDate": "20-03-2024",
      "quantityPriceChangeCode": "L"
    },
    "isAvailable": true,
    "isPriceAvailable": true,
    "inPromo": false,
    "gtin": [
      "05414807005697",
      "05414807604784"
    ],
    "topCategoryName": "Diepvries",
    "topCategoryId": "129",
    "businessDomain": "RETAIL_BE",
    "IsPrivateLabel": false,
    "IsBiffe": false,
    "WeightconversionFactor": "0",
    "IsWeightArticle": false,
    "nutriscoreLabel": "A",
    "IsBio": false,
    "CountryOfOrigin": "FRANKRIJK",
    "IsExclusivelySoldInLuxembourg": false,
    "OrderUnit": "P",
    "ShortName": "IGLO GEPAN.KABELJ400",
    "IsNew": false,
    "RecentQuanityOfStockUnits": "1",
    "LongName": "IGLO gepaneerde kabeljauwfilets 4st 400g",
    "AlcoholVolume": "0",
    "FicCode": "E"
  },
  {
    "productId": "186816",
    "technicalArticleNumber": "3464774",
    "commercialArticleNumber": "30735",
    "name": "pecannotenkoek",
    "description": "*Voorgerezen\n*Diepgevroren\nbladerdeeggebak met\nnoten",
    "brand": "BONI",
    "seoBrand": "Boni Selection",
    "thumbNail": "https://static.colruytgroup.com/images/200x200/std.lang.all/28/42/asset-2522842.jpg",
    "fullImage": "https://static.colruytgroup.com/images/500x500/std.lang.all/28/42/asset-2522842.jpg",
    "squareImage": "https://static.colruytgroup.com/images/500x500sq/std.lang.all/28/42/asset-2522842.jpg",
    "content": "6st",
    "walkRouteSequenceNumber": 17927,
    "price": {
      "basicPrice": 9.49,
      "recommendedQuantity": "1.0",
      "quantityPrice": 8.73,
      "quantityPriceQuantity": "3.0",
      "measurementUnitPrice": 16.65,
      "measurementUnitQuantityPrice": 15.32,
      "measurementUnit": "K",
      "isRedPrice": false,
      "pricePerUOM": 16.65,
      "activationDate": "17-05-2023",
      "isPromoActive": "N",
      "priceChangeCode": "E",
      "quantityPricePerUOM": 15.32,
      "quantityActivationDate": "17-05-2023",
      "quantityPriceChangeCode": "E"
    },
    "isAvailable": true,
    "isPriceAvailable": true,
    "inPromo": false,
    "gtin": [
      "05400141387148",
      "15400141387145",
      "05400141378801",
      "05404013701650",
      "15400141820758"
    ],
    "topCategoryName": "Diepvries",
    "topCategoryId": "129",
    "businessDomain": "RETAIL_BE",
    "IsPrivateLabel": true,
    "IsBiffe": false,
    "WeightconversionFactor": "0",
    "IsWeightArticle": false,
    "nutriscoreLabel": "D",
    "IsBio": false,
    "CountryOfOrigin": "NEDERLAND",
    "IsExclusivelySoldInLuxembourg": false,
    "OrderUnit": "P",
    "ShortName": "BONI PECANNOTENKOEK 6ST",
    "IsNew": false,
    "EcoscoreLabel": "C",
    "RecentQuanityOfStockUnits": "1",
    "LongName": "BONI pecannotenkoek 6st",
    "AlcoholVolume": "0",
    "FicCode": "I",
    "EcoscoreValue": "59"
  },
  {
    "productId": "3737",
    "technicalArticleNumber": "1103287",
    "commercialArticleNumber": "30046",
    "name": "ui fijngesneden",
    "description": "*Fijngesneden uien",
    "brand": "BONI",
    "seoBrand": "Boni Selection",
    "thumbNail": "https://static.colruytgroup.com/images/200x200/std.lang.all/88/98/asset-3448898.jpg",
    "fullImage": "https://static.colruytgroup.com/images/500x500/std.lang.all/88/98/asset-3448898.jpg",
    "squareImage": "https://static.colruytgroup.com/images/500x500sq/std.lang.all/88/98/asset-3448898.jpg",
    "content": "250g",
    "walkRouteSequenceNumber": 17106,
    "price": {
      "basicPrice": 1.91,
      "recommendedQuantity": "1.0",
      "quantityPrice": 1.27,
      "quantityPriceQuantity": "2.0",
      "measurementUnitPrice": 7.64,
      "measurementUnitQuantityPrice": 5.08,
      "measurementUnit": "K",
      "isRedPrice": false,
      "pricePerUOM": 7.64,
      "activationDate": "20-03-2024",
      "recordSource": "Offline",
      "isPromoActive": "N",
      "priceChangeCode": "E",
      "quantityPricePerUOM": 5.08,
      "quantityActivationDate": "20-03-2024",
      "quantityPriceChangeCode": "L"
    },
    "isAvailable": true,
    "isPriceAvailable": true,
    "inPromo": false,
    "gtin": [
      "05400141805871",
      "15400141805878",
      "15400141931256",
      "15400141273028",
      "05400141500462",
      "05400141273021",
      "05400141146721"
    ],
    "topCategoryName": "Diepvries",
    "topCategoryId": "129",
    "businessDomain": "RETAIL_BE",
    "IsPrivateLabel": true,
    "IsBiffe": false,
    "WeightconversionFactor": "0",
    "IsWeightArticle": false,
    "nutriscoreLabel": "A",
    "IsBio": false,
    "CountryOfOrigin": "BELGIË",
    "IsExclusivelySoldInLuxembourg": false,
    "OrderUnit": "P",
    "ShortName": "BONI FIJNGESNE UIEN250G",
    "IsNew": false,
    "EcoscoreLabel": "A",
    "RecentQuanityOfStockUnits": "1",
    "LongName": "BONI ui fijngesneden 250g",
    "AlcoholVolume": "0",
    "FicCode": "I",
    "EcoscoreValue": "99"
  },
  {
    "productId": "859392",
    "technicalArticleNumber": "4709969",
    "commercialArticleNumber": "2649",
    "name": "Stick Mx Milk Choco & Pink",
    "description": "*3 omhuld met roze\ngekleurde witte\nchocolade\n*3 omhuld met melk\nchocolade",
    "brand": "JACQUES",
    "seoBrand": "Jacques",
    "thumbNail": "https://static.colruytgroup.com/images/200x200/nl_be/48/21/asset-3194821.jpg",
    "fullImage": "https://static.colruytgroup.com/images/500x500/nl_be/48/21/asset-3194821.jpg",
    "squareImage": "https://static.colruytgroup.com/images/500x500sq/nl_be/48/21/asset-3194821.jpg",
    "content": "234g",
    "walkRouteSequenceNumber": 17285,
    "price": {
      "basicPrice": 2.99,
      "recommendedQuantity": "1.0",
      "quantityPrice": 2.87,
      "quantityPriceQuantity": "3.0",
      "measurementUnitPrice": 12.78,
      "measurementUnitQuantityPrice": 12.27,
      "measurementUnit": "K",
      "isRedPrice": false,
      "pricePerUOM": 12.78,
      "activationDate": "12-07-2023",
      "isPromoActive": "N",
      "priceChangeCode": "E",
      "quantityPricePerUOM": 12.27,
      "quantityActivationDate": "12-07-2023",
      "quantityPriceChangeCode": "E"
    },
    "isAvailable": true,
    "isPriceAvailable": true,
    "inPromo": false,
    "gtin": [
      "05413556071151"
    ],
    "topCategoryName": "Diepvries",
    "topCategoryId": "129",
    "businessDomain": "RETAIL_BE",
    "IsPrivateLabel": false,
    "IsBiffe": false,
    "WeightconversionFactor": "0",
    "IsWeightArticle": false,
    "IsBio": false,
    "CountryOfOrigin": "SLOVENIË",
    "IsExclusivelySoldInLuxembourg": false,
    "OrderUnit": "P",
    "ShortName": "JACQ DONUTST.CH&PIN6X55",
    "IsNew": false,
    "RecentQuanityOfStockUnits": "1",
    "LongName": "JACQUES Stick Mx Milk Choco & Pink 234g",
    "FicCode": "E"
  },
  {
    "productId": "95897",
    "technicalArticleNumber": "2804089",
    "commercialArticleNumber": "15779",
    "name": "waaiers",
    "description": "Waaiers van wafeldeeg. Lekker bij\nijsdesserten. 5 vershoudzakjes. 60\nstuks.",
    "brand": "BONI",
    "seoBrand": "Boni Selection",
    "thumbNail": "https://static.colruytgroup.com/images/200x200/std.lang.all/53/13/asset-1465313.jpg",
    "fullImage": "https://static.colruytgroup.com/images/500x500/std.lang.all/53/13/asset-1465313.jpg",
    "squareImage": "https://static.colruytgroup.com/images/500x500sq/std.lang.all/53/13/asset-1465313.jpg",
    "content": "295g",
    "walkRouteSequenceNumber": 17137,
    "price": {
      "basicPrice": 6.99,
      "recommendedQuantity": "1.0",
      "measurementUnitPrice": 23.7,
      "measurementUnit": "K",
      "isRedPrice": false,
      "pricePerUOM": 23.7,
      "activationDate": "10-11-2023",
      "recordSource": "Offline",
      "isPromoActive": "N",
      "priceChangeCode": "E"
    },
    "isAvailable": true,
    "isPriceAvailable": true,
    "inPromo": false,
    "gtin": [
      "15400141976110",
      "05400141402995",
      "05400141024432",
      "05400141276756",
      "15400141276753"
    ],
    "topCategoryName": "Diepvries",
    "topCategoryId": "129",
    "businessDomain": "RETAIL_BE",
    "IsPrivateLabel": true,
    "IsBiffe": false,
    "WeightconversionFactor": "0",
    "IsWeightArticle": false,
    "nutriscoreLabel": "E",
    "IsBio": false,
    "CountryOfOrigin": "BELGIË",
    "IsExclusivelySoldInLuxembourg": false,
    "OrderUnit": "P",
    "ShortName": "BONI WAAIERS 60 STUKS",
    "IsNew": false,
    "EcoscoreLabel": "A",
    "RecentQuanityOfStockUnits": "1",
    "LongName": "BONI waaiers 295g",
    "AlcoholVolume": "0",
    "FicCode": "I",
    "EcoscoreValue": "82"
  },
  {
    "productId": "981131",
    "technicalArticleNumber": "4778232",
    "commercialArticleNumber": "9385",
    "name": "Groene Selderblokjes",
    "description": "*Blokjes",
    "brand": "PASFROST",
    "seoBrand": "Pasfrost",
    "thumbNail": "https://static.colruytgroup.com/images/200x200/std.lang.all/15/97/asset-3391597.jpg",
    "fullImage": "https://static.colruytgroup.com/images/500x500/std.lang.all/15/97/asset-3391597.jpg",
    "squareImage": "https://static.colruytgroup.com/images/500x500sq/std.lang.all/15/97/asset-3391597.jpg",
    "content": "1kg",
    "walkRouteSequenceNumber": 17091,
    "price": {
      "basicPrice": 1.99,
      "recommendedQuantity": "1.0",
      "measurementUnitPrice": 1.99,
      "measurementUnit": "K",
      "isRedPrice": false,
      "pricePerUOM": 1.99,
      "activationDate": "01-03-2024",
      "isPromoActive": "N",
      "priceChangeCode": "H"
    },
    "isAvailable": true,
    "isPriceAvailable": true,
    "inPromo": false,
    "gtin": [
      "05411963021936"
    ],
    "topCategoryName": "Diepvries",
    "topCategoryId": "129",
    "businessDomain": "RETAIL_BE",
    "IsPrivateLabel": false,
    "IsBiffe": false,
    "WeightconversionFactor": "0",
    "IsWeightArticle": false,
    "IsBio": false,
    "CountryOfOrigin": "BELGIË",
    "IsExclusivelySoldInLuxembourg": false,
    "OrderUnit": "P",
    "ShortName": "PASF GR.SELDER BLOK.1KG",
    "IsNew": false,
    "RecentQuanityOfStockUnits": "1",
    "LongName": "PASFROST Groene Selderblokjes 1kg",
    "AlcoholVolume": "0",
    "FicCode": "E"
  },
  {
    "productId": "869992",
    "technicalArticleNumber": "4723491",
    "commercialArticleNumber": "21082",
    "name": "tonijnsteak graatloos MSC",
    "description": "*Wild, zuid-\nwestelijk deel van\nPacifische oceaan\n*met label MSC\n*4-6 stuks",
    "brand": "BONI",
    "seoBrand": "Boni Selection",
    "thumbNail": "https://static.colruytgroup.com/images/200x200/std.lang.all/96/09/asset-3309609.jpg",
    "fullImage": "https://static.colruytgroup.com/images/500x500/std.lang.all/96/09/asset-3309609.jpg",
    "squareImage": "https://static.colruytgroup.com/images/500x500sq/std.lang.all/96/09/asset-3309609.jpg",
    "content": "1kg",
    "walkRouteSequenceNumber": 16857,
    "price": {
      "basicPrice": 16.06,
      "recommendedQuantity": "1.0",
      "measurementUnitPrice": 16.06,
      "measurementUnit": "K",
      "isRedPrice": false,
      "pricePerUOM": 16.06,
      "activationDate": "21-03-2024",
      "recordSource": "Folder",
      "isPromoActive": "N",
      "priceChangeCode": "L"
    },
    "isAvailable": true,
    "isPriceAvailable": true,
    "inPromo": false,
    "gtin": [
      "15400141710127",
      "05400141710120"
    ],
    "topCategoryName": "Diepvries",
    "topCategoryId": "129",
    "businessDomain": "RETAIL_BE",
    "IsPrivateLabel": true,
    "IsBiffe": false,
    "WeightconversionFactor": "0",
    "IsWeightArticle": false,
    "nutriscoreLabel": "A",
    "IsBio": false,
    "CountryOfOrigin": "FIJI",
    "IsExclusivelySoldInLuxembourg": false,
    "OrderUnit": "P",
    "ShortName": "BONI TONIJNSTEAK 1KG",
    "IsNew": false,
    "EcoscoreLabel": "D",
    "RecentQuanityOfStockUnits": "1",
    "LongName": "BONI tonijnsteak graatloos MSC 1kg",
    "AlcoholVolume": "0",
    "FicCode": "I",
    "EcoscoreValue": "31"
  },
  {
    "productId": "81935",
    "technicalArticleNumber": "2949863",
    "commercialArticleNumber": "15986",
    "name": "vispannetjes langoustine saus",
    "description": "*Vispannetje met\nkabeljauw, koolvis,\nnoorsekreeft en\nsint-jacobsschelpen\nin lagoustine saus",
    "brand": "BONI",
    "seoBrand": "Boni Selection",
    "thumbNail": "https://static.colruytgroup.com/images/200x200/std.lang.all/42/05/asset-2354205.jpg",
    "fullImage": "https://static.colruytgroup.com/images/500x500/std.lang.all/42/05/asset-2354205.jpg",
    "squareImage": "https://static.colruytgroup.com/images/500x500sq/std.lang.all/42/05/asset-2354205.jpg",
    "content": "300g",
    "walkRouteSequenceNumber": 16571,
    "price": {
      "basicPrice": 4.99,
      "recommendedQuantity": "1.0",
      "measurementUnitPrice": 16.64,
      "measurementUnit": "K",
      "isRedPrice": false,
      "pricePerUOM": 16.64,
      "activationDate": "17-02-2024",
      "recordSource": "Offline",
      "isPromoActive": "N",
      "priceChangeCode": "E"
    },
    "isAvailable": true,
    "isPriceAvailable": true,
    "inPromo": false,
    "gtin": [
      "05400141695557",
      "25400141695551",
      "05400141208542",
      "05400141159868",
      "05400141271171",
      "15400141208549",
      "15400141271178",
      "05400141088281"
    ],
    "topCategoryName": "Diepvries",
    "topCategoryId": "129",
    "businessDomain": "RETAIL_BE",
    "IsPrivateLabel": true,
    "IsBiffe": false,
    "WeightconversionFactor": "0",
    "IsWeightArticle": false,
    "nutriscoreLabel": "C",
    "IsBio": false,
    "CountryOfOrigin": "BELGIË",
    "IsExclusivelySoldInLuxembourg": false,
    "OrderUnit": "P",
    "ShortName": "BONI VISPAN LANGOU300G",
    "IsNew": false,
    "EcoscoreLabel": "D",
    "RecentQuanityOfStockUnits": "1",
    "LongName": "BONI vispannetjes langoustine saus 300g",
    "AlcoholVolume": "0",
    "FicCode": "I",
    "EcoscoreValue": "31"
  },
  {
    "productId": "577176",
    "technicalArticleNumber": "4226773",
    "commercialArticleNumber": "3932",
    "name": "visgratin tomaat/mozarella MSC",
    "description": "*2 porties Alaska\npollak bedekt met\ntomatensaus en\nmozarella\n*MSC",
    "brand": "IGLO",
    "seoBrand": "Iglo",
    "thumbNail": "https://static.colruytgroup.com/images/200x200/std.lang.all/77/36/asset-2417736.jpg",
    "fullImage": "https://static.colruytgroup.com/images/500x500/std.lang.all/77/36/asset-2417736.jpg",
    "squareImage": "https://static.colruytgroup.com/images/500x500sq/std.lang.all/77/36/asset-2417736.jpg",
    "content": "380g",
    "walkRouteSequenceNumber": 16569,
    "price": {
      "basicPrice": 5.99,
      "recommendedQuantity": "1.0",
      "quantityPrice": 2.99,
      "quantityPriceQuantity": "2.0",
      "measurementUnitPrice": 15.77,
      "measurementUnitQuantityPrice": 7.87,
      "measurementUnit": "K",
      "isRedPrice": false,
      "pricePerUOM": 15.77,
      "activationDate": "23-03-2024",
      "recordSource": "Offline",
      "isPromoActive": "N",
      "priceChangeCode": "E",
      "quantityPricePerUOM": 7.87,
      "quantityActivationDate": "23-03-2024",
      "quantityPriceChangeCode": "E"
    },
    "isAvailable": true,
    "isPriceAvailable": true,
    "inPromo": false,
    "gtin": [
      "05414807006670",
      "05414807605767"
    ],
    "topCategoryName": "Diepvries",
    "topCategoryId": "129",
    "businessDomain": "RETAIL_BE",
    "IsPrivateLabel": false,
    "IsBiffe": false,
    "WeightconversionFactor": "0",
    "IsWeightArticle": false,
    "nutriscoreLabel": "A",
    "IsBio": false,
    "CountryOfOrigin": "DUITSLAND",
    "IsExclusivelySoldInLuxembourg": false,
    "OrderUnit": "P",
    "ShortName": "IGLO VISGRA.TOM/MOZ380G",
    "IsNew": false,
    "RecentQuanityOfStockUnits": "1",
    "LongName": "IGLO visgratin tomaat/mozarella MSC 380g",
    "FicCode": "E"
  },
  {
    "productId": "261268",
    "technicalArticleNumber": "3585232",
    "commercialArticleNumber": "31069",
    "name": "roomijs dame blanche",
    "description": "*Dame blanche\nroomijs",
    "brand": "IJSBOERKE",
    "seoBrand": "Ijsboerke",
    "thumbNail": "https://static.colruytgroup.com/images/200x200/std.lang.all/87/37/asset-1508737.jpg",
    "fullImage": "https://static.colruytgroup.com/images/500x500/std.lang.all/87/37/asset-1508737.jpg",
    "squareImage": "https://static.colruytgroup.com/images/500x500sq/std.lang.all/87/37/asset-1508737.jpg",
    "content": "1,5L",
    "walkRouteSequenceNumber": 17184,
    "price": {
      "basicPrice": 8.65,
      "recommendedQuantity": "1.0",
      "quantityPrice": 7.96,
      "quantityPriceQuantity": "3.0",
      "measurementUnitPrice": 5.77,
      "measurementUnitQuantityPrice": 5.31,
      "measurementUnit": "L",
      "isRedPrice": false,
      "pricePerUOM": 5.77,
      "activationDate": "18-03-2024",
      "recordSource": "Folder",
      "isPromoActive": "N",
      "priceChangeCode": "L",
      "quantityPricePerUOM": 5.31,
      "quantityActivationDate": "18-03-2024",
      "quantityPriceChangeCode": "L"
    },
    "isAvailable": true,
    "isPriceAvailable": true,
    "inPromo": true,
    "promotion": [
      {
        "techPromoId": "100895COLR",
        "promotionId": "100895",
        "promotionType": "3",
        "isPersonalized": "N",
        "publicationStartDate": "13-03-2024",
        "publicationEndDate": "26-03-2024"
      }
    ],
    "gtin": [
      "05412121046792",
      "05412121046846"
    ],
    "topCategoryName": "Diepvries",
    "topCategoryId": "129",
    "businessDomain": "RETAIL_BE",
    "IsPrivateLabel": false,
    "IsBiffe": false,
    "WeightconversionFactor": "0",
    "IsWeightArticle": false,
    "nutriscoreLabel": "D",
    "IsBio": false,
    "CountryOfOrigin": "BELGIË",
    "IsExclusivelySoldInLuxembourg": false,
    "OrderUnit": "P",
    "ShortName": "IJSBOERKE D BLANCHE 1L5",
    "IsNew": false,
    "EcoscoreLabel": "A",
    "RecentQuanityOfStockUnits": "1",
    "LongName": "IJSBOERKE roomijs dame blanche 1,5L",
    "AlcoholVolume": "0",
    "FicCode": "E",
    "EcoscoreValue": "90"
  },
  {
    "productId": "281258",
    "technicalArticleNumber": "3643979",
    "commercialArticleNumber": "17226",
    "name": "Black Tiger gamba jumbo ASC",
    "description": "*Aquacult.Viëtnam\n*Ongepeld, niet\nontdarmd, rauw\n*Tijgergarnalen\n*met label ASC",
    "brand": "BONI",
    "seoBrand": "Boni Selection",
    "thumbNail": "https://static.colruytgroup.com/images/200x200/std.lang.all/78/22/asset-2857822.jpg",
    "fullImage": "https://static.colruytgroup.com/images/500x500/std.lang.all/78/22/asset-2857822.jpg",
    "squareImage": "https://static.colruytgroup.com/images/500x500sq/std.lang.all/78/22/asset-2857822.jpg",
    "content": "500g",
    "walkRouteSequenceNumber": 16688,
    "price": {
      "basicPrice": 12.45,
      "recommendedQuantity": "1.0",
      "quantityPrice": 11.45,
      "quantityPriceQuantity": "3.0",
      "measurementUnitPrice": 24.9,
      "measurementUnitQuantityPrice": 22.9,
      "measurementUnit": "K",
      "isRedPrice": false,
      "pricePerUOM": 24.9,
      "activationDate": "27-02-2024",
      "isPromoActive": "N",
      "priceChangeCode": "H",
      "quantityPricePerUOM": 22.9,
      "quantityActivationDate": "27-02-2024",
      "quantityPriceChangeCode": "H"
    },
    "isAvailable": true,
    "isPriceAvailable": true,
    "inPromo": false,
    "gtin": [
      "05400141317329",
      "15400141354734",
      "15400141096993",
      "15400141066392",
      "05400141354737",
      "05400141096996",
      "05400141042801"
    ],
    "topCategoryName": "Diepvries",
    "topCategoryId": "129",
    "businessDomain": "RETAIL_BE",
    "IsPrivateLabel": true,
    "IsBiffe": false,
    "WeightconversionFactor": "0",
    "IsWeightArticle": false,
    "nutriscoreLabel": "A",
    "IsBio": false,
    "CountryOfOrigin": "BELGIË",
    "IsExclusivelySoldInLuxembourg": false,
    "OrderUnit": "P",
    "ShortName": "BONI TIJGERGAMB RAUW500",
    "IsNew": false,
    "EcoscoreLabel": "D",
    "RecentQuanityOfStockUnits": "1",
    "LongName": "BONI Black Tiger gamba jumbo ASC 500g",
    "AlcoholVolume": "0",
    "FicCode": "I",
    "EcoscoreValue": "31"
  },
  {
    "productId": "195684",
    "technicalArticleNumber": "3443377",
    "commercialArticleNumber": "30526",
    "name": "scampi klein 56-66 ASC",
    "description": "*Aquacultuur Viëtnam\n*met label ASC\n*Ontdarmd, gepeld,\nrauw, vannamei\n*Maat 51/60,56-66 st",
    "brand": "BONI",
    "seoBrand": "Boni Selection",
    "thumbNail": "https://static.colruytgroup.com/images/200x200/std.lang.all/55/25/asset-2005525.jpg",
    "fullImage": "https://static.colruytgroup.com/images/500x500/std.lang.all/55/25/asset-2005525.jpg",
    "squareImage": "https://static.colruytgroup.com/images/500x500sq/std.lang.all/55/25/asset-2005525.jpg",
    "content": "500g",
    "walkRouteSequenceNumber": 16654,
    "price": {
      "basicPrice": 13.75,
      "recommendedQuantity": "1.0",
      "quantityPrice": 10.4,
      "quantityPriceQuantity": "2.0",
      "measurementUnitPrice": 27.5,
      "measurementUnitQuantityPrice": 20.8,
      "measurementUnit": "K",
      "isRedPrice": false,
      "pricePerUOM": 27.5,
      "activationDate": "20-03-2024",
      "recordSource": "Offline",
      "isPromoActive": "N",
      "priceChangeCode": "E",
      "quantityPricePerUOM": 20.8,
      "quantityActivationDate": "20-03-2024",
      "quantityPriceChangeCode": "L"
    },
    "isAvailable": true,
    "isPriceAvailable": true,
    "inPromo": false,
    "gtin": [
      "15400141827511",
      "15400141249993",
      "05400141249996",
      "05400141059830",
      "05400141533361",
      "05400141334715",
      "05400141142457",
      "15400141533368",
      "15400141334712"
    ],
    "topCategoryName": "Diepvries",
    "topCategoryId": "129",
    "businessDomain": "RETAIL_BE",
    "IsPrivateLabel": true,
    "IsBiffe": false,
    "WeightconversionFactor": "0",
    "IsWeightArticle": false,
    "nutriscoreLabel": "A",
    "IsBio": false,
    "CountryOfOrigin": "VIETNAM",
    "IsExclusivelySoldInLuxembourg": false,
    "OrderUnit": "P",
    "ShortName": "BONI51/60GEP SCAM R.500",
    "IsNew": false,
    "EcoscoreLabel": "E",
    "RecentQuanityOfStockUnits": "1",
    "LongName": "BONI scampi klein 56-66 ASC 500g",
    "AlcoholVolume": "0",
    "FicCode": "I",
    "EcoscoreValue": "18"
  },
  {
    "productId": "783540",
    "technicalArticleNumber": "4581977",
    "commercialArticleNumber": "6558",
    "name": "ice cream",
    "description": "*Ijsreep mars",
    "brand": "MARS",
    "seoBrand": "Mars",
    "thumbNail": "https://static.colruytgroup.com/images/200x200/std.lang.all/56/18/asset-2775618.jpg",
    "fullImage": "https://static.colruytgroup.com/images/500x500/std.lang.all/56/18/asset-2775618.jpg",
    "squareImage": "https://static.colruytgroup.com/images/500x500sq/std.lang.all/56/18/asset-2775618.jpg",
    "content": "12st",
    "walkRouteSequenceNumber": 17309,
    "price": {
      "basicPrice": 9.98,
      "recommendedQuantity": "1.0",
      "measurementUnitPrice": 20.8,
      "measurementUnit": "K",
      "isRedPrice": false,
      "pricePerUOM": 20.8,
      "activationDate": "13-03-2024",
      "recordSource": "Offline",
      "isPromoActive": "N",
      "priceChangeCode": "H"
    },
    "isAvailable": true,
    "isPriceAvailable": true,
    "inPromo": false,
    "gtin": [
      "05000159541473",
      "05000159541466"
    ],
    "topCategoryName": "Diepvries",
    "topCategoryId": "129",
    "businessDomain": "RETAIL_BE",
    "IsPrivateLabel": false,
    "IsBiffe": false,
    "WeightconversionFactor": "0",
    "IsWeightArticle": false,
    "nutriscoreLabel": "D",
    "IsBio": false,
    "CountryOfOrigin": "FRANKRIJK",
    "IsExclusivelySoldInLuxembourg": false,
    "OrderUnit": "P",
    "ShortName": "MARS ICE CREAM 12ST",
    "IsNew": false,
    "RecentQuanityOfStockUnits": "1",
    "LongName": "MARS ice cream 12st",
    "FicCode": "E"
  },
  {
    "productId": "768557",
    "technicalArticleNumber": "4554306",
    "commercialArticleNumber": "19450",
    "name": "mini ravioli spinazi roomsaus",
    "description": "*1 portie pasta\ngevuld met\nricotta en spinazie,\nmet spinazieroomsaus\n*Diepvries",
    "brand": "IGLO",
    "seoBrand": "Iglo",
    "thumbNail": "https://static.colruytgroup.com/images/200x200/std.lang.all/68/14/asset-2796814.jpg",
    "fullImage": "https://static.colruytgroup.com/images/500x500/std.lang.all/68/14/asset-2796814.jpg",
    "squareImage": "https://static.colruytgroup.com/images/500x500sq/std.lang.all/68/14/asset-2796814.jpg",
    "content": "400g",
    "walkRouteSequenceNumber": 16580,
    "price": {
      "basicPrice": 3.99,
      "recommendedQuantity": "1.0",
      "quantityPrice": 3.83,
      "quantityPriceQuantity": "3.0",
      "measurementUnitPrice": 9.98,
      "measurementUnitQuantityPrice": 9.58,
      "measurementUnit": "K",
      "isRedPrice": false,
      "pricePerUOM": 9.98,
      "activationDate": "29-02-2024",
      "recordSource": "Offline",
      "isPromoActive": "N",
      "priceChangeCode": "E",
      "quantityPricePerUOM": 9.58,
      "quantityActivationDate": "29-02-2024",
      "quantityPriceChangeCode": "H"
    },
    "isAvailable": true,
    "isPriceAvailable": true,
    "inPromo": false,
    "gtin": [
      "05414807007424",
      "05414807606511"
    ],
    "topCategoryName": "Diepvries",
    "topCategoryId": "129",
    "businessDomain": "RETAIL_BE",
    "IsPrivateLabel": false,
    "IsBiffe": false,
    "WeightconversionFactor": "0",
    "IsWeightArticle": false,
    "nutriscoreLabel": "B",
    "IsBio": false,
    "CountryOfOrigin": "DUITSLAND",
    "IsExclusivelySoldInLuxembourg": false,
    "OrderUnit": "P",
    "ShortName": "IGLO MIN.RAVI.SPI.RO400",
    "IsNew": false,
    "RecentQuanityOfStockUnits": "1",
    "LongName": "IGLO mini ravioli spinazi roomsaus 400g",
    "FicCode": "E"
  },
  {
    "productId": "49988",
    "technicalArticleNumber": "2477110",
    "commercialArticleNumber": "39123",
    "name": "Budapest",
    "description": "*Mozzarella,\npepperoni-salami,\ntomaat\n*Oven",
    "brand": "WAGNER BIG CITY",
    "seoBrand": "Original Wagner Big City",
    "thumbNail": "https://static.colruytgroup.com/images/200x200/std.lang.all/27/59/asset-3262759.jpg",
    "fullImage": "https://static.colruytgroup.com/images/500x500/std.lang.all/27/59/asset-3262759.jpg",
    "squareImage": "https://static.colruytgroup.com/images/500x500sq/std.lang.all/27/59/asset-3262759.jpg",
    "content": "400g",
    "walkRouteSequenceNumber": 17971,
    "price": {
      "basicPrice": 4.69,
      "recommendedQuantity": "1.0",
      "quantityPrice": 4.31,
      "quantityPriceQuantity": "3.0",
      "measurementUnitPrice": 11.73,
      "measurementUnitQuantityPrice": 10.78,
      "measurementUnit": "K",
      "isRedPrice": false,
      "pricePerUOM": 11.73,
      "activationDate": "05-03-2024",
      "recordSource": "Offline",
      "isPromoActive": "N",
      "priceChangeCode": "E",
      "quantityPricePerUOM": 10.78,
      "quantityActivationDate": "05-03-2024",
      "quantityPriceChangeCode": "H"
    },
    "isAvailable": true,
    "isPriceAvailable": true,
    "inPromo": false,
    "gtin": [
      "07613035492752",
      "07613035492769"
    ],
    "topCategoryName": "Diepvries",
    "topCategoryId": "129",
    "businessDomain": "RETAIL_BE",
    "IsPrivateLabel": false,
    "IsBiffe": false,
    "WeightconversionFactor": "0",
    "IsWeightArticle": false,
    "nutriscoreLabel": "D",
    "IsBio": false,
    "CountryOfOrigin": "BELGIË",
    "IsExclusivelySoldInLuxembourg": false,
    "OrderUnit": "P",
    "ShortName": "WAGNER BIG PIZ.BU40",
    "IsNew": false,
    "RecentQuanityOfStockUnits": "1",
    "LongName": "WAGNER BIG CITY Budapest 400g",
    "AlcoholVolume": "0",
    "FicCode": "E"
  },
  {
    "productId": "119155",
    "technicalArticleNumber": "3048778",
    "commercialArticleNumber": "22539",
    "name": "sorbet passievrucht",
    "description": "*45 % fruit in eindproduct\n*Passievruchtsorbet",
    "brand": "BONI",
    "seoBrand": "Boni Selection",
    "thumbNail": "https://static.colruytgroup.com/images/200x200/std.lang.all/43/22/asset-2524322.jpg",
    "fullImage": "https://static.colruytgroup.com/images/500x500/std.lang.all/43/22/asset-2524322.jpg",
    "squareImage": "https://static.colruytgroup.com/images/500x500sq/std.lang.all/43/22/asset-2524322.jpg",
    "content": "1L",
    "walkRouteSequenceNumber": 17153,
    "price": {
      "basicPrice": 3.93,
      "recommendedQuantity": "1.0",
      "quantityPrice": 3.77,
      "quantityPriceQuantity": "3.0",
      "measurementUnitPrice": 3.93,
      "measurementUnitQuantityPrice": 3.77,
      "measurementUnit": "L",
      "isRedPrice": false,
      "pricePerUOM": 3.93,
      "activationDate": "17-02-2024",
      "isPromoActive": "N",
      "priceChangeCode": "E",
      "quantityPricePerUOM": 3.77,
      "quantityActivationDate": "17-02-2024",
      "quantityPriceChangeCode": "E"
    },
    "isAvailable": true,
    "isPriceAvailable": true,
    "inPromo": false,
    "gtin": [
      "15400141241355",
      "05400141241358",
      "05400141075809",
      "15400141478959",
      "05400141478952"
    ],
    "topCategoryName": "Diepvries",
    "topCategoryId": "129",
    "businessDomain": "RETAIL_BE",
    "IsPrivateLabel": true,
    "IsBiffe": false,
    "WeightconversionFactor": "0",
    "IsWeightArticle": false,
    "nutriscoreLabel": "C",
    "IsBio": false,
    "CountryOfOrigin": "BELGIË",
    "IsExclusivelySoldInLuxembourg": false,
    "OrderUnit": "P",
    "ShortName": "BONI SORBET PASSIEVR 1L",
    "IsNew": false,
    "EcoscoreLabel": "B",
    "RecentQuanityOfStockUnits": "1",
    "LongName": "BONI sorbet passievrucht 1L",
    "AlcoholVolume": "0",
    "FicCode": "I",
    "EcoscoreValue": "68"
  },
  {
    "productId": "196912",
    "technicalArticleNumber": "3443523",
    "commercialArticleNumber": "30532",
    "name": "Tiger scampi jumbo 8-14 ASC",
    "description": "*Rauw, easy peel\nontdarmd\n*Aquacultuur Vietnam\n*Maat 8/12, 9-14 st.\n*met label ASC",
    "brand": "BONI",
    "seoBrand": "Boni Selection",
    "thumbNail": "https://static.colruytgroup.com/images/200x200/std.lang.all/34/52/asset-1403452.jpg",
    "fullImage": "https://static.colruytgroup.com/images/500x500/std.lang.all/34/52/asset-1403452.jpg",
    "squareImage": "https://static.colruytgroup.com/images/500x500sq/std.lang.all/34/52/asset-1403452.jpg",
    "content": "500g",
    "walkRouteSequenceNumber": 16686,
    "price": {
      "basicPrice": 19.98,
      "recommendedQuantity": "1.0",
      "quantityPrice": 18.38,
      "quantityPriceQuantity": "3.0",
      "measurementUnitPrice": 39.96,
      "measurementUnitQuantityPrice": 36.76,
      "measurementUnit": "K",
      "isRedPrice": false,
      "pricePerUOM": 39.96,
      "activationDate": "13-03-2024",
      "recordSource": "Offline",
      "isPromoActive": "N",
      "priceChangeCode": "H",
      "quantityPricePerUOM": 36.76,
      "quantityActivationDate": "13-03-2024",
      "quantityPriceChangeCode": "E"
    },
    "isAvailable": true,
    "isPriceAvailable": true,
    "inPromo": false,
    "gtin": [
      "15400141341321",
      "05400141026467",
      "05400141696554",
      "15400141035824",
      "15400141026464",
      "05400141037807",
      "05400141035827",
      "05400141318296",
      "05400141793512",
      "05400141341324",
      "15400141793519",
      "15400141318293"
    ],
    "topCategoryName": "Diepvries",
    "topCategoryId": "129",
    "businessDomain": "RETAIL_BE",
    "IsPrivateLabel": true,
    "IsBiffe": false,
    "WeightconversionFactor": "0",
    "IsWeightArticle": false,
    "nutriscoreLabel": "A",
    "IsBio": false,
    "CountryOfOrigin": "VIETNAM",
    "IsExclusivelySoldInLuxembourg": false,
    "OrderUnit": "P",
    "ShortName": "BONI JUMB TIJGERSC 500G",
    "IsNew": false,
    "EcoscoreLabel": "D",
    "RecentQuanityOfStockUnits": "1,1",
    "LongName": "BONI Tiger scampi jumbo 8-14 ASC 500g",
    "AlcoholVolume": "0",
    "FicCode": "I",
    "EcoscoreValue": "23"
  },
  {
    "productId": "695050",
    "technicalArticleNumber": "4424125",
    "commercialArticleNumber": "25932",
    "name": "13 Fish Sticks à l Ancienne",
    "description": "*Alaska pollak\ngepaneerd,\nvoorgebakken.\n*Diepvries",
    "brand": "IGLO",
    "seoBrand": "Iglo",
    "thumbNail": "https://static.colruytgroup.com/images/200x200/std.lang.all/77/44/asset-2417744.jpg",
    "fullImage": "https://static.colruytgroup.com/images/500x500/std.lang.all/77/44/asset-2417744.jpg",
    "squareImage": "https://static.colruytgroup.com/images/500x500sq/std.lang.all/77/44/asset-2417744.jpg",
    "content": "364g",
    "walkRouteSequenceNumber": 16921,
    "price": {
      "basicPrice": 4.95,
      "recommendedQuantity": "1.0",
      "quantityPrice": 4.55,
      "quantityPriceQuantity": "3.0",
      "measurementUnitPrice": 13.6,
      "measurementUnitQuantityPrice": 12.5,
      "measurementUnit": "K",
      "isRedPrice": false,
      "pricePerUOM": 13.6,
      "activationDate": "15-02-2024",
      "recordSource": "Offline",
      "isPromoActive": "N",
      "priceChangeCode": "H",
      "quantityPricePerUOM": 12.5,
      "quantityActivationDate": "15-02-2024",
      "quantityPriceChangeCode": "H"
    },
    "isAvailable": true,
    "isPriceAvailable": true,
    "inPromo": false,
    "gtin": [
      "05414807007202",
      "05414807606290"
    ],
    "topCategoryName": "Diepvries",
    "topCategoryId": "129",
    "businessDomain": "RETAIL_BE",
    "IsPrivateLabel": false,
    "IsBiffe": false,
    "WeightconversionFactor": "0",
    "IsWeightArticle": false,
    "nutriscoreLabel": "B",
    "IsBio": false,
    "CountryOfOrigin": "DUITSLAND",
    "IsExclusivelySoldInLuxembourg": false,
    "OrderUnit": "P",
    "ShortName": "IGLO 13 FISH STICKS364G",
    "IsNew": false,
    "RecentQuanityOfStockUnits": "1",
    "LongName": "IGLO 13 Fish Sticks à l Ancienne 364g",
    "FicCode": "E"
  },
  {
    "productId": "267145",
    "technicalArticleNumber": "3641599",
    "commercialArticleNumber": "40359",
    "name": "roomijs yoghurt bosvruchten",
    "description": "*Yoghurtroomijs\n*4% bosvruchten",
    "brand": "BONI",
    "seoBrand": "Boni Selection",
    "thumbNail": "https://static.colruytgroup.com/images/200x200/std.lang.all/14/49/asset-2621449.jpg",
    "fullImage": "https://static.colruytgroup.com/images/500x500/std.lang.all/14/49/asset-2621449.jpg",
    "squareImage": "https://static.colruytgroup.com/images/500x500sq/std.lang.all/14/49/asset-2621449.jpg",
    "content": "900ml",
    "walkRouteSequenceNumber": 17164,
    "price": {
      "basicPrice": 2.99,
      "recommendedQuantity": "1.0",
      "measurementUnitPrice": 3.33,
      "measurementUnit": "L",
      "isRedPrice": false,
      "pricePerUOM": 3.33,
      "activationDate": "17-02-2024",
      "recordSource": "Offline",
      "isPromoActive": "N",
      "priceChangeCode": "E"
    },
    "isAvailable": true,
    "isPriceAvailable": true,
    "inPromo": false,
    "gtin": [
      "15400141235378",
      "15400141209744",
      "05400141209747",
      "05400141123593",
      "05400141235371",
      "05400141401004"
    ],
    "topCategoryName": "Diepvries",
    "topCategoryId": "129",
    "businessDomain": "RETAIL_BE",
    "IsPrivateLabel": true,
    "IsBiffe": false,
    "WeightconversionFactor": "0",
    "IsWeightArticle": false,
    "nutriscoreLabel": "D",
    "IsBio": false,
    "CountryOfOrigin": "BELGIË",
    "IsExclusivelySoldInLuxembourg": false,
    "OrderUnit": "P",
    "ShortName": "BONI BOSVR.YOG.IJS900ML",
    "IsNew": false,
    "EcoscoreLabel": "B",
    "RecentQuanityOfStockUnits": "1,6",
    "LongName": "BONI roomijs yoghurt bosvruchten 900ml",
    "AlcoholVolume": "0",
    "FicCode": "I",
    "EcoscoreValue": "72"
  },
  {
    "productId": "787931",
    "technicalArticleNumber": "4590663",
    "commercialArticleNumber": "24432",
    "name": "gepaneerde kabeljauw MSC",
    "description": "*MSC Kabeljauwportie\n*Gepaneerd en\nvoorgebakken",
    "brand": "BONI",
    "seoBrand": "Boni Selection",
    "thumbNail": "https://static.colruytgroup.com/images/200x200/std.lang.all/35/26/asset-2903526.jpg",
    "fullImage": "https://static.colruytgroup.com/images/500x500/std.lang.all/35/26/asset-2903526.jpg",
    "squareImage": "https://static.colruytgroup.com/images/500x500sq/std.lang.all/35/26/asset-2903526.jpg",
    "content": "4x100g",
    "walkRouteSequenceNumber": 16918,
    "price": {
      "basicPrice": 7.19,
      "recommendedQuantity": "1.0",
      "quantityPrice": 6.61,
      "quantityPriceQuantity": "3.0",
      "measurementUnitPrice": 17.98,
      "measurementUnitQuantityPrice": 16.53,
      "measurementUnit": "K",
      "isRedPrice": false,
      "pricePerUOM": 17.98,
      "activationDate": "04-01-2024",
      "recordSource": "Offline",
      "isPromoActive": "N",
      "priceChangeCode": "H",
      "quantityPricePerUOM": 16.53,
      "quantityActivationDate": "04-01-2024",
      "quantityPriceChangeCode": "E"
    },
    "isAvailable": true,
    "isPriceAvailable": true,
    "inPromo": false,
    "gtin": [
      "15400141618775",
      "05400141618778"
    ],
    "topCategoryName": "Diepvries",
    "topCategoryId": "129",
    "businessDomain": "RETAIL_BE",
    "IsPrivateLabel": true,
    "IsBiffe": false,
    "WeightconversionFactor": "0",
    "IsWeightArticle": false,
    "nutriscoreLabel": "B",
    "IsBio": false,
    "CountryOfOrigin": "BELGIË",
    "IsExclusivelySoldInLuxembourg": false,
    "OrderUnit": "P",
    "ShortName": "BONI GE.KABELJ.MSC4X100",
    "IsNew": false,
    "EcoscoreLabel": "E",
    "RecentQuanityOfStockUnits": "1",
    "LongName": "BONI gepaneerde kabeljauw MSC 4x100g",
    "FicCode": "I",
    "EcoscoreValue": "4"
  },
  {
    "productId": "345474",
    "technicalArticleNumber": "3827566",
    "commercialArticleNumber": "41322",
    "name": "gyros vegetarisch",
    "description": "*strips met pittige\nkruiding",
    "brand": "BONI",
    "seoBrand": "Boni Selection",
    "thumbNail": "https://static.colruytgroup.com/images/200x200/std.lang.all/79/69/asset-2107969.jpg",
    "fullImage": "https://static.colruytgroup.com/images/500x500/std.lang.all/79/69/asset-2107969.jpg",
    "squareImage": "https://static.colruytgroup.com/images/500x500sq/std.lang.all/79/69/asset-2107969.jpg",
    "content": "1kg",
    "walkRouteSequenceNumber": 16927,
    "price": {
      "basicPrice": 14.89,
      "recommendedQuantity": "1.0",
      "quantityPrice": 14.29,
      "quantityPriceQuantity": "3.0",
      "measurementUnitPrice": 14.89,
      "measurementUnitQuantityPrice": 14.29,
      "measurementUnit": "K",
      "isRedPrice": false,
      "pricePerUOM": 14.89,
      "activationDate": "27-12-2022",
      "isPromoActive": "N",
      "priceChangeCode": "E",
      "quantityPricePerUOM": 14.29,
      "quantityActivationDate": "27-12-2022",
      "quantityPriceChangeCode": "E"
    },
    "isAvailable": true,
    "isPriceAvailable": true,
    "inPromo": false,
    "gtin": [
      "05400141531190",
      "15400141531197",
      "05400141366860",
      "05400141208511",
      "15400141208518",
      "15400141366867"
    ],
    "topCategoryName": "Diepvries",
    "topCategoryId": "129",
    "businessDomain": "RETAIL_BE",
    "IsPrivateLabel": true,
    "IsBiffe": false,
    "WeightconversionFactor": "0",
    "IsWeightArticle": false,
    "nutriscoreLabel": "A",
    "IsBio": false,
    "CountryOfOrigin": "BELGIË",
    "IsExclusivelySoldInLuxembourg": false,
    "OrderUnit": "P",
    "ShortName": "BONI VEGGIE GYROS 1KG",
    "IsNew": false,
    "EcoscoreLabel": "B",
    "RecentQuanityOfStockUnits": "1,1",
    "LongName": "BONI gyros vegetarisch 1kg",
    "AlcoholVolume": "0",
    "FicCode": "I",
    "EcoscoreValue": "71"
  },
  {
    "productId": "667599",
    "technicalArticleNumber": "4377720",
    "commercialArticleNumber": "24261",
    "name": "pint roomijs cookie dough",
    "description": "*Vanille roomijs\nmet koekjesdeeg\nen chocolade",
    "brand": "BONI",
    "seoBrand": "Boni Selection",
    "thumbNail": "https://static.colruytgroup.com/images/200x200/std.lang.all/39/66/asset-2353966.jpg",
    "fullImage": "https://static.colruytgroup.com/images/500x500/std.lang.all/39/66/asset-2353966.jpg",
    "squareImage": "https://static.colruytgroup.com/images/500x500sq/std.lang.all/39/66/asset-2353966.jpg",
    "content": "500ml",
    "walkRouteSequenceNumber": 17469,
    "price": {
      "basicPrice": 3.39,
      "recommendedQuantity": "1.0",
      "quantityPrice": 3.12,
      "quantityPriceQuantity": "3.0",
      "measurementUnitPrice": 6.78,
      "measurementUnitQuantityPrice": 6.24,
      "measurementUnit": "L",
      "isRedPrice": false,
      "pricePerUOM": 6.78,
      "activationDate": "15-03-2024",
      "recordSource": "Offline",
      "isPromoActive": "N",
      "priceChangeCode": "L",
      "quantityPricePerUOM": 6.24,
      "quantityActivationDate": "15-03-2024",
      "quantityPriceChangeCode": "L"
    },
    "isAvailable": true,
    "isPriceAvailable": true,
    "inPromo": false,
    "gtin": [
      "15400141450047",
      "05400141450040"
    ],
    "topCategoryName": "Diepvries",
    "topCategoryId": "129",
    "businessDomain": "RETAIL_BE",
    "IsPrivateLabel": true,
    "IsBiffe": false,
    "WeightconversionFactor": "0",
    "IsWeightArticle": false,
    "nutriscoreLabel": "D",
    "IsBio": false,
    "CountryOfOrigin": "BELGIË",
    "IsExclusivelySoldInLuxembourg": false,
    "OrderUnit": "P",
    "ShortName": "BONI PINT COO.DOUG500ML",
    "IsNew": false,
    "EcoscoreLabel": "B",
    "RecentQuanityOfStockUnits": "1",
    "LongName": "BONI pint roomijs cookie dough 500ml",
    "FicCode": "I",
    "EcoscoreValue": "77"
  },
  {
    "productId": "244525",
    "technicalArticleNumber": "3533580",
    "commercialArticleNumber": "33353",
    "name": "keizerbroodjes lv gv 6st",
    "description": "*Glutenvrij\n*Lactosevrij",
    "brand": "SCHÄR",
    "seoBrand": "Schär",
    "thumbNail": "https://static.colruytgroup.com/images/200x200/std.lang.all/29/95/asset-2372995.jpg",
    "fullImage": "https://static.colruytgroup.com/images/500x500/std.lang.all/29/95/asset-2372995.jpg",
    "squareImage": "https://static.colruytgroup.com/images/500x500sq/std.lang.all/29/95/asset-2372995.jpg",
    "content": "350g",
    "walkRouteSequenceNumber": 17875,
    "price": {
      "basicPrice": 5.25,
      "recommendedQuantity": "1.0",
      "quantityPrice": 4.83,
      "quantityPriceQuantity": "3.0",
      "measurementUnitPrice": 15.09,
      "measurementUnitQuantityPrice": 13.88,
      "measurementUnit": "K",
      "isRedPrice": false,
      "pricePerUOM": 15.09,
      "activationDate": "22-03-2024",
      "recordSource": "Offline",
      "isPromoActive": "N",
      "priceChangeCode": "L",
      "quantityPricePerUOM": 13.88,
      "quantityActivationDate": "22-03-2024",
      "quantityPriceChangeCode": "L"
    },
    "isAvailable": true,
    "isPriceAvailable": true,
    "inPromo": false,
    "gtin": [
      "08008698006658",
      "08008698006665"
    ],
    "topCategoryName": "Diepvries",
    "topCategoryId": "129",
    "businessDomain": "RETAIL_BE",
    "IsPrivateLabel": false,
    "IsBiffe": false,
    "WeightconversionFactor": "0",
    "IsWeightArticle": false,
    "nutriscoreLabel": "C",
    "IsBio": false,
    "CountryOfOrigin": "ITALIË",
    "IsExclusivelySoldInLuxembourg": false,
    "OrderUnit": "P",
    "ShortName": "SCHAR GV KEIZERBR 6X58G",
    "IsNew": false,
    "EcoscoreLabel": "B",
    "RecentQuanityOfStockUnits": "1",
    "LongName": "SCHÄR keizerbroodjes lv gv 6st 350g",
    "AlcoholVolume": "0",
    "FicCode": "E",
    "EcoscoreValue": "68"
  },
  {
    "productId": "804560",
    "technicalArticleNumber": "4622045",
    "commercialArticleNumber": "16205",
    "name": "hondstongroll.wilde zalm",
    "description": "*Hondstongrolletjes\nmet wilde zalm",
    "brand": "SEACONCEPT",
    "seoBrand": "Seaconcept",
    "thumbNail": "https://static.colruytgroup.com/images/200x200/std.lang.all/58/62/asset-2865862.jpg",
    "fullImage": "https://static.colruytgroup.com/images/500x500/std.lang.all/58/62/asset-2865862.jpg",
    "squareImage": "https://static.colruytgroup.com/images/500x500sq/std.lang.all/58/62/asset-2865862.jpg",
    "content": "900g",
    "walkRouteSequenceNumber": 16768,
    "price": {
      "basicPrice": 14.35,
      "recommendedQuantity": "1.0",
      "measurementUnitPrice": 15.95,
      "measurementUnit": "K",
      "isRedPrice": false,
      "pricePerUOM": 15.95,
      "activationDate": "07-03-2024",
      "isPromoActive": "Y",
      "priceChangeCode": "L"
    },
    "isAvailable": true,
    "isPriceAvailable": true,
    "inPromo": true,
    "promotion": [
      {
        "techPromoId": "001191COLR",
        "promotionId": "001191",
        "promotionType": "3",
        "isPersonalized": "N",
        "publicationStartDate": "06-03-2024",
        "publicationEndDate": "31-03-2024"
      }
    ],
    "gtin": [
      "08714396502070"
    ],
    "topCategoryName": "Diepvries",
    "topCategoryId": "129",
    "businessDomain": "RETAIL_BE",
    "IsPrivateLabel": false,
    "IsBiffe": false,
    "WeightconversionFactor": "0",
    "IsWeightArticle": false,
    "IsBio": false,
    "CountryOfOrigin": "CANADA",
    "IsExclusivelySoldInLuxembourg": false,
    "OrderUnit": "P",
    "ShortName": "SEAC HONGT.WIL.ZALM900G",
    "IsNew": false,
    "RecentQuanityOfStockUnits": "1",
    "LongName": "SEACONCEPT hondstongroll.wilde zalm 900g",
    "FicCode": "E"
  },
  {
    "productId": "337760",
    "technicalArticleNumber": "3825848",
    "commercialArticleNumber": "21552",
    "name": "chocolade",
    "description": "*Ijshoorntje\n*Vanillesmaak\n*Krokante hoorn\n*Italiaans ijs\n*Dessert",
    "brand": "OLA CORNETTO",
    "seoBrand": "Ola Cornetto",
    "thumbNail": "https://static.colruytgroup.com/images/200x200/std.lang.all/84/15/asset-3438415.jpg",
    "fullImage": "https://static.colruytgroup.com/images/500x500/std.lang.all/84/15/asset-3438415.jpg",
    "squareImage": "https://static.colruytgroup.com/images/500x500sq/std.lang.all/84/15/asset-3438415.jpg",
    "content": "5x125ml",
    "walkRouteSequenceNumber": 17219,
    "price": {
      "basicPrice": 5.75,
      "recommendedQuantity": "1.0",
      "quantityPrice": 5.29,
      "quantityPriceQuantity": "3.0",
      "measurementUnitPrice": 9.2,
      "measurementUnitQuantityPrice": 8.47,
      "measurementUnit": "L",
      "isRedPrice": false,
      "pricePerUOM": 9.2,
      "activationDate": "20-03-2024",
      "recordSource": "Offline",
      "isPromoActive": "N",
      "priceChangeCode": "H",
      "quantityPricePerUOM": 8.47,
      "quantityActivationDate": "20-03-2024",
      "quantityPriceChangeCode": "H"
    },
    "isAvailable": true,
    "isPriceAvailable": true,
    "inPromo": false,
    "gtin": [
      "08711327535947",
      "08711327535930",
      "08714100781586",
      "08714100631171"
    ],
    "topCategoryName": "Diepvries",
    "topCategoryId": "129",
    "businessDomain": "RETAIL_BE",
    "IsPrivateLabel": false,
    "IsBiffe": false,
    "WeightconversionFactor": "0",
    "IsWeightArticle": false,
    "nutriscoreLabel": "E",
    "IsBio": false,
    "CountryOfOrigin": "ITALIË",
    "IsExclusivelySoldInLuxembourg": false,
    "OrderUnit": "P",
    "ShortName": "OLA CORNETTO CHOC.5X125",
    "IsNew": false,
    "EcoscoreLabel": "B",
    "RecentQuanityOfStockUnits": "1",
    "LongName": "OLA CORNETTO chocolade 5x125ml",
    "AlcoholVolume": "0",
    "FicCode": "E",
    "EcoscoreValue": "67"
  },
  {
    "productId": "145927",
    "technicalArticleNumber": "3347133",
    "commercialArticleNumber": "9567",
    "name": "zilveruitjes",
    "brand": "BONI",
    "seoBrand": "Boni Selection",
    "thumbNail": "https://static.colruytgroup.com/images/200x200/std.lang.all/98/19/asset-759819.jpg",
    "fullImage": "https://static.colruytgroup.com/images/500x500/std.lang.all/98/19/asset-759819.jpg",
    "squareImage": "https://static.colruytgroup.com/images/500x500sq/std.lang.all/98/19/asset-759819.jpg",
    "content": "450g",
    "walkRouteSequenceNumber": 17110,
    "price": {
      "basicPrice": 1.49,
      "recommendedQuantity": "1.0",
      "quantityPrice": 1.37,
      "quantityPriceQuantity": "3.0",
      "measurementUnitPrice": 3.32,
      "measurementUnitQuantityPrice": 3.05,
      "measurementUnit": "K",
      "isRedPrice": false,
      "pricePerUOM": 3.32,
      "activationDate": "01-02-2024",
      "recordSource": "Offline",
      "isPromoActive": "N",
      "priceChangeCode": "E",
      "quantityPricePerUOM": 3.05,
      "quantityActivationDate": "01-02-2024",
      "quantityPriceChangeCode": "H"
    },
    "isAvailable": true,
    "isPriceAvailable": true,
    "inPromo": false,
    "gtin": [
      "05400141350906",
      "05400141274424",
      "05400141374926",
      "05400141211016"
    ],
    "topCategoryName": "Diepvries",
    "topCategoryId": "129",
    "businessDomain": "RETAIL_BE",
    "IsPrivateLabel": true,
    "IsBiffe": false,
    "WeightconversionFactor": "0",
    "IsWeightArticle": false,
    "nutriscoreLabel": "A",
    "IsBio": false,
    "CountryOfOrigin": "BELGIË",
    "IsExclusivelySoldInLuxembourg": false,
    "OrderUnit": "P",
    "ShortName": "BONI ZILVERUITJES 450G",
    "InSeason": true,
    "IsNew": false,
    "EcoscoreLabel": "B",
    "RecentQuanityOfStockUnits": "1",
    "LongName": "BONI zilveruitjes 450g",
    "AlcoholVolume": "0",
    "StartSeasonDate": "07/09/2023",
    "FicCode": "I",
    "EcoscoreValue": "79"
  },
  {
    "productId": "37399",
    "technicalArticleNumber": "1828809",
    "commercialArticleNumber": "34401",
    "name": "zuiders broodjes 10st",
    "description": "*Bedekt met oregano\nen sesamzaad\n*6-8 minuten in de\noven",
    "brand": "BONI",
    "seoBrand": "Boni Selection",
    "thumbNail": "https://static.colruytgroup.com/images/200x200/std.lang.all/15/45/asset-2191545.jpg",
    "fullImage": "https://static.colruytgroup.com/images/500x500/std.lang.all/15/45/asset-2191545.jpg",
    "squareImage": "https://static.colruytgroup.com/images/500x500sq/std.lang.all/15/45/asset-2191545.jpg",
    "content": "550g",
    "walkRouteSequenceNumber": 17911,
    "price": {
      "basicPrice": 5.79,
      "recommendedQuantity": "1.0",
      "quantityPrice": 5.33,
      "quantityPriceQuantity": "3.0",
      "measurementUnitPrice": 10.53,
      "measurementUnitQuantityPrice": 9.7,
      "measurementUnit": "K",
      "isRedPrice": false,
      "pricePerUOM": 10.53,
      "activationDate": "14-11-2023",
      "isPromoActive": "N",
      "priceChangeCode": "E",
      "quantityPricePerUOM": 9.7,
      "quantityActivationDate": "14-11-2023",
      "quantityPriceChangeCode": "E"
    },
    "isAvailable": true,
    "isPriceAvailable": true,
    "inPromo": false,
    "gtin": [
      "15400141920663",
      "05400141544015",
      "05400141387162",
      "05400141344011",
      "05400141182255",
      "15400141387169"
    ],
    "topCategoryName": "Diepvries",
    "topCategoryId": "129",
    "businessDomain": "RETAIL_BE",
    "IsPrivateLabel": true,
    "IsBiffe": false,
    "WeightconversionFactor": "0",
    "IsWeightArticle": false,
    "nutriscoreLabel": "D",
    "IsBio": false,
    "CountryOfOrigin": "POLEN",
    "IsExclusivelySoldInLuxembourg": false,
    "OrderUnit": "P",
    "ShortName": "BONI ZUID. BROODJE10X55",
    "InSeason": true,
    "IsNew": false,
    "EcoscoreLabel": "B",
    "RecentQuanityOfStockUnits": "1,6",
    "LongName": "BONI zuiders broodjes 10st 550g",
    "AlcoholVolume": "0",
    "StartSeasonDate": "17/01/2024",
    "FicCode": "I",
    "EcoscoreValue": "71"
  },
  {
    "productId": "191399",
    "technicalArticleNumber": "3460474",
    "commercialArticleNumber": "30685",
    "name": "Double Chocolate",
    "description": "*Roomijs\n*Chocoladesmaak\n*Krokante chocolat\n*Bevroren sticks\n*Dessert",
    "brand": "MAGNUM",
    "seoBrand": "Ola Magnum",
    "thumbNail": "https://static.colruytgroup.com/images/200x200/std.lang.all/53/51/asset-3225351.jpg",
    "fullImage": "https://static.colruytgroup.com/images/500x500/std.lang.all/53/51/asset-3225351.jpg",
    "squareImage": "https://static.colruytgroup.com/images/500x500sq/std.lang.all/53/51/asset-3225351.jpg",
    "content": "4x88ml",
    "walkRouteSequenceNumber": 17178,
    "price": {
      "basicPrice": 7.45,
      "recommendedQuantity": "1.0",
      "quantityPrice": 6.85,
      "quantityPriceQuantity": "3.0",
      "measurementUnitPrice": 21.17,
      "measurementUnitQuantityPrice": 19.47,
      "measurementUnit": "L",
      "isRedPrice": false,
      "pricePerUOM": 21.17,
      "activationDate": "16-03-2024",
      "recordSource": "Offline",
      "isPromoActive": "N",
      "priceChangeCode": "L",
      "quantityPricePerUOM": 19.47,
      "quantityActivationDate": "16-03-2024",
      "quantityPriceChangeCode": "L"
    },
    "isAvailable": true,
    "isPriceAvailable": true,
    "inPromo": false,
    "gtin": [
      "08000920849972",
      "08712100845123",
      "08712100847080"
    ],
    "topCategoryName": "Diepvries",
    "topCategoryId": "129",
    "businessDomain": "RETAIL_BE",
    "IsPrivateLabel": false,
    "IsBiffe": false,
    "WeightconversionFactor": "0",
    "IsWeightArticle": false,
    "nutriscoreLabel": "E",
    "IsBio": false,
    "CountryOfOrigin": "ITALIË",
    "IsExclusivelySoldInLuxembourg": false,
    "OrderUnit": "P",
    "ShortName": "MAGNUM DOUB.CHOC.4X88ML",
    "IsNew": false,
    "EcoscoreLabel": "B",
    "RecentQuanityOfStockUnits": "1",
    "LongName": "MAGNUM Double Chocolate 4x88ml",
    "AlcoholVolume": "0",
    "FicCode": "E",
    "EcoscoreValue": "77"
  },
  {
    "productId": "7571",
    "technicalArticleNumber": "1134706",
    "commercialArticleNumber": "30060",
    "name": "schnitzel vegetarisch",
    "description": "*± 10 burgers\n*Op basis van soja",
    "brand": "BONI",
    "seoBrand": "Boni Selection",
    "thumbNail": "https://static.colruytgroup.com/images/200x200/std.lang.all/55/73/asset-3215573.jpg",
    "fullImage": "https://static.colruytgroup.com/images/500x500/std.lang.all/55/73/asset-3215573.jpg",
    "squareImage": "https://static.colruytgroup.com/images/500x500sq/std.lang.all/55/73/asset-3215573.jpg",
    "content": "10x100g",
    "walkRouteSequenceNumber": 16928,
    "price": {
      "basicPrice": 9.99,
      "recommendedQuantity": "1.0",
      "quantityPrice": 9.59,
      "quantityPriceQuantity": "3.0",
      "measurementUnitPrice": 9.99,
      "measurementUnitQuantityPrice": 9.59,
      "measurementUnit": "K",
      "isRedPrice": false,
      "pricePerUOM": 9.99,
      "activationDate": "14-11-2023",
      "isPromoActive": "N",
      "priceChangeCode": "E",
      "quantityPricePerUOM": 9.59,
      "quantityActivationDate": "14-11-2023",
      "quantityPriceChangeCode": "E"
    },
    "isAvailable": true,
    "isPriceAvailable": true,
    "inPromo": false,
    "gtin": [
      "15400141144861",
      "15400141531180",
      "05400141366815",
      "15400141212898",
      "15400141366812",
      "15400141600602",
      "05400141212891",
      "05400141144864",
      "05400141030617",
      "05400141416343",
      "05400141531183"
    ],
    "topCategoryName": "Diepvries",
    "topCategoryId": "129",
    "businessDomain": "RETAIL_BE",
    "IsPrivateLabel": true,
    "IsBiffe": false,
    "WeightconversionFactor": "0",
    "IsWeightArticle": false,
    "nutriscoreLabel": "C",
    "IsBio": false,
    "CountryOfOrigin": "BELGIË",
    "IsExclusivelySoldInLuxembourg": false,
    "OrderUnit": "P",
    "ShortName": "BONI VEGESCHNITZ10X100G",
    "IsNew": false,
    "EcoscoreLabel": "B",
    "RecentQuanityOfStockUnits": "1",
    "LongName": "BONI schnitzel vegetarisch 10x100g",
    "AlcoholVolume": "0",
    "FicCode": "I",
    "EcoscoreValue": "79"
  },
  {
    "productId": "341087",
    "technicalArticleNumber": "3739357",
    "commercialArticleNumber": "31091",
    "name": "Bomboniera 12st",
    "description": "*Roomijs\n*Praline\n*Krokante chocolat\n*Bevroren sticks\n*Dessert",
    "brand": "MAGNUM",
    "seoBrand": "Ola Magnum",
    "thumbNail": "https://static.colruytgroup.com/images/200x200/std.lang.all/89/54/asset-3218954.jpg",
    "fullImage": "https://static.colruytgroup.com/images/500x500/std.lang.all/89/54/asset-3218954.jpg",
    "squareImage": "https://static.colruytgroup.com/images/500x500sq/std.lang.all/89/54/asset-3218954.jpg",
    "content": "140ml",
    "walkRouteSequenceNumber": 17417,
    "price": {
      "basicPrice": 5.85,
      "recommendedQuantity": "1.0",
      "quantityPrice": 5.38,
      "quantityPriceQuantity": "3.0",
      "measurementUnitPrice": 41.79,
      "measurementUnitQuantityPrice": 38.43,
      "measurementUnit": "L",
      "isRedPrice": false,
      "pricePerUOM": 41.79,
      "activationDate": "02-01-2024",
      "recordSource": "Offline",
      "isPromoActive": "N",
      "priceChangeCode": "E",
      "quantityPricePerUOM": 38.43,
      "quantityActivationDate": "02-01-2024",
      "quantityPriceChangeCode": "H"
    },
    "isAvailable": true,
    "isPriceAvailable": true,
    "inPromo": false,
    "gtin": [
      "08714100572634",
      "08714100572603"
    ],
    "topCategoryName": "Diepvries",
    "topCategoryId": "129",
    "businessDomain": "RETAIL_BE",
    "IsPrivateLabel": false,
    "IsBiffe": false,
    "WeightconversionFactor": "0",
    "IsWeightArticle": false,
    "nutriscoreLabel": "E",
    "IsBio": false,
    "CountryOfOrigin": "HONGARIJE",
    "IsExclusivelySoldInLuxembourg": false,
    "OrderUnit": "P",
    "ShortName": "MAGN BOMBONIERA 140ML",
    "IsNew": false,
    "EcoscoreLabel": "B",
    "RecentQuanityOfStockUnits": "1",
    "LongName": "MAGNUM Bomboniera 12st 140ml",
    "AlcoholVolume": "0",
    "FicCode": "E",
    "EcoscoreValue": "67"
  },
  {
    "productId": "469028",
    "technicalArticleNumber": "4058573",
    "commercialArticleNumber": "6722",
    "name": "roomijs vanille",
    "description": "*Verse ingrediënten\n*Vanilleroomijs",
    "brand": "HÄAGEN-DAZS",
    "seoBrand": "Häagen-Dazs",
    "thumbNail": "https://static.colruytgroup.com/images/200x200/std.lang.all/27/28/asset-2112728.jpg",
    "fullImage": "https://static.colruytgroup.com/images/500x500/std.lang.all/27/28/asset-2112728.jpg",
    "squareImage": "https://static.colruytgroup.com/images/500x500sq/std.lang.all/27/28/asset-2112728.jpg",
    "content": "460ml",
    "walkRouteSequenceNumber": 17442,
    "price": {
      "basicPrice": 6.99,
      "recommendedQuantity": "1.0",
      "quantityPrice": 5.73,
      "quantityPriceQuantity": "2.0",
      "measurementUnitPrice": 15.2,
      "measurementUnitQuantityPrice": 12.46,
      "measurementUnit": "L",
      "isRedPrice": false,
      "pricePerUOM": 15.2,
      "activationDate": "23-03-2024",
      "recordSource": "Offline",
      "isPromoActive": "N",
      "priceChangeCode": "E",
      "quantityPricePerUOM": 12.46,
      "quantityActivationDate": "23-03-2024",
      "quantityPriceChangeCode": "E"
    },
    "isAvailable": true,
    "isPriceAvailable": true,
    "inPromo": false,
    "gtin": [
      "03415581101010",
      "03415580030915"
    ],
    "topCategoryName": "Diepvries",
    "topCategoryId": "129",
    "businessDomain": "RETAIL_BE",
    "IsPrivateLabel": false,
    "IsBiffe": false,
    "WeightconversionFactor": "0",
    "IsWeightArticle": false,
    "nutriscoreLabel": "D",
    "IsBio": false,
    "CountryOfOrigin": "FRANKRIJK",
    "IsExclusivelySoldInLuxembourg": false,
    "OrderUnit": "P",
    "ShortName": "HAADAZS VANILLA 460ML",
    "IsNew": false,
    "EcoscoreLabel": "B",
    "RecentQuanityOfStockUnits": "1",
    "LongName": "HÄAGEN-DAZS roomijs vanille 460ml",
    "FicCode": "E",
    "EcoscoreValue": "67"
  },
  {
    "productId": "624215",
    "technicalArticleNumber": "4305615",
    "commercialArticleNumber": "3029",
    "name": "vispannetje groenten",
    "description": "*Vispannetje met\neen saus van\nfijne groenten",
    "brand": "BONI",
    "seoBrand": "Boni Selection",
    "thumbNail": "https://static.colruytgroup.com/images/200x200/std.lang.all/79/10/asset-3137910.jpg",
    "fullImage": "https://static.colruytgroup.com/images/500x500/std.lang.all/79/10/asset-3137910.jpg",
    "squareImage": "https://static.colruytgroup.com/images/500x500sq/std.lang.all/79/10/asset-3137910.jpg",
    "content": "300g",
    "walkRouteSequenceNumber": 16572,
    "price": {
      "basicPrice": 5.39,
      "recommendedQuantity": "1.0",
      "measurementUnitPrice": 17.97,
      "measurementUnit": "K",
      "isRedPrice": false,
      "pricePerUOM": 17.97,
      "activationDate": "04-01-2024",
      "isPromoActive": "N",
      "priceChangeCode": "H"
    },
    "isAvailable": true,
    "isPriceAvailable": true,
    "inPromo": false,
    "gtin": [
      "15400141421030",
      "05400141421033",
      "15400141632818",
      "05400141632811",
      "05400141573985"
    ],
    "topCategoryName": "Diepvries",
    "topCategoryId": "129",
    "businessDomain": "RETAIL_BE",
    "IsPrivateLabel": true,
    "IsBiffe": false,
    "WeightconversionFactor": "0",
    "IsWeightArticle": false,
    "nutriscoreLabel": "C",
    "IsBio": false,
    "CountryOfOrigin": "BELGIË",
    "IsExclusivelySoldInLuxembourg": false,
    "OrderUnit": "P",
    "ShortName": "BONI VISPAN GROENT 300G",
    "IsNew": false,
    "RecentQuanityOfStockUnits": "1",
    "LongName": "BONI vispannetje groenten 300g",
    "FicCode": "I"
  },
  {
    "productId": "868292",
    "technicalArticleNumber": "4721294",
    "commercialArticleNumber": "14823",
    "name": "Magnum Double Raspberry",
    "brand": "MAGNUM",
    "seoBrand": "Ola Magnum",
    "thumbNail": "https://static.colruytgroup.com/images/200x200/std.lang.all/01/68/asset-3220168.jpg",
    "fullImage": "https://static.colruytgroup.com/images/500x500/std.lang.all/01/68/asset-3220168.jpg",
    "squareImage": "https://static.colruytgroup.com/images/500x500sq/std.lang.all/01/68/asset-3220168.jpg",
    "content": "4x85ml",
    "walkRouteSequenceNumber": 17176,
    "price": {
      "basicPrice": 6.99,
      "recommendedQuantity": "1.0",
      "quantityPrice": 6.43,
      "quantityPriceQuantity": "3.0",
      "measurementUnitPrice": 20.56,
      "measurementUnitQuantityPrice": 18.92,
      "measurementUnit": "L",
      "isRedPrice": false,
      "pricePerUOM": 20.56,
      "activationDate": "17-02-2024",
      "recordSource": "Offline",
      "isPromoActive": "N",
      "priceChangeCode": "E",
      "quantityPricePerUOM": 18.92,
      "quantityActivationDate": "17-02-2024",
      "quantityPriceChangeCode": "E"
    },
    "isAvailable": true,
    "isPriceAvailable": true,
    "inPromo": false,
    "gtin": [
      "08711327579651",
      "08711327579644"
    ],
    "topCategoryName": "Diepvries",
    "topCategoryId": "129",
    "businessDomain": "RETAIL_BE",
    "IsPrivateLabel": false,
    "IsBiffe": false,
    "WeightconversionFactor": "0",
    "IsWeightArticle": false,
    "nutriscoreLabel": "E",
    "IsBio": false,
    "CountryOfOrigin": "VERENIGD KONINKRIJK",
    "IsExclusivelySoldInLuxembourg": false,
    "OrderUnit": "P",
    "ShortName": "MAGN DO.RASPBERRY4X85ML",
    "IsNew": false,
    "EcoscoreLabel": "B",
    "RecentQuanityOfStockUnits": "1",
    "LongName": "MAGNUM Magnum Double Raspberry 4x85ml",
    "FicCode": "E",
    "EcoscoreValue": "67"
  },
  {
    "productId": "235745",
    "technicalArticleNumber": "3548218",
    "commercialArticleNumber": "33631",
    "name": "garnaalballetjes",
    "description": "*Grijze garnaal-\nballetjes\n*Frituurpan",
    "brand": "BONI",
    "seoBrand": "Boni Selection",
    "thumbNail": "https://static.colruytgroup.com/images/200x200/std.lang.all/28/43/asset-2522843.jpg",
    "fullImage": "https://static.colruytgroup.com/images/500x500/std.lang.all/28/43/asset-2522843.jpg",
    "squareImage": "https://static.colruytgroup.com/images/500x500sq/std.lang.all/28/43/asset-2522843.jpg",
    "content": "30x14g",
    "walkRouteSequenceNumber": 17519,
    "price": {
      "basicPrice": 6.98,
      "recommendedQuantity": "1.0",
      "measurementUnitPrice": 16.62,
      "measurementUnit": "K",
      "isRedPrice": false,
      "pricePerUOM": 16.62,
      "activationDate": "17-02-2024",
      "recordSource": "Offline",
      "isPromoActive": "N",
      "priceChangeCode": "E"
    },
    "isAvailable": true,
    "isPriceAvailable": true,
    "inPromo": false,
    "gtin": [
      "05400141418002",
      "05400141238280",
      "05400141187120",
      "15400141794158"
    ],
    "topCategoryName": "Diepvries",
    "topCategoryId": "129",
    "businessDomain": "RETAIL_BE",
    "IsPrivateLabel": true,
    "IsBiffe": false,
    "WeightconversionFactor": "0",
    "IsWeightArticle": false,
    "nutriscoreLabel": "D",
    "IsBio": false,
    "CountryOfOrigin": "BELGIË",
    "IsExclusivelySoldInLuxembourg": false,
    "OrderUnit": "P",
    "ShortName": "BONI GARNAALBAL.30X14 G",
    "IsNew": false,
    "EcoscoreLabel": "B",
    "RecentQuanityOfStockUnits": "1",
    "LongName": "BONI garnaalballetjes 30x14g",
    "AlcoholVolume": "0",
    "FicCode": "I",
    "EcoscoreValue": "69"
  },
  {
    "productId": "491874",
    "technicalArticleNumber": "4041369",
    "commercialArticleNumber": "6049",
    "name": "mini triple chocolate",
    "description": "*Chocoladeroomijs\n*Chocoladestukjes",
    "brand": "BONI",
    "seoBrand": "Boni Selection",
    "thumbNail": "https://static.colruytgroup.com/images/200x200/std.lang.all/42/33/asset-2524233.jpg",
    "fullImage": "https://static.colruytgroup.com/images/500x500/std.lang.all/42/33/asset-2524233.jpg",
    "squareImage": "https://static.colruytgroup.com/images/500x500sq/std.lang.all/42/33/asset-2524233.jpg",
    "content": "8x50ml",
    "walkRouteSequenceNumber": 17263,
    "price": {
      "basicPrice": 2.78,
      "recommendedQuantity": "1.0",
      "quantityPrice": 2.67,
      "quantityPriceQuantity": "3.0",
      "measurementUnitPrice": 6.95,
      "measurementUnitQuantityPrice": 6.68,
      "measurementUnit": "L",
      "isRedPrice": false,
      "pricePerUOM": 6.95,
      "activationDate": "03-06-2023",
      "isPromoActive": "N",
      "priceChangeCode": "E",
      "quantityPricePerUOM": 6.68,
      "quantityActivationDate": "03-06-2023",
      "quantityPriceChangeCode": "H"
    },
    "isAvailable": true,
    "isPriceAvailable": true,
    "inPromo": false,
    "gtin": [
      "15400141249887",
      "05400141249880"
    ],
    "topCategoryName": "Diepvries",
    "topCategoryId": "129",
    "businessDomain": "RETAIL_BE",
    "IsPrivateLabel": true,
    "IsBiffe": false,
    "WeightconversionFactor": "0",
    "IsWeightArticle": false,
    "nutriscoreLabel": "E",
    "IsBio": false,
    "CountryOfOrigin": "BELGIË",
    "IsExclusivelySoldInLuxembourg": false,
    "OrderUnit": "P",
    "ShortName": "BONI S. MI.TRIP CHO8X50",
    "IsNew": false,
    "EcoscoreLabel": "A",
    "RecentQuanityOfStockUnits": "1,9",
    "LongName": "BONI mini triple chocolate 8x50ml",
    "FicCode": "I",
    "EcoscoreValue": "99"
  },
  {
    "productId": "292616",
    "technicalArticleNumber": "3677176",
    "commercialArticleNumber": "40079",
    "name": "hapjes Oriental Snack Mix",
    "description": "*Voorgefrituurde\nAziatische kippen-\nen groentenhapjes\n*Voor in de oven",
    "brand": "BONI",
    "seoBrand": "Boni Selection",
    "thumbNail": "https://static.colruytgroup.com/images/200x200/std.lang.all/05/66/asset-3240566.jpg",
    "fullImage": "https://static.colruytgroup.com/images/500x500/std.lang.all/05/66/asset-3240566.jpg",
    "squareImage": "https://static.colruytgroup.com/images/500x500sq/std.lang.all/05/66/asset-3240566.jpg",
    "content": "24st",
    "walkRouteSequenceNumber": 16740,
    "price": {
      "basicPrice": 6.99,
      "recommendedQuantity": "1.0",
      "quantityPrice": 6.43,
      "quantityPriceQuantity": "3.0",
      "measurementUnitPrice": 24.28,
      "measurementUnitQuantityPrice": 22.33,
      "measurementUnit": "K",
      "isRedPrice": false,
      "pricePerUOM": 24.28,
      "activationDate": "01-04-2023",
      "isPromoActive": "N",
      "priceChangeCode": "H",
      "quantityPricePerUOM": 22.33,
      "quantityActivationDate": "01-04-2023",
      "quantityPriceChangeCode": "H"
    },
    "isAvailable": true,
    "isPriceAvailable": true,
    "inPromo": false,
    "gtin": [
      "15400141895459",
      "05400141895452",
      "15400141126645",
      "05400141126648",
      "05400141238761"
    ],
    "topCategoryName": "Diepvries",
    "topCategoryId": "129",
    "businessDomain": "RETAIL_BE",
    "IsPrivateLabel": true,
    "IsBiffe": false,
    "WeightconversionFactor": "0",
    "IsWeightArticle": false,
    "nutriscoreLabel": "D",
    "IsBio": false,
    "CountryOfOrigin": "BELGIË",
    "IsExclusivelySoldInLuxembourg": false,
    "OrderUnit": "P",
    "ShortName": "BONI ORIEN.SNACK MIX24S",
    "IsNew": false,
    "EcoscoreLabel": "D",
    "RecentQuanityOfStockUnits": "1",
    "LongName": "BONI hapjes Oriental Snack Mix 24st",
    "AlcoholVolume": "0",
    "FicCode": "I",
    "EcoscoreValue": "36"
  },
  {
    "productId": "1033744",
    "technicalArticleNumber": "4795389",
    "commercialArticleNumber": "35730",
    "name": "Sensazione 5 Formaggi",
    "brand": "WAGNER",
    "seoBrand": "Original Wagner",
    "thumbNail": "https://static.colruytgroup.com/images/200x200/std.lang.all/43/86/asset-3434386.jpg",
    "fullImage": "https://static.colruytgroup.com/images/500x500/std.lang.all/43/86/asset-3434386.jpg",
    "squareImage": "https://static.colruytgroup.com/images/500x500sq/std.lang.all/43/86/asset-3434386.jpg",
    "content": "340g",
    "walkRouteSequenceNumber": 18164,
    "price": {
      "basicPrice": 3.85,
      "recommendedQuantity": "1.0",
      "quantityPrice": 3.54,
      "quantityPriceQuantity": "3.0",
      "measurementUnitPrice": 11.33,
      "measurementUnitQuantityPrice": 10.42,
      "measurementUnit": "K",
      "isRedPrice": false,
      "pricePerUOM": 11.33,
      "activationDate": "08-03-2024",
      "recordSource": "Offline",
      "isPromoActive": "N",
      "priceChangeCode": "H",
      "quantityPricePerUOM": 10.42,
      "quantityActivationDate": "08-03-2024",
      "quantityPriceChangeCode": "H"
    },
    "isAvailable": true,
    "isPriceAvailable": true,
    "inPromo": false,
    "gtin": [
      "07613036427241"
    ],
    "topCategoryName": "Diepvries",
    "topCategoryId": "129",
    "businessDomain": "RETAIL_BE",
    "IsPrivateLabel": false,
    "IsBiffe": false,
    "WeightconversionFactor": "0",
    "IsWeightArticle": false,
    "nutriscoreLabel": "D",
    "IsBio": false,
    "CountryOfOrigin": "DUITSLAND",
    "IsExclusivelySoldInLuxembourg": false,
    "OrderUnit": "P",
    "ShortName": "WAGN SEN.5 FROMAGGI340G",
    "IsNew": true,
    "RecentQuanityOfStockUnits": "1",
    "LongName": "WAGNER Sensazione 5 Formaggi 340g",
    "FicCode": "E"
  },
  {
    "productId": "332060",
    "technicalArticleNumber": "3801972",
    "commercialArticleNumber": "20565",
    "name": "witloof gratin",
    "description": "*Witloof met ham en\nkaassaus en aard-\nappelpuree\n*In de microgolfoven\nof oven",
    "brand": "IGLO",
    "seoBrand": "Iglo",
    "thumbNail": "https://static.colruytgroup.com/images/200x200/std.lang.all/72/67/asset-1967267.jpg",
    "fullImage": "https://static.colruytgroup.com/images/500x500/std.lang.all/72/67/asset-1967267.jpg",
    "squareImage": "https://static.colruytgroup.com/images/500x500sq/std.lang.all/72/67/asset-1967267.jpg",
    "content": "450g",
    "walkRouteSequenceNumber": 16583,
    "price": {
      "basicPrice": 5.99,
      "recommendedQuantity": "1.0",
      "measurementUnitPrice": 13.32,
      "measurementUnit": "K",
      "isRedPrice": false,
      "pricePerUOM": 13.32,
      "activationDate": "15-03-2024",
      "recordSource": "Offline",
      "isPromoActive": "N",
      "priceChangeCode": "H"
    },
    "isAvailable": true,
    "isPriceAvailable": true,
    "inPromo": false,
    "gtin": [
      "05410148496507",
      "05410148016828"
    ],
    "topCategoryName": "Diepvries",
    "topCategoryId": "129",
    "businessDomain": "RETAIL_BE",
    "IsPrivateLabel": false,
    "IsBiffe": false,
    "WeightconversionFactor": "0",
    "IsWeightArticle": false,
    "nutriscoreLabel": "B",
    "IsBio": false,
    "CountryOfOrigin": "BELGIË",
    "IsExclusivelySoldInLuxembourg": false,
    "OrderUnit": "P",
    "ShortName": "IGLO WITLOOF GRATIN450G",
    "IsNew": false,
    "RecentQuanityOfStockUnits": "1",
    "LongName": "IGLO witloof gratin 450g",
    "AlcoholVolume": "0",
    "FicCode": "E"
  },
  {
    "productId": "877787",
    "technicalArticleNumber": "4733831",
    "commercialArticleNumber": "13655",
    "name": "Amsterdam",
    "brand": "WAGNER BIG CITY",
    "seoBrand": "Original Wagner Big City",
    "thumbNail": "https://static.colruytgroup.com/images/200x200/std.lang.all/27/62/asset-3262762.jpg",
    "fullImage": "https://static.colruytgroup.com/images/500x500/std.lang.all/27/62/asset-3262762.jpg",
    "squareImage": "https://static.colruytgroup.com/images/500x500sq/std.lang.all/27/62/asset-3262762.jpg",
    "content": "410g",
    "walkRouteSequenceNumber": 17969,
    "price": {
      "basicPrice": 4.69,
      "recommendedQuantity": "1.0",
      "quantityPrice": 4.31,
      "quantityPriceQuantity": "3.0",
      "measurementUnitPrice": 11.44,
      "measurementUnitQuantityPrice": 10.52,
      "measurementUnit": "K",
      "isRedPrice": false,
      "pricePerUOM": 11.44,
      "activationDate": "15-03-2024",
      "recordSource": "Offline",
      "isPromoActive": "N",
      "priceChangeCode": "E",
      "quantityPricePerUOM": 10.52,
      "quantityActivationDate": "15-03-2024",
      "quantityPriceChangeCode": "E"
    },
    "isAvailable": true,
    "isPriceAvailable": true,
    "inPromo": false,
    "gtin": [
      "07613036649711",
      "07613036643641"
    ],
    "topCategoryName": "Diepvries",
    "topCategoryId": "129",
    "businessDomain": "RETAIL_BE",
    "IsPrivateLabel": false,
    "IsBiffe": false,
    "WeightconversionFactor": "0",
    "IsWeightArticle": false,
    "nutriscoreLabel": "D",
    "IsBio": false,
    "CountryOfOrigin": "DUITSLAND",
    "IsExclusivelySoldInLuxembourg": false,
    "OrderUnit": "P",
    "ShortName": "WAGN BIG C.AMSTER 410G",
    "IsNew": false,
    "RecentQuanityOfStockUnits": "1",
    "LongName": "WAGNER BIG CITY Amsterdam 410g",
    "FicCode": "E"
  },
  {
    "productId": "577247",
    "technicalArticleNumber": "4226844",
    "commercialArticleNumber": "3966",
    "name": "visgratin spinazie room MSC",
    "description": "*2 porties Alaska\npollakfilets bedekt\nmet spinazieroomsaus\n*MSC",
    "brand": "IGLO",
    "seoBrand": "Iglo",
    "thumbNail": "https://static.colruytgroup.com/images/200x200/std.lang.all/89/11/asset-2148911.jpg",
    "fullImage": "https://static.colruytgroup.com/images/500x500/std.lang.all/89/11/asset-2148911.jpg",
    "squareImage": "https://static.colruytgroup.com/images/500x500sq/std.lang.all/89/11/asset-2148911.jpg",
    "content": "380g",
    "walkRouteSequenceNumber": 16570,
    "price": {
      "basicPrice": 5.99,
      "recommendedQuantity": "1.0",
      "measurementUnitPrice": 15.77,
      "measurementUnit": "K",
      "isRedPrice": false,
      "pricePerUOM": 15.77,
      "activationDate": "07-03-2024",
      "recordSource": "Offline",
      "isPromoActive": "N",
      "priceChangeCode": "E"
    },
    "isAvailable": true,
    "isPriceAvailable": true,
    "inPromo": false,
    "gtin": [
      "05414807605750",
      "05414807006663"
    ],
    "topCategoryName": "Diepvries",
    "topCategoryId": "129",
    "businessDomain": "RETAIL_BE",
    "IsPrivateLabel": false,
    "IsBiffe": false,
    "WeightconversionFactor": "0",
    "IsWeightArticle": false,
    "nutriscoreLabel": "A",
    "IsBio": false,
    "CountryOfOrigin": "DUITSLAND",
    "IsExclusivelySoldInLuxembourg": false,
    "OrderUnit": "P",
    "ShortName": "IGLO VISGRAT.SPIN.RO380",
    "IsNew": false,
    "RecentQuanityOfStockUnits": "1",
    "LongName": "IGLO visgratin spinazie room MSC 380g",
    "FicCode": "E"
  },
  {
    "productId": "712481",
    "technicalArticleNumber": "4455010",
    "commercialArticleNumber": "26677",
    "name": "gevogelteboomstam",
    "brand": "BONI",
    "seoBrand": "Boni Selection",
    "thumbNail": "https://static.colruytgroup.com/images/200x200/std.lang.all/99/11/asset-3039911.jpg",
    "fullImage": "https://static.colruytgroup.com/images/500x500/std.lang.all/99/11/asset-3039911.jpg",
    "squareImage": "https://static.colruytgroup.com/images/500x500sq/std.lang.all/99/11/asset-3039911.jpg",
    "content": "±1kg",
    "walkRouteSequenceNumber": 16598,
    "price": {
      "basicPrice": 15.9,
      "recommendedQuantity": "1.0",
      "unit": "K",
      "quantityPrice": 14.6,
      "quantityPriceQuantity": "3.0",
      "measurementUnitPrice": 15.9,
      "measurementUnitQuantityPrice": 14.6,
      "measurementUnit": "K",
      "isRedPrice": false,
      "pricePerUOM": 15.9,
      "activationDate": "20-12-2023",
      "isPromoActive": "N",
      "priceChangeCode": "H",
      "quantityPricePerUOM": 14.6,
      "quantityActivationDate": "20-12-2023",
      "quantityPriceChangeCode": "H"
    },
    "isAvailable": true,
    "isPriceAvailable": true,
    "inPromo": false,
    "gtin": [
      "05400141902204",
      "95400141902207",
      "95400141431547",
      "95400141910837",
      "05400141433074",
      "05400141441376",
      "95400141452146",
      "05400141452143"
    ],
    "topCategoryName": "Diepvries",
    "topCategoryId": "129",
    "businessDomain": "RETAIL_BE",
    "IsPrivateLabel": true,
    "IsBiffe": false,
    "WeightconversionFactor": "1000",
    "IsWeightArticle": true,
    "nutriscoreLabel": "C",
    "IsBio": false,
    "CountryOfOrigin": "BELGIË",
    "IsExclusivelySoldInLuxembourg": false,
    "OrderUnit": "P",
    "ShortName": "BONI GEVO.BOOMS+-1KW",
    "IsNew": false,
    "EcoscoreLabel": "D",
    "RecentQuanityOfStockUnits": "1",
    "LongName": "BONI gevogelteboomstam ±1kg",
    "FicCode": "I",
    "EcoscoreValue": "20"
  },
  {
    "productId": "860464",
    "technicalArticleNumber": "4711275",
    "commercialArticleNumber": "10789",
    "name": "tagliatelli carbonara groenten",
    "description": "*Tagliatelli met\ncarbonara saus\nen groenten",
    "brand": "BONI",
    "seoBrand": "Boni Selection",
    "thumbNail": "https://static.colruytgroup.com/images/200x200/std.lang.all/76/64/asset-3207664.jpg",
    "fullImage": "https://static.colruytgroup.com/images/500x500/std.lang.all/76/64/asset-3207664.jpg",
    "squareImage": "https://static.colruytgroup.com/images/500x500sq/std.lang.all/76/64/asset-3207664.jpg",
    "content": "500g",
    "walkRouteSequenceNumber": 16568,
    "price": {
      "basicPrice": 4.09,
      "recommendedQuantity": "1.0",
      "measurementUnitPrice": 8.18,
      "measurementUnit": "K",
      "isRedPrice": false,
      "pricePerUOM": 8.18,
      "activationDate": "04-01-2024",
      "isPromoActive": "N",
      "priceChangeCode": "H"
    },
    "isAvailable": true,
    "isPriceAvailable": true,
    "inPromo": false,
    "gtin": [
      "15400141533986",
      "05400141533989"
    ],
    "topCategoryName": "Diepvries",
    "topCategoryId": "129",
    "businessDomain": "RETAIL_BE",
    "IsPrivateLabel": true,
    "IsBiffe": false,
    "WeightconversionFactor": "0",
    "IsWeightArticle": false,
    "nutriscoreLabel": "C",
    "IsBio": false,
    "CountryOfOrigin": "BELGIË",
    "IsExclusivelySoldInLuxembourg": false,
    "OrderUnit": "P",
    "ShortName": "BONI TAGLIA.CARB.GR500G",
    "IsNew": false,
    "EcoscoreLabel": "B",
    "RecentQuanityOfStockUnits": "1",
    "LongName": "BONI tagliatelli carbonara groenten 500g",
    "FicCode": "I",
    "EcoscoreValue": "73"
  },
  {
    "productId": "493196",
    "technicalArticleNumber": "4041385",
    "commercialArticleNumber": "6052",
    "name": "Ministicks chocolate-cookie",
    "description": "*Stick met bourbonvanilleroomijs\nomhuld met melkchocolade\nchocoladesaus en cookie",
    "brand": "BONI",
    "seoBrand": "Boni Selection",
    "thumbNail": "https://static.colruytgroup.com/images/200x200/std.lang.all/14/38/asset-2521438.jpg",
    "fullImage": "https://static.colruytgroup.com/images/500x500/std.lang.all/14/38/asset-2521438.jpg",
    "squareImage": "https://static.colruytgroup.com/images/500x500sq/std.lang.all/14/38/asset-2521438.jpg",
    "content": "8x50g",
    "walkRouteSequenceNumber": 17265,
    "price": {
      "basicPrice": 2.78,
      "recommendedQuantity": "1.0",
      "quantityPrice": 2.67,
      "quantityPriceQuantity": "3.0",
      "measurementUnitPrice": 6.95,
      "measurementUnitQuantityPrice": 6.68,
      "measurementUnit": "L",
      "isRedPrice": false,
      "pricePerUOM": 6.95,
      "activationDate": "24-04-2023",
      "isPromoActive": "N",
      "priceChangeCode": "E",
      "quantityPricePerUOM": 6.68,
      "quantityActivationDate": "24-04-2023",
      "quantityPriceChangeCode": "H"
    },
    "isAvailable": true,
    "isPriceAvailable": true,
    "inPromo": false,
    "gtin": [
      "15400141249986",
      "05400141249989"
    ],
    "topCategoryName": "Diepvries",
    "topCategoryId": "129",
    "businessDomain": "RETAIL_BE",
    "IsPrivateLabel": true,
    "IsBiffe": false,
    "WeightconversionFactor": "0",
    "IsWeightArticle": false,
    "nutriscoreLabel": "E",
    "IsBio": false,
    "CountryOfOrigin": "BELGIË",
    "IsExclusivelySoldInLuxembourg": false,
    "OrderUnit": "P",
    "ShortName": "BONI S.MI.ST.CHO.CO8X50",
    "IsNew": false,
    "EcoscoreLabel": "A",
    "RecentQuanityOfStockUnits": "1",
    "LongName": "BONI Ministicks chocolate-cookie 8x50g",
    "FicCode": "I",
    "EcoscoreValue": "99"
  },
  {
    "productId": "700479",
    "technicalArticleNumber": "4432968",
    "commercialArticleNumber": "14716",
    "name": "döner pizza",
    "description": "*Diepvries",
    "brand": "MEKKAFOOD",
    "seoBrand": "Mekkafood",
    "thumbNail": "https://static.colruytgroup.com/images/200x200/std.lang.all/54/24/asset-2435424.jpg",
    "fullImage": "https://static.colruytgroup.com/images/500x500/std.lang.all/54/24/asset-2435424.jpg",
    "squareImage": "https://static.colruytgroup.com/images/500x500sq/std.lang.all/54/24/asset-2435424.jpg",
    "content": "325g",
    "walkRouteSequenceNumber": 18081,
    "price": {
      "basicPrice": 4.02,
      "recommendedQuantity": "1.0",
      "quantityPrice": 3.86,
      "quantityPriceQuantity": "3.0",
      "measurementUnitPrice": 12.37,
      "measurementUnitQuantityPrice": 11.88,
      "measurementUnit": "K",
      "isRedPrice": false,
      "pricePerUOM": 12.37,
      "activationDate": "19-04-2023",
      "isPromoActive": "N",
      "priceChangeCode": "E",
      "quantityPricePerUOM": 11.88,
      "quantityActivationDate": "19-04-2023",
      "quantityPriceChangeCode": "E"
    },
    "isAvailable": true,
    "isPriceAvailable": true,
    "inPromo": false,
    "gtin": [
      "04026279971304"
    ],
    "topCategoryName": "Diepvries",
    "topCategoryId": "129",
    "businessDomain": "RETAIL_BE",
    "IsPrivateLabel": false,
    "IsBiffe": false,
    "WeightconversionFactor": "0",
    "IsWeightArticle": false,
    "IsBio": false,
    "CountryOfOrigin": "NEDERLAND",
    "IsExclusivelySoldInLuxembourg": false,
    "OrderUnit": "P",
    "ShortName": "MEKK DONER PIZZA 325G",
    "IsNew": false,
    "RecentQuanityOfStockUnits": "1",
    "LongName": "MEKKAFOOD döner pizza 325g",
    "FicCode": "E"
  },
  {
    "productId": "795777",
    "technicalArticleNumber": "4605465",
    "commercialArticleNumber": "22973",
    "name": "pizza Lahmacun",
    "description": "*Pizzadeeg met 36%\ngekruide saus van\nrundvlees, ui tomaat\n*Voorgebakken\n*Diepgevroren",
    "brand": "MEKKAFOOD",
    "seoBrand": "Mekkafood",
    "thumbNail": "https://static.colruytgroup.com/images/200x200/std.lang.all/14/04/asset-2821404.jpg",
    "fullImage": "https://static.colruytgroup.com/images/500x500/std.lang.all/14/04/asset-2821404.jpg",
    "squareImage": "https://static.colruytgroup.com/images/500x500sq/std.lang.all/14/04/asset-2821404.jpg",
    "content": "2x180g",
    "walkRouteSequenceNumber": 18080,
    "price": {
      "basicPrice": 2.99,
      "recommendedQuantity": "1.0",
      "quantityPrice": 2.87,
      "quantityPriceQuantity": "3.0",
      "measurementUnitPrice": 8.31,
      "measurementUnitQuantityPrice": 7.98,
      "measurementUnit": "K",
      "isRedPrice": false,
      "pricePerUOM": 8.31,
      "activationDate": "19-04-2023",
      "isPromoActive": "N",
      "priceChangeCode": "E",
      "quantityPricePerUOM": 7.98,
      "quantityActivationDate": "19-04-2023",
      "quantityPriceChangeCode": "E"
    },
    "isAvailable": true,
    "isPriceAvailable": true,
    "inPromo": false,
    "gtin": [
      "04026279971250"
    ],
    "topCategoryName": "Diepvries",
    "topCategoryId": "129",
    "businessDomain": "RETAIL_BE",
    "IsPrivateLabel": false,
    "IsBiffe": false,
    "WeightconversionFactor": "0",
    "IsWeightArticle": false,
    "IsBio": false,
    "CountryOfOrigin": "NEDERLAND",
    "IsExclusivelySoldInLuxembourg": false,
    "OrderUnit": "P",
    "ShortName": "MEKK PIZZA LAHMAC2X180G",
    "IsNew": false,
    "RecentQuanityOfStockUnits": "1",
    "LongName": "MEKKAFOOD pizza Lahmacun 2x180g",
    "FicCode": "E"
  },
  {
    "productId": "626129",
    "technicalArticleNumber": "4309059",
    "commercialArticleNumber": "18118",
    "name": "visschelpen",
    "description": "*Schelpen met\nkabeljauw\nen zalmvulling",
    "brand": "BONI",
    "seoBrand": "Boni Selection",
    "thumbNail": "https://static.colruytgroup.com/images/200x200/std.lang.all/82/64/asset-2298264.jpg",
    "fullImage": "https://static.colruytgroup.com/images/500x500/std.lang.all/82/64/asset-2298264.jpg",
    "squareImage": "https://static.colruytgroup.com/images/500x500sq/std.lang.all/82/64/asset-2298264.jpg",
    "content": "2x125g",
    "walkRouteSequenceNumber": 16637,
    "price": {
      "basicPrice": 5.95,
      "recommendedQuantity": "1.0",
      "quantityPrice": 5.73,
      "quantityPriceQuantity": "3.0",
      "measurementUnitPrice": 23.8,
      "measurementUnitQuantityPrice": 22.92,
      "measurementUnit": "K",
      "isRedPrice": false,
      "pricePerUOM": 23.8,
      "activationDate": "13-03-2024",
      "recordSource": "Offline",
      "isPromoActive": "N",
      "priceChangeCode": "H",
      "quantityPricePerUOM": 22.92,
      "quantityActivationDate": "13-03-2024",
      "quantityPriceChangeCode": "H"
    },
    "isAvailable": true,
    "isPriceAvailable": true,
    "inPromo": false,
    "gtin": [
      "05400141422924",
      "15400141422921"
    ],
    "topCategoryName": "Diepvries",
    "topCategoryId": "129",
    "businessDomain": "RETAIL_BE",
    "IsPrivateLabel": true,
    "IsBiffe": false,
    "WeightconversionFactor": "0",
    "IsWeightArticle": false,
    "nutriscoreLabel": "C",
    "IsBio": false,
    "CountryOfOrigin": "BELGIË",
    "IsExclusivelySoldInLuxembourg": false,
    "OrderUnit": "P",
    "ShortName": "BONI VISSCHELP 2X125G",
    "IsNew": false,
    "EcoscoreLabel": "D",
    "RecentQuanityOfStockUnits": "1",
    "LongName": "BONI visschelpen 2x125g",
    "FicCode": "I",
    "EcoscoreValue": "26"
  },
  {
    "productId": "876562",
    "technicalArticleNumber": "4731802",
    "commercialArticleNumber": "3709",
    "name": "Cajun Protein blend",
    "brand": "BONI",
    "seoBrand": "Boni Selection",
    "thumbNail": "https://static.colruytgroup.com/images/200x200/std.lang.all/16/84/asset-3361684.jpg",
    "fullImage": "https://static.colruytgroup.com/images/500x500/std.lang.all/16/84/asset-3361684.jpg",
    "squareImage": "https://static.colruytgroup.com/images/500x500sq/std.lang.all/16/84/asset-3361684.jpg",
    "content": "750g",
    "walkRouteSequenceNumber": 17115,
    "price": {
      "basicPrice": 4.49,
      "recommendedQuantity": "1.0",
      "quantityPrice": 4.31,
      "quantityPriceQuantity": "3.0",
      "measurementUnitPrice": 5.99,
      "measurementUnitQuantityPrice": 5.75,
      "measurementUnit": "K",
      "isRedPrice": false,
      "pricePerUOM": 5.99,
      "activationDate": "01-12-2023",
      "isPromoActive": "N",
      "priceChangeCode": "H",
      "quantityPricePerUOM": 5.75,
      "quantityActivationDate": "01-12-2023",
      "quantityPriceChangeCode": "E"
    },
    "isAvailable": true,
    "isPriceAvailable": true,
    "inPromo": false,
    "gtin": [
      "05400141766226"
    ],
    "topCategoryName": "Diepvries",
    "topCategoryId": "129",
    "businessDomain": "RETAIL_BE",
    "IsPrivateLabel": true,
    "IsBiffe": false,
    "WeightconversionFactor": "0",
    "IsWeightArticle": false,
    "nutriscoreLabel": "A",
    "IsBio": false,
    "CountryOfOrigin": "ITALIË",
    "IsExclusivelySoldInLuxembourg": false,
    "OrderUnit": "P",
    "ShortName": "BONI BONEN VO.RIJST750G",
    "IsNew": false,
    "EcoscoreLabel": "B",
    "RecentQuanityOfStockUnits": "1",
    "LongName": "BONI Cajun Protein blend 750g",
    "FicCode": "I",
    "EcoscoreValue": "76"
  },
  {
    "productId": "581647",
    "technicalArticleNumber": "4234212",
    "commercialArticleNumber": "18329",
    "name": "coupe framboos",
    "description": "*4 bekertjes\ngevuld met ijs\nmet yoghurt (60%) en\nframbozensorbet(40%)",
    "brand": "BONI",
    "seoBrand": "Boni Selection",
    "thumbNail": "https://static.colruytgroup.com/images/200x200/std.lang.all/53/53/asset-3225353.jpg",
    "fullImage": "https://static.colruytgroup.com/images/500x500/std.lang.all/53/53/asset-3225353.jpg",
    "squareImage": "https://static.colruytgroup.com/images/500x500sq/std.lang.all/53/53/asset-3225353.jpg",
    "content": "4x135ml",
    "walkRouteSequenceNumber": 17299,
    "price": {
      "basicPrice": 4.15,
      "recommendedQuantity": "1.0",
      "quantityPrice": 3.82,
      "quantityPriceQuantity": "3.0",
      "measurementUnitPrice": 7.69,
      "measurementUnitQuantityPrice": 7.08,
      "measurementUnit": "L",
      "isRedPrice": false,
      "pricePerUOM": 7.69,
      "activationDate": "22-01-2024",
      "isPromoActive": "N",
      "priceChangeCode": "H",
      "quantityPricePerUOM": 7.08,
      "quantityActivationDate": "22-01-2024",
      "quantityPriceChangeCode": "E"
    },
    "isAvailable": true,
    "isPriceAvailable": true,
    "inPromo": false,
    "gtin": [
      "05400141363210",
      "15400141363217"
    ],
    "topCategoryName": "Diepvries",
    "topCategoryId": "129",
    "businessDomain": "RETAIL_BE",
    "IsPrivateLabel": true,
    "IsBiffe": false,
    "WeightconversionFactor": "0",
    "IsWeightArticle": false,
    "nutriscoreLabel": "D",
    "IsBio": false,
    "CountryOfOrigin": "BELGIË",
    "IsExclusivelySoldInLuxembourg": false,
    "OrderUnit": "P",
    "ShortName": "BONI COUPE FRAMB4X135ML",
    "InSeason": true,
    "IsNew": false,
    "EcoscoreLabel": "B",
    "RecentQuanityOfStockUnits": "1",
    "LongName": "BONI coupe framboos 4x135ml",
    "StartSeasonDate": "30/12/2022",
    "FicCode": "I",
    "EcoscoreValue": "78"
  },
  {
    "productId": "883889",
    "technicalArticleNumber": "4742434",
    "commercialArticleNumber": "32426",
    "name": "Dream Team",
    "description": "chocolade ijs met brownie stukjes\nvanille ijs met brownie stukjes\nspeculoos ijs\nbananen ijs",
    "brand": "BONI",
    "seoBrand": "Boni Selection",
    "thumbNail": "https://static.colruytgroup.com/images/200x200/std.lang.all/70/99/asset-3337099.jpg",
    "fullImage": "https://static.colruytgroup.com/images/500x500/std.lang.all/70/99/asset-3337099.jpg",
    "squareImage": "https://static.colruytgroup.com/images/500x500sq/std.lang.all/70/99/asset-3337099.jpg",
    "content": "4x100ml",
    "walkRouteSequenceNumber": 17448,
    "price": {
      "basicPrice": 4.39,
      "recommendedQuantity": "1.0",
      "quantityPrice": 4.21,
      "quantityPriceQuantity": "3.0",
      "measurementUnitPrice": 10.98,
      "measurementUnitQuantityPrice": 10.53,
      "measurementUnit": "L",
      "isRedPrice": false,
      "pricePerUOM": 10.98,
      "activationDate": "13-12-2023",
      "isPromoActive": "N",
      "priceChangeCode": "H",
      "quantityPricePerUOM": 10.53,
      "quantityActivationDate": "13-12-2023",
      "quantityPriceChangeCode": "E"
    },
    "isAvailable": true,
    "isPriceAvailable": true,
    "inPromo": false,
    "gtin": [
      "05400141618471"
    ],
    "topCategoryName": "Diepvries",
    "topCategoryId": "129",
    "businessDomain": "RETAIL_BE",
    "IsPrivateLabel": true,
    "IsBiffe": false,
    "WeightconversionFactor": "0",
    "IsWeightArticle": false,
    "nutriscoreLabel": "D",
    "IsBio": false,
    "CountryOfOrigin": "BELGIË",
    "IsExclusivelySoldInLuxembourg": false,
    "OrderUnit": "P",
    "ShortName": "BONI DREAM TEAM4X100ML",
    "IsNew": false,
    "RecentQuanityOfStockUnits": "1",
    "LongName": "BONI Dream Team 4x100ml",
    "FicCode": "I"
  },
  {
    "productId": "857940",
    "technicalArticleNumber": "4708145",
    "commercialArticleNumber": "31607",
    "name": "penne spinazie room",
    "brand": "IGLO",
    "seoBrand": "Iglo",
    "thumbNail": "https://static.colruytgroup.com/images/200x200/std.lang.all/67/41/asset-3236741.jpg",
    "fullImage": "https://static.colruytgroup.com/images/500x500/std.lang.all/67/41/asset-3236741.jpg",
    "squareImage": "https://static.colruytgroup.com/images/500x500sq/std.lang.all/67/41/asset-3236741.jpg",
    "content": "450g",
    "walkRouteSequenceNumber": 16586,
    "price": {
      "basicPrice": 4.49,
      "recommendedQuantity": "1.0",
      "quantityPrice": 4.31,
      "quantityPriceQuantity": "3.0",
      "measurementUnitPrice": 9.98,
      "measurementUnitQuantityPrice": 9.58,
      "measurementUnit": "K",
      "isRedPrice": false,
      "pricePerUOM": 9.98,
      "activationDate": "29-02-2024",
      "recordSource": "Offline",
      "isPromoActive": "N",
      "priceChangeCode": "E",
      "quantityPricePerUOM": 9.58,
      "quantityActivationDate": "29-02-2024",
      "quantityPriceChangeCode": "H"
    },
    "isAvailable": true,
    "isPriceAvailable": true,
    "inPromo": false,
    "gtin": [
      "05414807607020",
      "05414807007936"
    ],
    "topCategoryName": "Diepvries",
    "topCategoryId": "129",
    "businessDomain": "RETAIL_BE",
    "IsPrivateLabel": false,
    "IsBiffe": false,
    "WeightconversionFactor": "0",
    "IsWeightArticle": false,
    "nutriscoreLabel": "B",
    "IsBio": false,
    "CountryOfOrigin": "DUITSLAND",
    "IsExclusivelySoldInLuxembourg": false,
    "OrderUnit": "P",
    "ShortName": "IGLO PEN.SPIN.ROOM450G",
    "IsNew": false,
    "RecentQuanityOfStockUnits": "1",
    "LongName": "IGLO penne spinazie room 450g",
    "FicCode": "E"
  },
  {
    "productId": "134200",
    "technicalArticleNumber": "3201601",
    "commercialArticleNumber": "9799",
    "name": "Alaska-pollakfilet graatl.MSC",
    "description": "*Alaska pollak\nfilets gepaneerd in\ncornflakes en rijst\n*Wild, Pacif.Oceaan\n*met label MSC",
    "brand": "BONI",
    "seoBrand": "Boni Selection",
    "thumbNail": "https://static.colruytgroup.com/images/200x200/std.lang.all/78/70/asset-2247870.jpg",
    "fullImage": "https://static.colruytgroup.com/images/500x500/std.lang.all/78/70/asset-2247870.jpg",
    "squareImage": "https://static.colruytgroup.com/images/500x500sq/std.lang.all/78/70/asset-2247870.jpg",
    "content": "960g",
    "walkRouteSequenceNumber": 16900,
    "price": {
      "basicPrice": 14.95,
      "recommendedQuantity": "1.0",
      "quantityPrice": 13.75,
      "quantityPriceQuantity": "3.0",
      "measurementUnitPrice": 15.58,
      "measurementUnitQuantityPrice": 14.33,
      "measurementUnit": "K",
      "isRedPrice": false,
      "pricePerUOM": 15.58,
      "activationDate": "29-06-2023",
      "isPromoActive": "N",
      "priceChangeCode": "H",
      "quantityPricePerUOM": 14.33,
      "quantityActivationDate": "29-06-2023",
      "quantityPriceChangeCode": "H"
    },
    "isAvailable": true,
    "isPriceAvailable": true,
    "inPromo": false,
    "gtin": [
      "05400141398298",
      "15400141320920",
      "05400141123838",
      "05400141157574",
      "05400141320923",
      "05400141398588",
      "15400141819684"
    ],
    "topCategoryName": "Diepvries",
    "topCategoryId": "129",
    "businessDomain": "RETAIL_BE",
    "IsPrivateLabel": true,
    "IsBiffe": false,
    "WeightconversionFactor": "0",
    "IsWeightArticle": false,
    "nutriscoreLabel": "B",
    "IsBio": false,
    "CountryOfOrigin": "VERENIGDE STATEN VAN AMERIKA",
    "IsExclusivelySoldInLuxembourg": false,
    "OrderUnit": "P",
    "ShortName": "BONI POL.CORN RIJST960G",
    "IsNew": false,
    "EcoscoreLabel": "E",
    "RecentQuanityOfStockUnits": "1",
    "LongName": "BONI Alaska-pollakfilet graatl.MSC 960g",
    "AlcoholVolume": "0",
    "FicCode": "I",
    "EcoscoreValue": "19"
  },
  {
    "productId": "167146",
    "technicalArticleNumber": "3386237",
    "commercialArticleNumber": "30147",
    "name": "lasagne bolognese glutenvrij",
    "description": "*Glutenvrij\n*Oven",
    "brand": "BONI",
    "seoBrand": "Boni Selection",
    "thumbNail": "https://static.colruytgroup.com/images/200x200/std.lang.all/79/63/asset-2107963.jpg",
    "fullImage": "https://static.colruytgroup.com/images/500x500/std.lang.all/79/63/asset-2107963.jpg",
    "squareImage": "https://static.colruytgroup.com/images/500x500sq/std.lang.all/79/63/asset-2107963.jpg",
    "content": "400g",
    "walkRouteSequenceNumber": 16578,
    "price": {
      "basicPrice": 4.59,
      "recommendedQuantity": "1.0",
      "quantityPrice": 4.22,
      "quantityPriceQuantity": "3.0",
      "measurementUnitPrice": 11.48,
      "measurementUnitQuantityPrice": 10.55,
      "measurementUnit": "K",
      "isRedPrice": false,
      "pricePerUOM": 11.48,
      "activationDate": "04-01-2024",
      "isPromoActive": "N",
      "priceChangeCode": "H",
      "quantityPricePerUOM": 10.55,
      "quantityActivationDate": "04-01-2024",
      "quantityPriceChangeCode": "H"
    },
    "isAvailable": true,
    "isPriceAvailable": true,
    "inPromo": false,
    "gtin": [
      "15400141239147",
      "15400141844396",
      "05400141416619",
      "05400141239140"
    ],
    "topCategoryName": "Diepvries",
    "topCategoryId": "129",
    "businessDomain": "RETAIL_BE",
    "IsPrivateLabel": true,
    "IsBiffe": false,
    "WeightconversionFactor": "0",
    "IsWeightArticle": false,
    "nutriscoreLabel": "C",
    "IsBio": false,
    "CountryOfOrigin": "BELGIË",
    "IsExclusivelySoldInLuxembourg": false,
    "OrderUnit": "P",
    "ShortName": "BONI LASAG.Z.GLUT.400G",
    "IsNew": false,
    "EcoscoreLabel": "C",
    "RecentQuanityOfStockUnits": "1,6",
    "LongName": "BONI lasagne bolognese glutenvrij 400g",
    "AlcoholVolume": "0",
    "FicCode": "I",
    "EcoscoreValue": "42"
  },
  {
    "productId": "861112",
    "technicalArticleNumber": "4712121",
    "commercialArticleNumber": "18784",
    "name": "kip curry rijst groenten",
    "brand": "BONI",
    "seoBrand": "Boni Selection",
    "thumbNail": "https://static.colruytgroup.com/images/200x200/std.lang.all/65/23/asset-3256523.jpg",
    "fullImage": "https://static.colruytgroup.com/images/500x500/std.lang.all/65/23/asset-3256523.jpg",
    "squareImage": "https://static.colruytgroup.com/images/500x500sq/std.lang.all/65/23/asset-3256523.jpg",
    "content": "500g",
    "walkRouteSequenceNumber": 16567,
    "price": {
      "basicPrice": 4.09,
      "recommendedQuantity": "1.0",
      "measurementUnitPrice": 8.18,
      "measurementUnit": "K",
      "isRedPrice": false,
      "pricePerUOM": 8.18,
      "activationDate": "04-01-2024",
      "isPromoActive": "N",
      "priceChangeCode": "H"
    },
    "isAvailable": true,
    "isPriceAvailable": true,
    "inPromo": false,
    "gtin": [
      "15400141535690",
      "05400141535693"
    ],
    "topCategoryName": "Diepvries",
    "topCategoryId": "129",
    "businessDomain": "RETAIL_BE",
    "IsPrivateLabel": true,
    "IsBiffe": false,
    "WeightconversionFactor": "0",
    "IsWeightArticle": false,
    "nutriscoreLabel": "C",
    "IsBio": false,
    "CountryOfOrigin": "BELGIË",
    "IsExclusivelySoldInLuxembourg": false,
    "OrderUnit": "P",
    "ShortName": "BONI KIP CU.RI.GR. 500G",
    "IsNew": false,
    "EcoscoreLabel": "D",
    "RecentQuanityOfStockUnits": "1",
    "LongName": "BONI kip curry rijst groenten 500g",
    "FicCode": "I",
    "EcoscoreValue": "36"
  },
  {
    "productId": "211317",
    "technicalArticleNumber": "3514254",
    "commercialArticleNumber": "50604",
    "name": "kinderhoorntjes",
    "brand": "BONI",
    "seoBrand": "Boni Selection",
    "thumbNail": "https://static.colruytgroup.com/images/200x200/std.lang.all/58/72/asset-2145872.jpg",
    "fullImage": "https://static.colruytgroup.com/images/500x500/std.lang.all/58/72/asset-2145872.jpg",
    "squareImage": "https://static.colruytgroup.com/images/500x500sq/std.lang.all/58/72/asset-2145872.jpg",
    "content": "40g",
    "walkRouteSequenceNumber": 17139,
    "price": {
      "basicPrice": 1.59,
      "recommendedQuantity": "1.0",
      "measurementUnitPrice": 39.75,
      "measurementUnit": "K",
      "isRedPrice": false,
      "pricePerUOM": 39.75,
      "activationDate": "14-03-2024",
      "recordSource": "Offline",
      "isPromoActive": "N",
      "priceChangeCode": "L"
    },
    "isAvailable": true,
    "isPriceAvailable": true,
    "inPromo": false,
    "gtin": [
      "05400141407488",
      "15400141837947",
      "15400141276821",
      "05400141723809",
      "15400141723806",
      "05400141276824"
    ],
    "topCategoryName": "Diepvries",
    "topCategoryId": "129",
    "businessDomain": "RETAIL_BE",
    "IsPrivateLabel": true,
    "IsBiffe": false,
    "WeightconversionFactor": "0",
    "IsWeightArticle": false,
    "nutriscoreLabel": "B",
    "IsBio": false,
    "CountryOfOrigin": "BELGIË",
    "IsExclusivelySoldInLuxembourg": false,
    "OrderUnit": "P",
    "ShortName": "BONI KINDHOORNTJES 12ST",
    "IsNew": false,
    "EcoscoreLabel": "A",
    "RecentQuanityOfStockUnits": "1,12",
    "LongName": "BONI kinderhoorntjes 40g",
    "AlcoholVolume": "0",
    "FicCode": "I",
    "EcoscoreValue": "82"
  },
  {
    "productId": "457727",
    "technicalArticleNumber": "3949094",
    "commercialArticleNumber": "1821",
    "name": "snackburgers diepvries",
    "description": "*Burgers o.b.v. rund\nen varkensvlees\n*België\n*2,4 kg\n*6 minuten bakken",
    "brand": "EVERYDAY",
    "seoBrand": "Everyday",
    "thumbNail": "https://static.colruytgroup.com/images/200x200/std.lang.all/84/45/asset-1648445.jpg",
    "fullImage": "https://static.colruytgroup.com/images/500x500/std.lang.all/84/45/asset-1648445.jpg",
    "squareImage": "https://static.colruytgroup.com/images/500x500sq/std.lang.all/84/45/asset-1648445.jpg",
    "content": "28st",
    "walkRouteSequenceNumber": 17546,
    "price": {
      "basicPrice": 9.5,
      "recommendedQuantity": "1.0",
      "unit": "K",
      "measurementUnitPrice": 9.5,
      "measurementUnit": "K",
      "isRedPrice": false,
      "pricePerUOM": 9.5,
      "activationDate": "04-01-2024",
      "isPromoActive": "N",
      "priceChangeCode": "H"
    },
    "isAvailable": true,
    "isPriceAvailable": true,
    "inPromo": false,
    "gtin": [
      "05400141028492",
      "95400141028495"
    ],
    "topCategoryName": "Diepvries",
    "topCategoryId": "129",
    "businessDomain": "RETAIL_BE",
    "IsPrivateLabel": true,
    "IsBiffe": false,
    "WeightconversionFactor": "2300",
    "IsWeightArticle": true,
    "nutriscoreLabel": "D",
    "IsBio": false,
    "CountryOfOrigin": "BELGIË",
    "IsExclusivelySoldInLuxembourg": false,
    "OrderUnit": "P",
    "ShortName": "EVD SNACKBURG. 28X85G W",
    "IsNew": false,
    "EcoscoreLabel": "E",
    "RecentQuanityOfStockUnits": "1",
    "LongName": "EVERYDAY snackburgers diepvries 28st",
    "FicCode": "I",
    "EcoscoreValue": "9"
  },
  {
    "productId": "587613",
    "technicalArticleNumber": "4244696",
    "commercialArticleNumber": "20063",
    "name": "Arbi Vongole",
    "description": "*Saus op basis van\nvenusschelpen\nen vis\n*Diepvries",
    "seoBrand": "Arbi",
    "thumbNail": "https://static.colruytgroup.com/images/200x200/std.lang.all/27/93/asset-2112793.jpg",
    "fullImage": "https://static.colruytgroup.com/images/500x500/std.lang.all/27/93/asset-2112793.jpg",
    "squareImage": "https://static.colruytgroup.com/images/500x500sq/std.lang.all/27/93/asset-2112793.jpg",
    "content": "450g",
    "walkRouteSequenceNumber": 16663,
    "price": {
      "basicPrice": 4.99,
      "recommendedQuantity": "1.0",
      "quantityPrice": 4.59,
      "quantityPriceQuantity": "3.0",
      "measurementUnitPrice": 11.09,
      "measurementUnitQuantityPrice": 10.2,
      "measurementUnit": "K",
      "isRedPrice": false,
      "pricePerUOM": 11.09,
      "activationDate": "14-11-2023",
      "isPromoActive": "N",
      "priceChangeCode": "E",
      "quantityPricePerUOM": 10.2,
      "quantityActivationDate": "14-11-2023",
      "quantityPriceChangeCode": "E"
    },
    "isAvailable": true,
    "isPriceAvailable": true,
    "inPromo": false,
    "gtin": [
      "08002202003270",
      "08002202006448"
    ],
    "topCategoryName": "Diepvries",
    "topCategoryId": "129",
    "businessDomain": "RETAIL_BE",
    "IsPrivateLabel": false,
    "IsBiffe": false,
    "WeightconversionFactor": "0",
    "IsWeightArticle": false,
    "nutriscoreLabel": "C",
    "IsBio": false,
    "CountryOfOrigin": "ITALIË",
    "IsExclusivelySoldInLuxembourg": false,
    "OrderUnit": "P",
    "ShortName": "ARBI VONGOLE 450G",
    "IsNew": false,
    "RecentQuanityOfStockUnits": "1",
    "LongName": "Arbi Vongole 450g",
    "FicCode": "E"
  },
  {
    "productId": "855221",
    "technicalArticleNumber": "4704503",
    "commercialArticleNumber": "31312",
    "name": "mini kroketten",
    "description": "*Voorgebakken\n*Diepvries",
    "brand": "BELVIVA",
    "seoBrand": "Belviva",
    "thumbNail": "https://static.colruytgroup.com/images/200x200/std.lang.all/88/09/asset-3378809.jpg",
    "fullImage": "https://static.colruytgroup.com/images/500x500/std.lang.all/88/09/asset-3378809.jpg",
    "squareImage": "https://static.colruytgroup.com/images/500x500sq/std.lang.all/88/09/asset-3378809.jpg",
    "content": "600g",
    "walkRouteSequenceNumber": 16400,
    "price": {
      "basicPrice": 3.99,
      "recommendedQuantity": "1.0",
      "measurementUnitPrice": 6.65,
      "measurementUnit": "K",
      "isRedPrice": false,
      "pricePerUOM": 6.65,
      "activationDate": "13-03-2024",
      "recordSource": "Online",
      "isPromoActive": "N",
      "priceChangeCode": "E"
    },
    "isAvailable": true,
    "isPriceAvailable": true,
    "inPromo": false,
    "gtin": [
      "05414807607075",
      "05414807007981"
    ],
    "topCategoryName": "Diepvries",
    "topCategoryId": "129",
    "businessDomain": "RETAIL_BE",
    "IsPrivateLabel": false,
    "IsBiffe": false,
    "WeightconversionFactor": "0",
    "IsWeightArticle": false,
    "nutriscoreLabel": "B",
    "IsBio": false,
    "CountryOfOrigin": "BELGIË",
    "IsExclusivelySoldInLuxembourg": false,
    "OrderUnit": "P",
    "ShortName": "BELV MINI KROKETTEN600G",
    "InSeason": true,
    "IsNew": false,
    "RecentQuanityOfStockUnits": "1",
    "LongName": "BELVIVA mini kroketten 600g",
    "StartSeasonDate": "18/10/2023",
    "FicCode": "E"
  },
  {
    "productId": "777617",
    "technicalArticleNumber": "4570414",
    "commercialArticleNumber": "18823",
    "name": "duo vanil hazeln/caram",
    "description": "*Vanilleroomijsen-\nkaramelroomijs.",
    "brand": "HÄAGEN-DAZS",
    "seoBrand": "Häagen-Dazs",
    "thumbNail": "https://static.colruytgroup.com/images/200x200/std.lang.all/52/59/asset-2755259.jpg",
    "fullImage": "https://static.colruytgroup.com/images/500x500/std.lang.all/52/59/asset-2755259.jpg",
    "squareImage": "https://static.colruytgroup.com/images/500x500sq/std.lang.all/52/59/asset-2755259.jpg",
    "content": "420ml",
    "walkRouteSequenceNumber": 17445,
    "price": {
      "basicPrice": 7.89,
      "recommendedQuantity": "1.0",
      "quantityPrice": 7.57,
      "quantityPriceQuantity": "3.0",
      "measurementUnitPrice": 18.79,
      "measurementUnitQuantityPrice": 18.03,
      "measurementUnit": "K",
      "isRedPrice": false,
      "pricePerUOM": 18.79,
      "activationDate": "19-03-2024",
      "recordSource": "Offline",
      "isPromoActive": "N",
      "priceChangeCode": "H",
      "quantityPricePerUOM": 18.03,
      "quantityActivationDate": "19-03-2024",
      "quantityPriceChangeCode": "H"
    },
    "isAvailable": true,
    "isPriceAvailable": true,
    "inPromo": true,
    "promotion": [
      {
        "techPromoId": "001321COLR",
        "promotionId": "001321",
        "promotionType": "3",
        "isPersonalized": "N",
        "publicationStartDate": "09-03-2024",
        "publicationEndDate": "30-06-2024"
      }
    ],
    "gtin": [
      "03415582305714"
    ],
    "topCategoryName": "Diepvries",
    "topCategoryId": "129",
    "businessDomain": "RETAIL_BE",
    "IsPrivateLabel": false,
    "IsBiffe": false,
    "WeightconversionFactor": "0",
    "IsWeightArticle": false,
    "nutriscoreLabel": "D",
    "IsBio": false,
    "CountryOfOrigin": "FRANKRIJK",
    "IsExclusivelySoldInLuxembourg": false,
    "OrderUnit": "P",
    "ShortName": "HADA VANIL/CARAM 420ML",
    "IsNew": false,
    "EcoscoreLabel": "B",
    "RecentQuanityOfStockUnits": "1,8",
    "LongName": "HÄAGEN-DAZS duo vanil hazeln/caram 420ml",
    "FicCode": "E",
    "EcoscoreValue": "67"
  },
  {
    "productId": "690468",
    "technicalArticleNumber": "4416969",
    "commercialArticleNumber": "18924",
    "name": "kipburger",
    "description": "*Voorgegaard\nkipproduct\n*Diepvries",
    "brand": "WAHID",
    "seoBrand": "Wahid",
    "thumbNail": "https://static.colruytgroup.com/images/200x200/std.lang.all/54/22/asset-2435422.jpg",
    "fullImage": "https://static.colruytgroup.com/images/500x500/std.lang.all/54/22/asset-2435422.jpg",
    "squareImage": "https://static.colruytgroup.com/images/500x500sq/std.lang.all/54/22/asset-2435422.jpg",
    "content": "12x70g",
    "walkRouteSequenceNumber": 17536,
    "price": {
      "basicPrice": 5.29,
      "recommendedQuantity": "1.0",
      "quantityPrice": 4.87,
      "quantityPriceQuantity": "3.0",
      "measurementUnitPrice": 6.3,
      "measurementUnitQuantityPrice": 5.8,
      "measurementUnit": "K",
      "isRedPrice": false,
      "pricePerUOM": 6.3,
      "activationDate": "10-10-2023",
      "isPromoActive": "N",
      "priceChangeCode": "H",
      "quantityPricePerUOM": 5.8,
      "quantityActivationDate": "10-10-2023",
      "quantityPriceChangeCode": "H"
    },
    "isAvailable": true,
    "isPriceAvailable": true,
    "inPromo": false,
    "gtin": [
      "08718337095232",
      "08716221095238"
    ],
    "topCategoryName": "Diepvries",
    "topCategoryId": "129",
    "businessDomain": "RETAIL_BE",
    "IsPrivateLabel": false,
    "IsBiffe": false,
    "WeightconversionFactor": "0",
    "IsWeightArticle": false,
    "IsBio": false,
    "CountryOfOrigin": "NEDERLAND",
    "IsExclusivelySoldInLuxembourg": false,
    "OrderUnit": "P",
    "ShortName": "WAHID KIPBURGER 12X70G",
    "IsNew": false,
    "RecentQuanityOfStockUnits": "1",
    "LongName": "WAHID kipburger 12x70g",
    "FicCode": "E"
  },
  {
    "productId": "870175",
    "technicalArticleNumber": "4723683",
    "commercialArticleNumber": "21547",
    "name": "Classic Almond White",
    "description": "*Ijs op stokje\nClassic\nWhite\nAlmond\n*2x Double Caramel",
    "brand": "MAGNUM",
    "seoBrand": "Ola Magnum",
    "thumbNail": "https://static.colruytgroup.com/images/200x200/std.lang.all/11/36/asset-3311136.jpg",
    "fullImage": "https://static.colruytgroup.com/images/500x500/std.lang.all/11/36/asset-3311136.jpg",
    "squareImage": "https://static.colruytgroup.com/images/500x500sq/std.lang.all/11/36/asset-3311136.jpg",
    "content": "830ml",
    "walkRouteSequenceNumber": 17170,
    "price": {
      "basicPrice": 11.99,
      "recommendedQuantity": "1.0",
      "quantityPrice": 11.03,
      "quantityPriceQuantity": "3.0",
      "measurementUnitPrice": 14.45,
      "measurementUnitQuantityPrice": 13.29,
      "measurementUnit": "L",
      "isRedPrice": false,
      "pricePerUOM": 14.45,
      "activationDate": "14-02-2024",
      "recordSource": "Offline",
      "isPromoActive": "N",
      "priceChangeCode": "E",
      "quantityPricePerUOM": 13.29,
      "quantityActivationDate": "14-02-2024",
      "quantityPriceChangeCode": "E"
    },
    "isAvailable": true,
    "isPriceAvailable": true,
    "inPromo": false,
    "gtin": [
      "08711327579705",
      "08711327579699"
    ],
    "topCategoryName": "Diepvries",
    "topCategoryId": "129",
    "businessDomain": "RETAIL_BE",
    "IsPrivateLabel": false,
    "IsBiffe": false,
    "WeightconversionFactor": "0",
    "IsWeightArticle": false,
    "nutriscoreLabel": "E",
    "IsBio": false,
    "CountryOfOrigin": "POLEN",
    "IsExclusivelySoldInLuxembourg": false,
    "OrderUnit": "P",
    "ShortName": "MAGN CLA.ALMO.WHIT.85ML",
    "IsNew": false,
    "EcoscoreLabel": "B",
    "RecentQuanityOfStockUnits": "1",
    "LongName": "MAGNUM Classic Almond White 830ml",
    "FicCode": "E",
    "EcoscoreValue": "67"
  },
  {
    "productId": "778244",
    "technicalArticleNumber": "4571438",
    "commercialArticleNumber": "28274",
    "name": "mochi passievrucht",
    "brand": "LITTLE MOONS",
    "seoBrand": "Little Moons",
    "thumbNail": "https://static.colruytgroup.com/images/200x200/std.lang.all/88/81/asset-2748881.jpg",
    "fullImage": "https://static.colruytgroup.com/images/500x500/std.lang.all/88/81/asset-2748881.jpg",
    "squareImage": "https://static.colruytgroup.com/images/500x500sq/std.lang.all/88/81/asset-2748881.jpg",
    "content": "6x32g",
    "walkRouteSequenceNumber": 17416,
    "price": {
      "basicPrice": 6.49,
      "recommendedQuantity": "1.0",
      "quantityPrice": 6.23,
      "quantityPriceQuantity": "3.0",
      "measurementUnitPrice": 33.81,
      "measurementUnitQuantityPrice": 32.45,
      "measurementUnit": "K",
      "isRedPrice": false,
      "pricePerUOM": 33.81,
      "activationDate": "21-03-2024",
      "recordSource": "Offline",
      "isPromoActive": "N",
      "priceChangeCode": "E",
      "quantityPricePerUOM": 32.45,
      "quantityActivationDate": "21-03-2024",
      "quantityPriceChangeCode": "H"
    },
    "isAvailable": true,
    "isPriceAvailable": true,
    "inPromo": false,
    "gtin": [
      "05027324002256",
      "05027324001839"
    ],
    "topCategoryName": "Diepvries",
    "topCategoryId": "129",
    "businessDomain": "RETAIL_BE",
    "IsPrivateLabel": false,
    "IsBiffe": false,
    "WeightconversionFactor": "0",
    "IsWeightArticle": false,
    "nutriscoreLabel": "D",
    "IsBio": false,
    "CountryOfOrigin": "VERENIGD KONINKRIJK",
    "IsExclusivelySoldInLuxembourg": false,
    "OrderUnit": "P",
    "ShortName": "LIMO MOCHI PASSIVR6X32G",
    "InSeason": true,
    "IsNew": false,
    "RecentQuanityOfStockUnits": "1,10",
    "LongName": "LITTLE MOONS mochi passievrucht 6x32g",
    "StartSeasonDate": "27/10/2022",
    "FicCode": "E"
  },
  {
    "productId": "830527",
    "technicalArticleNumber": "4670120",
    "commercialArticleNumber": "1733",
    "name": "napolitana",
    "description": "*Roomijs\n*Wafel\n*Chocoladesmaak\n*Aardbeiensmaak\n*Dessert",
    "brand": "OLA",
    "seoBrand": "Ola",
    "thumbNail": "https://static.colruytgroup.com/images/200x200/std.lang.all/52/21/asset-3215221.jpg",
    "fullImage": "https://static.colruytgroup.com/images/500x500/std.lang.all/52/21/asset-3215221.jpg",
    "squareImage": "https://static.colruytgroup.com/images/500x500sq/std.lang.all/52/21/asset-3215221.jpg",
    "content": "6st",
    "walkRouteSequenceNumber": 17421,
    "price": {
      "basicPrice": 6.25,
      "recommendedQuantity": "1.0",
      "measurementUnitPrice": 19.3,
      "measurementUnit": "K",
      "isRedPrice": false,
      "pricePerUOM": 19.3,
      "activationDate": "06-01-2024",
      "recordSource": "Offline",
      "isPromoActive": "N",
      "priceChangeCode": "H"
    },
    "isAvailable": true,
    "isPriceAvailable": true,
    "inPromo": false,
    "gtin": [
      "08711327578227",
      "08711327578234"
    ],
    "topCategoryName": "Diepvries",
    "topCategoryId": "129",
    "businessDomain": "RETAIL_BE",
    "IsPrivateLabel": false,
    "IsBiffe": false,
    "WeightconversionFactor": "0",
    "IsWeightArticle": false,
    "nutriscoreLabel": "D",
    "IsBio": false,
    "CountryOfOrigin": "ITALIË",
    "IsExclusivelySoldInLuxembourg": false,
    "OrderUnit": "P",
    "ShortName": "OLA NAPOLITANA 6 STUKS",
    "IsNew": false,
    "EcoscoreLabel": "B",
    "RecentQuanityOfStockUnits": "1",
    "LongName": "OLA napolitana 6st",
    "FicCode": "E",
    "EcoscoreValue": "67"
  },
  {
    "productId": "870180",
    "technicalArticleNumber": "4723689",
    "commercialArticleNumber": "21567",
    "name": "kikkerbillen",
    "description": "*Kikkerbillen",
    "brand": "DELIMARE",
    "seoBrand": "Delimare",
    "thumbNail": "https://static.colruytgroup.com/images/200x200/std.lang.all/50/69/asset-3205069.jpg",
    "fullImage": "https://static.colruytgroup.com/images/500x500/std.lang.all/50/69/asset-3205069.jpg",
    "squareImage": "https://static.colruytgroup.com/images/500x500sq/std.lang.all/50/69/asset-3205069.jpg",
    "content": "800g",
    "walkRouteSequenceNumber": 16633,
    "price": {
      "basicPrice": 14.2,
      "recommendedQuantity": "1.0",
      "quantityPrice": 13.06,
      "quantityPriceQuantity": "3.0",
      "measurementUnitPrice": 17.75,
      "measurementUnitQuantityPrice": 16.33,
      "measurementUnit": "K",
      "isRedPrice": false,
      "pricePerUOM": 17.75,
      "activationDate": "21-03-2024",
      "recordSource": "Offline",
      "isPromoActive": "N",
      "priceChangeCode": "L",
      "quantityPricePerUOM": 16.33,
      "quantityActivationDate": "21-03-2024",
      "quantityPriceChangeCode": "L"
    },
    "isAvailable": true,
    "isPriceAvailable": true,
    "inPromo": false,
    "gtin": [
      "08717306353748",
      "08717306353755"
    ],
    "topCategoryName": "Diepvries",
    "topCategoryId": "129",
    "businessDomain": "RETAIL_BE",
    "IsPrivateLabel": false,
    "IsBiffe": false,
    "WeightconversionFactor": "0",
    "IsWeightArticle": false,
    "IsBio": false,
    "CountryOfOrigin": "VIETNAM",
    "IsExclusivelySoldInLuxembourg": false,
    "OrderUnit": "P",
    "ShortName": "DELI KIKKERBILLEN 13/15",
    "IsNew": false,
    "RecentQuanityOfStockUnits": "1",
    "LongName": "DELIMARE kikkerbillen 800g",
    "FicCode": "E"
  },
  {
    "productId": "1033743",
    "technicalArticleNumber": "4795388",
    "commercialArticleNumber": "35729",
    "name": "Pizza Sensazione Speciale",
    "brand": "WAGNER",
    "seoBrand": "Original Wagner",
    "thumbNail": "https://static.colruytgroup.com/images/200x200/std.lang.all/43/85/asset-3434385.jpg",
    "fullImage": "https://static.colruytgroup.com/images/500x500/std.lang.all/43/85/asset-3434385.jpg",
    "squareImage": "https://static.colruytgroup.com/images/500x500sq/std.lang.all/43/85/asset-3434385.jpg",
    "content": "360g",
    "walkRouteSequenceNumber": 18161,
    "price": {
      "basicPrice": 3.49,
      "recommendedQuantity": "1.0",
      "quantityPrice": 3.35,
      "quantityPriceQuantity": "3.0",
      "measurementUnitPrice": 9.7,
      "measurementUnitQuantityPrice": 9.31,
      "measurementUnit": "K",
      "isRedPrice": false,
      "pricePerUOM": 9.7,
      "activationDate": "23-03-2024",
      "recordSource": "Offline",
      "isPromoActive": "N",
      "priceChangeCode": "L",
      "quantityPricePerUOM": 9.31,
      "quantityActivationDate": "23-03-2024",
      "quantityPriceChangeCode": "L"
    },
    "isAvailable": true,
    "isPriceAvailable": true,
    "inPromo": false,
    "gtin": [
      "04009233016815"
    ],
    "topCategoryName": "Diepvries",
    "topCategoryId": "129",
    "businessDomain": "RETAIL_BE",
    "IsPrivateLabel": false,
    "IsBiffe": false,
    "WeightconversionFactor": "0",
    "IsWeightArticle": false,
    "nutriscoreLabel": "D",
    "IsBio": false,
    "CountryOfOrigin": "DUITSLAND",
    "IsExclusivelySoldInLuxembourg": false,
    "OrderUnit": "P",
    "ShortName": "WAGN SEN.SPECIALE360G",
    "IsNew": true,
    "RecentQuanityOfStockUnits": "1",
    "LongName": "WAGNER Pizza Sensazione Speciale 360g",
    "FicCode": "E"
  },
  {
    "productId": "870186",
    "technicalArticleNumber": "4723699",
    "commercialArticleNumber": "21598",
    "name": "kikkerbillen 8-12st",
    "description": "*DIEPVRIES\n*Rauwe kikkerbillen",
    "brand": "DELIMARE",
    "seoBrand": "Delimare",
    "thumbNail": "https://static.colruytgroup.com/images/200x200/std.lang.all/50/70/asset-3205070.jpg",
    "fullImage": "https://static.colruytgroup.com/images/500x500/std.lang.all/50/70/asset-3205070.jpg",
    "squareImage": "https://static.colruytgroup.com/images/500x500sq/std.lang.all/50/70/asset-3205070.jpg",
    "content": "800g",
    "walkRouteSequenceNumber": 16632,
    "price": {
      "basicPrice": 14.95,
      "recommendedQuantity": "1.0",
      "quantityPrice": 13.75,
      "quantityPriceQuantity": "3.0",
      "measurementUnitPrice": 18.69,
      "measurementUnitQuantityPrice": 17.19,
      "measurementUnit": "K",
      "isRedPrice": false,
      "pricePerUOM": 18.69,
      "activationDate": "19-04-2023",
      "isPromoActive": "N",
      "priceChangeCode": "E",
      "quantityPricePerUOM": 17.19,
      "quantityActivationDate": "19-04-2023",
      "quantityPriceChangeCode": "E"
    },
    "isAvailable": true,
    "isPriceAvailable": true,
    "inPromo": false,
    "gtin": [
      "08717306353731",
      "08717306353724"
    ],
    "topCategoryName": "Diepvries",
    "topCategoryId": "129",
    "businessDomain": "RETAIL_BE",
    "IsPrivateLabel": false,
    "IsBiffe": false,
    "WeightconversionFactor": "0",
    "IsWeightArticle": false,
    "IsBio": false,
    "CountryOfOrigin": "VIETNAM",
    "IsExclusivelySoldInLuxembourg": false,
    "OrderUnit": "P",
    "ShortName": "DELI KIKKERBIL800G 8/12",
    "IsNew": false,
    "RecentQuanityOfStockUnits": "1",
    "LongName": "DELIMARE kikkerbillen 8-12st 800g",
    "FicCode": "E"
  },
  {
    "productId": "674732",
    "technicalArticleNumber": "4390155",
    "commercialArticleNumber": "12214",
    "name": "fruitijsje mango/passievr",
    "description": "*Mango/passie-\nvruchten sorbetstick\nmet suikers",
    "brand": "BONI",
    "seoBrand": "Boni Selection",
    "thumbNail": "https://static.colruytgroup.com/images/200x200/std.lang.all/47/09/asset-2394709.jpg",
    "fullImage": "https://static.colruytgroup.com/images/500x500/std.lang.all/47/09/asset-2394709.jpg",
    "squareImage": "https://static.colruytgroup.com/images/500x500sq/std.lang.all/47/09/asset-2394709.jpg",
    "content": "4x65ml",
    "walkRouteSequenceNumber": 17280,
    "price": {
      "basicPrice": 3.99,
      "recommendedQuantity": "1.0",
      "quantityPrice": 3.67,
      "quantityPriceQuantity": "3.0",
      "measurementUnitPrice": 15.35,
      "measurementUnitQuantityPrice": 14.12,
      "measurementUnit": "L",
      "isRedPrice": false,
      "pricePerUOM": 15.35,
      "activationDate": "10-08-2023",
      "recordSource": "Offline",
      "isPromoActive": "N",
      "priceChangeCode": "E",
      "quantityPricePerUOM": 14.12,
      "quantityActivationDate": "10-08-2023",
      "quantityPriceChangeCode": "H"
    },
    "isAvailable": true,
    "isPriceAvailable": true,
    "inPromo": false,
    "gtin": [
      "05400141603132",
      "15400141899396",
      "15400141603139",
      "05400141899399"
    ],
    "topCategoryName": "Diepvries",
    "topCategoryId": "129",
    "businessDomain": "RETAIL_BE",
    "IsPrivateLabel": true,
    "IsBiffe": false,
    "WeightconversionFactor": "0",
    "IsWeightArticle": false,
    "nutriscoreLabel": "A",
    "IsBio": false,
    "CountryOfOrigin": "BELGIË",
    "IsExclusivelySoldInLuxembourg": false,
    "OrderUnit": "P",
    "ShortName": "BONI FR.IJS MAN/PAS4X65",
    "IsNew": false,
    "EcoscoreLabel": "B",
    "RecentQuanityOfStockUnits": "1",
    "LongName": "BONI fruitijsje mango/passievr 4x65ml",
    "FicCode": "I",
    "EcoscoreValue": "67"
  },
  {
    "productId": "469160",
    "technicalArticleNumber": "4058550",
    "commercialArticleNumber": "6716",
    "name": "vanille met macadamia",
    "description": "*Verse ingrediënten\n*Vanilleroomijs met\nmacadamianootjes",
    "brand": "HÄAGEN-DAZS",
    "seoBrand": "Häagen-Dazs",
    "thumbNail": "https://static.colruytgroup.com/images/200x200/std.lang.all/40/95/asset-2204095.jpg",
    "fullImage": "https://static.colruytgroup.com/images/500x500/std.lang.all/40/95/asset-2204095.jpg",
    "squareImage": "https://static.colruytgroup.com/images/500x500sq/std.lang.all/40/95/asset-2204095.jpg",
    "content": "460ml",
    "walkRouteSequenceNumber": 17444,
    "price": {
      "basicPrice": 6.49,
      "recommendedQuantity": "1.0",
      "quantityPrice": 5.73,
      "quantityPriceQuantity": "2.0",
      "measurementUnitPrice": 14.11,
      "measurementUnitQuantityPrice": 12.46,
      "measurementUnit": "L",
      "isRedPrice": false,
      "pricePerUOM": 14.11,
      "activationDate": "23-03-2024",
      "recordSource": "Offline",
      "isPromoActive": "N",
      "priceChangeCode": "E",
      "quantityPricePerUOM": 12.46,
      "quantityActivationDate": "23-03-2024",
      "quantityPriceChangeCode": "E"
    },
    "isAvailable": true,
    "isPriceAvailable": true,
    "inPromo": false,
    "gtin": [
      "03415580031493",
      "03415581122015"
    ],
    "topCategoryName": "Diepvries",
    "topCategoryId": "129",
    "businessDomain": "RETAIL_BE",
    "IsPrivateLabel": false,
    "IsBiffe": false,
    "WeightconversionFactor": "0",
    "IsWeightArticle": false,
    "nutriscoreLabel": "D",
    "IsBio": false,
    "CountryOfOrigin": "FRANKRIJK",
    "IsExclusivelySoldInLuxembourg": false,
    "OrderUnit": "P",
    "ShortName": "HAADAZS MACADAMIA 460ML",
    "IsNew": false,
    "EcoscoreLabel": "B",
    "RecentQuanityOfStockUnits": "1,8",
    "LongName": "HÄAGEN-DAZS vanille met macadamia 460ml",
    "FicCode": "E",
    "EcoscoreValue": "67"
  },
  {
    "productId": "35946",
    "technicalArticleNumber": "1862978",
    "commercialArticleNumber": "34922",
    "name": "wok gevogelte reep dv",
    "description": "*Reepjes kalkoen\n*België\n*1 kg\n*5-6 minuten bakken\n*Oppervl. ontdooien",
    "brand": "BONI",
    "seoBrand": "Boni Selection",
    "thumbNail": "https://static.colruytgroup.com/images/200x200/std.lang.all/10/89/asset-961089.jpg",
    "fullImage": "https://static.colruytgroup.com/images/500x500/std.lang.all/10/89/asset-961089.jpg",
    "squareImage": "https://static.colruytgroup.com/images/500x500sq/std.lang.all/10/89/asset-961089.jpg",
    "content": "±1kg",
    "walkRouteSequenceNumber": 16599,
    "price": {
      "basicPrice": 16.5,
      "recommendedQuantity": "1.0",
      "unit": "K",
      "measurementUnitPrice": 16.5,
      "measurementUnit": "K",
      "isRedPrice": false,
      "pricePerUOM": 16.5,
      "activationDate": "14-02-2024",
      "isPromoActive": "N",
      "priceChangeCode": "H"
    },
    "isAvailable": true,
    "isPriceAvailable": true,
    "inPromo": false,
    "gtin": [
      "95400141007605",
      "05400141396652",
      "05400141449228",
      "95400141349224"
    ],
    "topCategoryName": "Diepvries",
    "topCategoryId": "129",
    "businessDomain": "RETAIL_BE",
    "IsPrivateLabel": true,
    "IsBiffe": false,
    "WeightconversionFactor": "1000",
    "IsWeightArticle": true,
    "nutriscoreLabel": "A",
    "IsBio": false,
    "CountryOfOrigin": "BELGIË",
    "IsExclusivelySoldInLuxembourg": false,
    "OrderUnit": "P",
    "ShortName": "BONI WOKREEP.GEV.1KW",
    "IsNew": false,
    "EcoscoreLabel": "E",
    "RecentQuanityOfStockUnits": "1",
    "LongName": "BONI wok gevogelte reep dv ±1kg",
    "AlcoholVolume": "0",
    "FicCode": "I",
    "EcoscoreValue": "16"
  },
  {
    "productId": "33378",
    "technicalArticleNumber": "1683984",
    "commercialArticleNumber": "32540",
    "name": "Bumba ijsjes",
    "description": "*Ijs op stokje:\nvanille omhuld met\naardbeiensaus",
    "brand": "IJSBOERKE",
    "seoBrand": "Ijsboerke",
    "thumbNail": "https://static.colruytgroup.com/images/200x200/std.lang.all/45/71/asset-1534571.jpg",
    "fullImage": "https://static.colruytgroup.com/images/500x500/std.lang.all/45/71/asset-1534571.jpg",
    "squareImage": "https://static.colruytgroup.com/images/500x500sq/std.lang.all/45/71/asset-1534571.jpg",
    "content": "5x80ml",
    "walkRouteSequenceNumber": 17284,
    "price": {
      "basicPrice": 5.99,
      "recommendedQuantity": "1.0",
      "quantityPrice": 5.75,
      "quantityPriceQuantity": "3.0",
      "measurementUnitPrice": 14.98,
      "measurementUnitQuantityPrice": 14.38,
      "measurementUnit": "L",
      "isRedPrice": false,
      "pricePerUOM": 14.98,
      "activationDate": "31-01-2024",
      "recordSource": "Offline",
      "isPromoActive": "N",
      "priceChangeCode": "L",
      "quantityPricePerUOM": 14.38,
      "quantityActivationDate": "31-01-2024",
      "quantityPriceChangeCode": "L"
    },
    "isAvailable": true,
    "isPriceAvailable": true,
    "inPromo": false,
    "gtin": [
      "05412121003917",
      "05412121603919"
    ],
    "topCategoryName": "Diepvries",
    "topCategoryId": "129",
    "businessDomain": "RETAIL_BE",
    "IsPrivateLabel": false,
    "IsBiffe": false,
    "WeightconversionFactor": "0",
    "IsWeightArticle": false,
    "nutriscoreLabel": "A",
    "IsBio": false,
    "CountryOfOrigin": "BELGIË",
    "IsExclusivelySoldInLuxembourg": false,
    "OrderUnit": "P",
    "ShortName": "IJSBOERKE BUMBA 5X80ML",
    "IsNew": false,
    "EcoscoreLabel": "A",
    "RecentQuanityOfStockUnits": "1",
    "LongName": "IJSBOERKE Bumba ijsjes 5x80ml",
    "AlcoholVolume": "0",
    "FicCode": "E",
    "EcoscoreValue": "97"
  },
  {
    "productId": "57304",
    "technicalArticleNumber": "2360958",
    "commercialArticleNumber": "31049",
    "name": "Apéro Feuilletés 20+4gr",
    "description": "* Ass.: zalm, rundsvlees,\nham-kaas en champignon\n* In de oven",
    "brand": "MORA",
    "seoBrand": "Mora",
    "thumbNail": "https://static.colruytgroup.com/images/200x200/std.lang.all/58/69/asset-2985869.jpg",
    "fullImage": "https://static.colruytgroup.com/images/500x500/std.lang.all/58/69/asset-2985869.jpg",
    "squareImage": "https://static.colruytgroup.com/images/500x500sq/std.lang.all/58/69/asset-2985869.jpg",
    "content": "528g",
    "walkRouteSequenceNumber": 16706,
    "price": {
      "basicPrice": 5.99,
      "recommendedQuantity": "1.0",
      "measurementUnitPrice": 11.35,
      "measurementUnit": "K",
      "isRedPrice": false,
      "pricePerUOM": 11.35,
      "activationDate": "23-03-2024",
      "recordSource": "Folder",
      "isPromoActive": "N",
      "priceChangeCode": "E"
    },
    "isAvailable": true,
    "isPriceAvailable": true,
    "inPromo": false,
    "gtin": [
      "08710861013751",
      "08710861913754",
      "08000920803349",
      "08722700005568"
    ],
    "topCategoryName": "Diepvries",
    "topCategoryId": "129",
    "businessDomain": "RETAIL_BE",
    "IsPrivateLabel": false,
    "IsBiffe": false,
    "WeightconversionFactor": "0",
    "IsWeightArticle": false,
    "nutriscoreLabel": "D",
    "IsBio": false,
    "CountryOfOrigin": "NEDERLAND",
    "IsExclusivelySoldInLuxembourg": false,
    "OrderUnit": "P",
    "ShortName": "MORA 20 FEUILL APE 20+4",
    "IsNew": false,
    "EcoscoreLabel": "E",
    "RecentQuanityOfStockUnits": "1",
    "LongName": "MORA Apéro Feuilletés 20+4gr 528g",
    "AlcoholVolume": "0",
    "FicCode": "E",
    "EcoscoreValue": "3"
  },
  {
    "productId": "674652",
    "technicalArticleNumber": "4390075",
    "commercialArticleNumber": "12014",
    "name": "fruitijsje aardbei/framboos",
    "brand": "BONI",
    "seoBrand": "Boni Selection",
    "thumbNail": "https://static.colruytgroup.com/images/200x200/std.lang.all/98/74/asset-3219874.jpg",
    "fullImage": "https://static.colruytgroup.com/images/500x500/std.lang.all/98/74/asset-3219874.jpg",
    "squareImage": "https://static.colruytgroup.com/images/500x500sq/std.lang.all/98/74/asset-3219874.jpg",
    "content": "4x65ml",
    "walkRouteSequenceNumber": 17278,
    "price": {
      "basicPrice": 3.99,
      "recommendedQuantity": "1.0",
      "quantityPrice": 3.67,
      "quantityPriceQuantity": "3.0",
      "measurementUnitPrice": 15.35,
      "measurementUnitQuantityPrice": 14.12,
      "measurementUnit": "L",
      "isRedPrice": false,
      "pricePerUOM": 15.35,
      "activationDate": "01-03-2024",
      "recordSource": "Offline",
      "isPromoActive": "N",
      "priceChangeCode": "E",
      "quantityPricePerUOM": 14.12,
      "quantityActivationDate": "01-03-2024",
      "quantityPriceChangeCode": "E"
    },
    "isAvailable": true,
    "isPriceAvailable": true,
    "inPromo": false,
    "gtin": [
      "05400141899405",
      "05400141583960",
      "15400141583967"
    ],
    "topCategoryName": "Diepvries",
    "topCategoryId": "129",
    "businessDomain": "RETAIL_BE",
    "IsPrivateLabel": true,
    "IsBiffe": false,
    "WeightconversionFactor": "0",
    "IsWeightArticle": false,
    "nutriscoreLabel": "A",
    "IsBio": false,
    "CountryOfOrigin": "BELGIË",
    "IsExclusivelySoldInLuxembourg": false,
    "OrderUnit": "P",
    "ShortName": "BONI FR.IJS AAR/FRA4X65",
    "IsNew": false,
    "EcoscoreLabel": "B",
    "RecentQuanityOfStockUnits": "1",
    "LongName": "BONI fruitijsje aardbei/framboos 4x65ml",
    "FicCode": "I",
    "EcoscoreValue": "67"
  },
  {
    "productId": "691340",
    "technicalArticleNumber": "4418379",
    "commercialArticleNumber": "22534",
    "name": "ijs witte choc stick",
    "brand": "LOTUS",
    "seoBrand": "Lotus",
    "thumbNail": "https://static.colruytgroup.com/images/200x200/std.lang.all/56/78/asset-3435678.jpg",
    "fullImage": "https://static.colruytgroup.com/images/500x500/std.lang.all/56/78/asset-3435678.jpg",
    "squareImage": "https://static.colruytgroup.com/images/500x500sq/std.lang.all/56/78/asset-3435678.jpg",
    "content": "4x90ml",
    "walkRouteSequenceNumber": 17203,
    "price": {
      "basicPrice": 4.99,
      "recommendedQuantity": "1.0",
      "quantityPrice": 4.59,
      "quantityPriceQuantity": "3.0",
      "measurementUnitPrice": 13.87,
      "measurementUnitQuantityPrice": 12.75,
      "measurementUnit": "L",
      "isRedPrice": false,
      "pricePerUOM": 13.87,
      "activationDate": "01-03-2024",
      "recordSource": "Offline",
      "isPromoActive": "N",
      "priceChangeCode": "L",
      "quantityPricePerUOM": 12.75,
      "quantityActivationDate": "01-03-2024",
      "quantityPriceChangeCode": "L"
    },
    "isAvailable": true,
    "isPriceAvailable": true,
    "inPromo": false,
    "gtin": [
      "05410126297003",
      "15410126297000"
    ],
    "topCategoryName": "Diepvries",
    "topCategoryId": "129",
    "businessDomain": "RETAIL_BE",
    "IsPrivateLabel": false,
    "IsBiffe": false,
    "WeightconversionFactor": "0",
    "IsWeightArticle": false,
    "nutriscoreLabel": "E",
    "IsBio": false,
    "CountryOfOrigin": "BELGIË",
    "IsExclusivelySoldInLuxembourg": false,
    "OrderUnit": "P",
    "ShortName": "LOTU IJS WIT CHO.ST4X90",
    "InSeason": true,
    "IsNew": false,
    "RecentQuanityOfStockUnits": "1",
    "LongName": "LOTUS ijs witte choc stick 4x90ml",
    "StartSeasonDate": "11/01/2023",
    "FicCode": "E"
  },
  {
    "productId": "858012",
    "technicalArticleNumber": "4708217",
    "commercialArticleNumber": "31616",
    "name": "kaapse heek 140/160 op vel",
    "brand": "BONI",
    "seoBrand": "Boni Selection",
    "thumbNail": "https://static.colruytgroup.com/images/200x200/std.lang.all/53/14/asset-3205314.jpg",
    "fullImage": "https://static.colruytgroup.com/images/500x500/std.lang.all/53/14/asset-3205314.jpg",
    "squareImage": "https://static.colruytgroup.com/images/500x500sq/std.lang.all/53/14/asset-3205314.jpg",
    "content": "±1kg",
    "walkRouteSequenceNumber": 16785,
    "price": {
      "basicPrice": 17.95,
      "recommendedQuantity": "1.0",
      "unit": "K",
      "quantityPrice": 17.23,
      "quantityPriceQuantity": "3.0",
      "measurementUnitPrice": 17.95,
      "measurementUnitQuantityPrice": 17.23,
      "measurementUnit": "K",
      "isRedPrice": false,
      "pricePerUOM": 17.95,
      "activationDate": "13-03-2024",
      "isPromoActive": "N",
      "priceChangeCode": "E",
      "quantityPricePerUOM": 17.23,
      "quantityActivationDate": "13-03-2024",
      "quantityPriceChangeCode": "L"
    },
    "isAvailable": true,
    "isPriceAvailable": true,
    "inPromo": false,
    "gtin": [
      "05400141506037",
      "95400141506030",
      "15400141506034"
    ],
    "topCategoryName": "Diepvries",
    "topCategoryId": "129",
    "businessDomain": "RETAIL_BE",
    "IsPrivateLabel": true,
    "IsBiffe": false,
    "WeightconversionFactor": "1000",
    "IsWeightArticle": true,
    "nutriscoreLabel": "A",
    "IsBio": false,
    "CountryOfOrigin": "NAMIBIË",
    "IsExclusivelySoldInLuxembourg": false,
    "OrderUnit": "Kg",
    "ShortName": "BONI KAAPSE HEEK +-1K W",
    "IsNew": false,
    "EcoscoreLabel": "E",
    "RecentQuanityOfStockUnits": "1",
    "LongName": "BONI kaapse heek 140/160 op vel ±1kg",
    "AlcoholVolume": "0",
    "FicCode": "I",
    "EcoscoreValue": "18"
  },
  {
    "productId": "219967",
    "technicalArticleNumber": "3506013",
    "commercialArticleNumber": "33176",
    "name": "roodbaarsfilet met graat MSC",
    "description": "*Wild, noord-\noostelijk deel van\nAtlantische oceaan\n*met label MSC\n*zonder vel,panklaar",
    "brand": "BONI",
    "seoBrand": "Boni Selection",
    "thumbNail": "https://static.colruytgroup.com/images/200x200/std.lang.all/66/87/asset-2386687.jpg",
    "fullImage": "https://static.colruytgroup.com/images/500x500/std.lang.all/66/87/asset-2386687.jpg",
    "squareImage": "https://static.colruytgroup.com/images/500x500sq/std.lang.all/66/87/asset-2386687.jpg",
    "content": "±1kg",
    "walkRouteSequenceNumber": 16830,
    "price": {
      "basicPrice": 16.9,
      "recommendedQuantity": "1.0",
      "unit": "K",
      "quantityPrice": 15.5,
      "quantityPriceQuantity": "3.0",
      "measurementUnitPrice": 16.9,
      "measurementUnitQuantityPrice": 15.5,
      "measurementUnit": "K",
      "isRedPrice": false,
      "pricePerUOM": 16.9,
      "activationDate": "17-11-2023",
      "isPromoActive": "N",
      "priceChangeCode": "E",
      "quantityPricePerUOM": 15.5,
      "quantityActivationDate": "17-11-2023",
      "quantityPriceChangeCode": "E"
    },
    "isAvailable": true,
    "isPriceAvailable": true,
    "inPromo": false,
    "gtin": [
      "25400141166129",
      "05400141416428",
      "95400141317247",
      "95400141166128",
      "05400141166125",
      "95400141031372",
      "05400141317244"
    ],
    "topCategoryName": "Diepvries",
    "topCategoryId": "129",
    "businessDomain": "RETAIL_BE",
    "IsPrivateLabel": true,
    "IsBiffe": false,
    "WeightconversionFactor": "1000",
    "IsWeightArticle": true,
    "nutriscoreLabel": "A",
    "IsBio": false,
    "CountryOfOrigin": "IJSLAND",
    "IsExclusivelySoldInLuxembourg": false,
    "OrderUnit": "P",
    "ShortName": "BONI ROODBAARSFILET 1KW",
    "IsNew": false,
    "EcoscoreLabel": "E",
    "RecentQuanityOfStockUnits": "1",
    "LongName": "BONI roodbaarsfilet met graat MSC ±1kg",
    "AlcoholVolume": "0",
    "FicCode": "I",
    "EcoscoreValue": "9"
  },
  {
    "productId": "887803",
    "technicalArticleNumber": "4747371",
    "commercialArticleNumber": "32787",
    "name": "spaghetti bolognese",
    "description": "* Diepvries maaltijd\nmet gekookte spaghetti",
    "brand": "IGLO",
    "seoBrand": "Iglo",
    "thumbNail": "https://ecgproductmw.colruytgroup.com/ecgproductmw/noPicForArticle_2.jpg",
    "fullImage": "https://ecgproductmw.colruytgroup.com/ecgproductmw/noPicForArticle_5.jpg",
    "squareImage": "https://ecgproductmw.colruytgroup.com/ecgproductmw/noPicForArticle_5.jpg",
    "content": "450g",
    "walkRouteSequenceNumber": 16563,
    "price": {
      "basicPrice": 4.99,
      "recommendedQuantity": "1.0",
      "measurementUnitPrice": 11.09,
      "measurementUnit": "K",
      "isRedPrice": false,
      "pricePerUOM": 11.09,
      "activationDate": "29-02-2024",
      "recordSource": "Offline",
      "isPromoActive": "N",
      "priceChangeCode": "E"
    },
    "isAvailable": true,
    "isPriceAvailable": true,
    "inPromo": false,
    "gtin": [
      "05410148493407"
    ],
    "topCategoryName": "Diepvries",
    "topCategoryId": "129",
    "businessDomain": "RETAIL_BE",
    "IsPrivateLabel": false,
    "IsBiffe": false,
    "WeightconversionFactor": "0",
    "IsWeightArticle": false,
    "nutriscoreLabel": "A",
    "IsBio": false,
    "CountryOfOrigin": "BELGIË",
    "IsExclusivelySoldInLuxembourg": false,
    "OrderUnit": "P",
    "ShortName": "IGLO SPAGH.BOLOGN.450G",
    "IsNew": false,
    "RecentQuanityOfStockUnits": "6,1",
    "LongName": "IGLO spaghetti bolognese 450g",
    "AlcoholVolume": "0",
    "FicCode": "E"
  },
  {
    "productId": "786381",
    "technicalArticleNumber": "4587956",
    "commercialArticleNumber": "18857",
    "name": "Suprêm.gepaneerd kabeljauw 4st",
    "description": "*4 x kabeljauwfilet,\nsamengesteld uit\nstukje vis,gepaneerd\nen voorgebakken.\n*Diepvries",
    "brand": "IGLO",
    "seoBrand": "Iglo",
    "thumbNail": "https://static.colruytgroup.com/images/200x200/std.lang.all/71/30/asset-2837130.jpg",
    "fullImage": "https://static.colruytgroup.com/images/500x500/std.lang.all/71/30/asset-2837130.jpg",
    "squareImage": "https://static.colruytgroup.com/images/500x500sq/std.lang.all/71/30/asset-2837130.jpg",
    "content": "440g",
    "walkRouteSequenceNumber": 16849,
    "price": {
      "basicPrice": 12.45,
      "recommendedQuantity": "1.0",
      "quantityPrice": 11.95,
      "quantityPriceQuantity": "3.0",
      "measurementUnitPrice": 28.3,
      "measurementUnitQuantityPrice": 27.16,
      "measurementUnit": "K",
      "isRedPrice": false,
      "pricePerUOM": 28.3,
      "activationDate": "20-03-2024",
      "recordSource": "Offline",
      "isPromoActive": "N",
      "priceChangeCode": "H",
      "quantityPricePerUOM": 27.16,
      "quantityActivationDate": "20-03-2024",
      "quantityPriceChangeCode": "H"
    },
    "isAvailable": true,
    "isPriceAvailable": true,
    "inPromo": false,
    "gtin": [
      "05414807007516",
      "05414807606603"
    ],
    "topCategoryName": "Diepvries",
    "topCategoryId": "129",
    "businessDomain": "RETAIL_BE",
    "IsPrivateLabel": false,
    "IsBiffe": false,
    "WeightconversionFactor": "0",
    "IsWeightArticle": false,
    "nutriscoreLabel": "B",
    "IsBio": false,
    "CountryOfOrigin": "VERENIGD KONINKRIJK",
    "IsExclusivelySoldInLuxembourg": false,
    "OrderUnit": "P",
    "ShortName": "IGLO SUPREM.KABELJ.440G",
    "IsNew": false,
    "RecentQuanityOfStockUnits": "1",
    "LongName": "IGLO Suprêm.gepaneerd kabeljauw 4st 440g",
    "FicCode": "E"
  },
  {
    "productId": "678287",
    "technicalArticleNumber": "4395986",
    "commercialArticleNumber": "24352",
    "name": "veggie lasagne",
    "description": "*Diepvries",
    "brand": "IGLO GREEN CUISINE",
    "seoBrand": "Iglo Green Cuisine",
    "thumbNail": "https://static.colruytgroup.com/images/200x200/std.lang.all/56/91/asset-3325691.jpg",
    "fullImage": "https://static.colruytgroup.com/images/500x500/std.lang.all/56/91/asset-3325691.jpg",
    "squareImage": "https://static.colruytgroup.com/images/500x500sq/std.lang.all/56/91/asset-3325691.jpg",
    "content": "450g",
    "walkRouteSequenceNumber": 16872,
    "price": {
      "basicPrice": 4.49,
      "recommendedQuantity": "1.0",
      "measurementUnitPrice": 9.98,
      "measurementUnit": "K",
      "isRedPrice": false,
      "pricePerUOM": 9.98,
      "activationDate": "17-02-2024",
      "recordSource": "Offline",
      "isPromoActive": "N",
      "priceChangeCode": "E"
    },
    "isAvailable": true,
    "isPriceAvailable": true,
    "inPromo": false,
    "gtin": [
      "05414807606023",
      "05414807006939"
    ],
    "topCategoryName": "Diepvries",
    "topCategoryId": "129",
    "businessDomain": "RETAIL_BE",
    "IsPrivateLabel": false,
    "IsBiffe": false,
    "WeightconversionFactor": "0",
    "IsWeightArticle": false,
    "nutriscoreLabel": "A",
    "IsBio": false,
    "CountryOfOrigin": "BELGIË",
    "IsExclusivelySoldInLuxembourg": false,
    "OrderUnit": "P",
    "ShortName": "GRCU VEGET.LASAGNE 450G",
    "IsNew": false,
    "RecentQuanityOfStockUnits": "1",
    "LongName": "IGLO GREEN CUISINE veggie lasagne 450g",
    "FicCode": "E"
  },
  {
    "productId": "880981",
    "technicalArticleNumber": "4738190",
    "commercialArticleNumber": "32359",
    "name": "Scampi met sweet Chili saus",
    "brand": "BONI",
    "seoBrand": "Boni Selection",
    "thumbNail": "https://static.colruytgroup.com/images/200x200/std.lang.all/17/36/asset-3361736.jpg",
    "fullImage": "https://static.colruytgroup.com/images/500x500/std.lang.all/17/36/asset-3361736.jpg",
    "squareImage": "https://static.colruytgroup.com/images/500x500sq/std.lang.all/17/36/asset-3361736.jpg",
    "content": "300g",
    "walkRouteSequenceNumber": 16634,
    "price": {
      "basicPrice": 4.95,
      "recommendedQuantity": "1.0",
      "quantityPrice": 4.75,
      "quantityPriceQuantity": "3.0",
      "measurementUnitPrice": 16.5,
      "measurementUnitQuantityPrice": 15.84,
      "measurementUnit": "K",
      "isRedPrice": false,
      "pricePerUOM": 16.5,
      "activationDate": "02-01-2024",
      "isPromoActive": "N",
      "priceChangeCode": "H",
      "quantityPricePerUOM": 15.84,
      "quantityActivationDate": "02-01-2024",
      "quantityPriceChangeCode": "E"
    },
    "isAvailable": true,
    "isPriceAvailable": true,
    "inPromo": true,
    "promotion": [
      {
        "techPromoId": "001162COLR",
        "promotionId": "001162",
        "promotionType": "3",
        "isPersonalized": "N",
        "publicationStartDate": "23-02-2024",
        "publicationEndDate": "24-03-2024"
      }
    ],
    "gtin": [
      "05400141512533",
      "15400141512530"
    ],
    "topCategoryName": "Diepvries",
    "topCategoryId": "129",
    "businessDomain": "RETAIL_BE",
    "IsPrivateLabel": true,
    "IsBiffe": false,
    "WeightconversionFactor": "0",
    "IsWeightArticle": false,
    "nutriscoreLabel": "A",
    "IsBio": false,
    "CountryOfOrigin": "VIETNAM",
    "IsExclusivelySoldInLuxembourg": false,
    "OrderUnit": "P",
    "ShortName": "BONI SCAMPI SW.CHI.300G",
    "IsNew": false,
    "EcoscoreLabel": "E",
    "RecentQuanityOfStockUnits": "1",
    "LongName": "BONI Scampi met sweet Chili saus 300g",
    "FicCode": "I",
    "EcoscoreValue": "17"
  },
  {
    "productId": "469128",
    "technicalArticleNumber": "4058378",
    "commercialArticleNumber": "6699",
    "name": "Favorite Selection",
    "description": "*Ass:karamel met karamelsaus,\nvanille met macadamia noten,\nvanille met karamelsaus,\nvanille met stukjes koek.",
    "brand": "HÄAGEN-DAZS",
    "seoBrand": "Häagen-Dazs",
    "thumbNail": "https://static.colruytgroup.com/images/200x200/std.lang.all/93/49/asset-3239349.jpg",
    "fullImage": "https://static.colruytgroup.com/images/500x500/std.lang.all/93/49/asset-3239349.jpg",
    "squareImage": "https://static.colruytgroup.com/images/500x500sq/std.lang.all/93/49/asset-3239349.jpg",
    "content": "4x95ml",
    "walkRouteSequenceNumber": 17439,
    "price": {
      "basicPrice": 8.19,
      "recommendedQuantity": "1.0",
      "quantityPrice": 7.86,
      "quantityPriceQuantity": "3.0",
      "measurementUnitPrice": 21.56,
      "measurementUnitQuantityPrice": 20.69,
      "measurementUnit": "L",
      "isRedPrice": false,
      "pricePerUOM": 21.56,
      "activationDate": "16-03-2024",
      "recordSource": "Offline",
      "isPromoActive": "N",
      "priceChangeCode": "L",
      "quantityPricePerUOM": 20.69,
      "quantityActivationDate": "16-03-2024",
      "quantityPriceChangeCode": "L"
    },
    "isAvailable": true,
    "isPriceAvailable": true,
    "inPromo": false,
    "gtin": [
      "03415580033336",
      "03415581571110"
    ],
    "topCategoryName": "Diepvries",
    "topCategoryId": "129",
    "businessDomain": "RETAIL_BE",
    "IsPrivateLabel": false,
    "IsBiffe": false,
    "WeightconversionFactor": "0",
    "IsWeightArticle": false,
    "nutriscoreLabel": "D",
    "IsBio": false,
    "CountryOfOrigin": "FRANKRIJK",
    "IsExclusivelySoldInLuxembourg": false,
    "OrderUnit": "P",
    "ShortName": "HAADAZS FAV SELEC4X95ML",
    "IsNew": false,
    "EcoscoreLabel": "B",
    "RecentQuanityOfStockUnits": "12,1",
    "LongName": "HÄAGEN-DAZS Favorite Selection 4x95ml",
    "FicCode": "E",
    "EcoscoreValue": "67"
  },
  {
    "productId": "191132",
    "technicalArticleNumber": "3449989",
    "commercialArticleNumber": "50211",
    "name": "topping dame blanche",
    "brand": "IMPERIAL",
    "seoBrand": "Imperial",
    "thumbNail": "https://static.colruytgroup.com/images/200x200/std.lang.all/21/75/asset-1392175.jpg",
    "fullImage": "https://static.colruytgroup.com/images/500x500/std.lang.all/21/75/asset-1392175.jpg",
    "squareImage": "https://static.colruytgroup.com/images/500x500sq/std.lang.all/21/75/asset-1392175.jpg",
    "content": "290ml",
    "walkRouteSequenceNumber": 17143,
    "price": {
      "basicPrice": 3.97,
      "recommendedQuantity": "1.0",
      "quantityPrice": 3.27,
      "quantityPriceQuantity": "3.0",
      "measurementUnitPrice": 13.69,
      "measurementUnitQuantityPrice": 11.28,
      "measurementUnit": "L",
      "isRedPrice": false,
      "pricePerUOM": 13.69,
      "activationDate": "20-03-2024",
      "recordSource": "Offline",
      "isPromoActive": "N",
      "priceChangeCode": "E",
      "quantityPricePerUOM": 11.28,
      "quantityActivationDate": "20-03-2024",
      "quantityPriceChangeCode": "H"
    },
    "isAvailable": true,
    "isPriceAvailable": true,
    "inPromo": false,
    "gtin": [
      "05414972702872",
      "05414972102870"
    ],
    "topCategoryName": "Diepvries",
    "topCategoryId": "129",
    "businessDomain": "RETAIL_BE",
    "IsPrivateLabel": false,
    "IsBiffe": false,
    "WeightconversionFactor": "0",
    "IsWeightArticle": false,
    "nutriscoreLabel": "D",
    "IsBio": false,
    "CountryOfOrigin": "BELGIË",
    "IsExclusivelySoldInLuxembourg": false,
    "OrderUnit": "P",
    "ShortName": "IMPERIAL DAME BLAN290ML",
    "IsNew": false,
    "RecentQuanityOfStockUnits": "1",
    "LongName": "IMPERIAL topping dame blanche 290ml",
    "AlcoholVolume": "0",
    "FicCode": "E"
  },
  {
    "productId": "775148",
    "technicalArticleNumber": "4565347",
    "commercialArticleNumber": "3228",
    "name": "Mini Ravioli - Tomatensaus",
    "brand": "IGLO",
    "seoBrand": "Iglo",
    "thumbNail": "https://static.colruytgroup.com/images/200x200/std.lang.all/57/37/asset-2865737.jpg",
    "fullImage": "https://static.colruytgroup.com/images/500x500/std.lang.all/57/37/asset-2865737.jpg",
    "squareImage": "https://static.colruytgroup.com/images/500x500sq/std.lang.all/57/37/asset-2865737.jpg",
    "content": "400g",
    "walkRouteSequenceNumber": 16579,
    "price": {
      "basicPrice": 2.99,
      "recommendedQuantity": "1.0",
      "measurementUnitPrice": 7.48,
      "measurementUnit": "K",
      "isRedPrice": false,
      "pricePerUOM": 7.48,
      "activationDate": "15-03-2024",
      "recordSource": "Offline",
      "isPromoActive": "N",
      "priceChangeCode": "L"
    },
    "isAvailable": true,
    "isPriceAvailable": true,
    "inPromo": false,
    "gtin": [
      "05414807606504",
      "05414807007417"
    ],
    "topCategoryName": "Diepvries",
    "topCategoryId": "129",
    "businessDomain": "RETAIL_BE",
    "IsPrivateLabel": false,
    "IsBiffe": false,
    "WeightconversionFactor": "0",
    "IsWeightArticle": false,
    "nutriscoreLabel": "B",
    "IsBio": false,
    "CountryOfOrigin": "DUITSLAND",
    "IsExclusivelySoldInLuxembourg": false,
    "OrderUnit": "P",
    "ShortName": "IGLO RAVI.TOMSAUS 400G",
    "IsNew": false,
    "RecentQuanityOfStockUnits": "1",
    "LongName": "IGLO Mini Ravioli - Tomatensaus 400g",
    "FicCode": "E"
  },
  {
    "productId": "786391",
    "technicalArticleNumber": "4587966",
    "commercialArticleNumber": "18891",
    "name": "zalmforel ASC",
    "description": "*Diepvries",
    "brand": "BONI",
    "seoBrand": "Boni Selection",
    "thumbNail": "https://static.colruytgroup.com/images/200x200/std.lang.all/96/05/asset-3309605.jpg",
    "fullImage": "https://static.colruytgroup.com/images/500x500/std.lang.all/96/05/asset-3309605.jpg",
    "squareImage": "https://static.colruytgroup.com/images/500x500sq/std.lang.all/96/05/asset-3309605.jpg",
    "content": "±1kg",
    "walkRouteSequenceNumber": 16806,
    "price": {
      "basicPrice": 35.9,
      "recommendedQuantity": "1.0",
      "unit": "K",
      "measurementUnitPrice": 35.9,
      "measurementUnit": "K",
      "isRedPrice": false,
      "pricePerUOM": 35.9,
      "activationDate": "13-03-2024",
      "isPromoActive": "Y",
      "priceChangeCode": "E"
    },
    "isAvailable": true,
    "isPriceAvailable": true,
    "inPromo": true,
    "promotion": [
      {
        "techPromoId": "100856COLR",
        "promotionId": "100856",
        "promotionType": "4",
        "isPersonalized": "N",
        "publicationStartDate": "13-03-2024",
        "publicationEndDate": "26-03-2024"
      }
    ],
    "gtin": [
      "95400141589705",
      "05400141589702"
    ],
    "topCategoryName": "Diepvries",
    "topCategoryId": "129",
    "businessDomain": "RETAIL_BE",
    "IsPrivateLabel": true,
    "IsBiffe": false,
    "WeightconversionFactor": "1000",
    "IsWeightArticle": true,
    "nutriscoreLabel": "A",
    "IsBio": false,
    "CountryOfOrigin": "NOORWEGEN",
    "IsExclusivelySoldInLuxembourg": false,
    "OrderUnit": "P",
    "ShortName": "BONI ZALMFOREL ASC+-1KW",
    "IsNew": false,
    "EcoscoreLabel": "E",
    "RecentQuanityOfStockUnits": "1",
    "LongName": "BONI zalmforel ASC ±1kg",
    "FicCode": "I",
    "EcoscoreValue": "12"
  },
  {
    "productId": "870155",
    "technicalArticleNumber": "4723660",
    "commercialArticleNumber": "21417",
    "name": "Double Caramel",
    "brand": "MAGNUM",
    "seoBrand": "Ola Magnum",
    "thumbNail": "https://static.colruytgroup.com/images/200x200/std.lang.all/13/34/asset-3211334.jpg",
    "fullImage": "https://static.colruytgroup.com/images/500x500/std.lang.all/13/34/asset-3211334.jpg",
    "squareImage": "https://static.colruytgroup.com/images/500x500sq/std.lang.all/13/34/asset-3211334.jpg",
    "content": "4x85ml",
    "walkRouteSequenceNumber": 17177,
    "price": {
      "basicPrice": 4.99,
      "recommendedQuantity": "1.0",
      "measurementUnitPrice": 14.68,
      "measurementUnit": "L",
      "isRedPrice": false,
      "pricePerUOM": 14.68,
      "activationDate": "22-03-2024",
      "recordSource": "Offline",
      "isPromoActive": "N",
      "priceChangeCode": "L"
    },
    "isAvailable": true,
    "isPriceAvailable": true,
    "inPromo": false,
    "gtin": [
      "08711327577619",
      "08711327577626"
    ],
    "topCategoryName": "Diepvries",
    "topCategoryId": "129",
    "businessDomain": "RETAIL_BE",
    "IsPrivateLabel": false,
    "IsBiffe": false,
    "WeightconversionFactor": "0",
    "IsWeightArticle": false,
    "nutriscoreLabel": "E",
    "IsBio": false,
    "CountryOfOrigin": "VERENIGD KONINKRIJK",
    "IsExclusivelySoldInLuxembourg": false,
    "OrderUnit": "P",
    "ShortName": "MAGN.DOUB.CARAMEL 85ML",
    "IsNew": false,
    "EcoscoreLabel": "B",
    "RecentQuanityOfStockUnits": "1",
    "LongName": "MAGNUM Double Caramel 4x85ml",
    "FicCode": "E",
    "EcoscoreValue": "67"
  },
  {
    "productId": "872764",
    "technicalArticleNumber": "4727177",
    "commercialArticleNumber": "23343",
    "name": "Mantelschelpnoten z.koraal",
    "brand": "BONI",
    "seoBrand": "Boni Selection",
    "thumbNail": "https://static.colruytgroup.com/images/200x200/std.lang.all/57/49/asset-3245749.jpg",
    "fullImage": "https://static.colruytgroup.com/images/500x500/std.lang.all/57/49/asset-3245749.jpg",
    "squareImage": "https://static.colruytgroup.com/images/500x500sq/std.lang.all/57/49/asset-3245749.jpg",
    "content": "500g",
    "walkRouteSequenceNumber": 16769,
    "price": {
      "basicPrice": 14.95,
      "recommendedQuantity": "1.0",
      "quantityPrice": 14.4,
      "quantityPriceQuantity": "3.0",
      "measurementUnitPrice": 29.9,
      "measurementUnitQuantityPrice": 28.8,
      "measurementUnit": "K",
      "isRedPrice": false,
      "pricePerUOM": 29.9,
      "activationDate": "21-03-2024",
      "recordSource": "Offline",
      "isPromoActive": "N",
      "priceChangeCode": "E",
      "quantityPricePerUOM": 28.8,
      "quantityActivationDate": "21-03-2024",
      "quantityPriceChangeCode": "E"
    },
    "isAvailable": true,
    "isPriceAvailable": true,
    "inPromo": false,
    "gtin": [
      "15400141681823",
      "05400141681826"
    ],
    "topCategoryName": "Diepvries",
    "topCategoryId": "129",
    "businessDomain": "RETAIL_BE",
    "IsPrivateLabel": true,
    "IsBiffe": false,
    "WeightconversionFactor": "0",
    "IsWeightArticle": false,
    "nutriscoreLabel": "A",
    "IsBio": false,
    "CountryOfOrigin": "ARGENTINIË",
    "IsExclusivelySoldInLuxembourg": false,
    "OrderUnit": "P",
    "ShortName": "BONI MANTELSCHELPN.500G",
    "IsNew": false,
    "EcoscoreLabel": "E",
    "RecentQuanityOfStockUnits": "1",
    "LongName": "BONI Mantelschelpnoten z.koraal 500g",
    "FicCode": "I",
    "EcoscoreValue": "13"
  },
  {
    "productId": "469175",
    "technicalArticleNumber": "4058565",
    "commercialArticleNumber": "6721",
    "name": "roomijs aardbei",
    "description": "*Verse ingrediënten\n*Aardbeiroomijs",
    "brand": "HÄAGEN-DAZS",
    "seoBrand": "Häagen-Dazs",
    "thumbNail": "https://static.colruytgroup.com/images/200x200/std.lang.all/79/84/asset-1697984.jpg",
    "fullImage": "https://static.colruytgroup.com/images/500x500/std.lang.all/79/84/asset-1697984.jpg",
    "squareImage": "https://static.colruytgroup.com/images/500x500sq/std.lang.all/79/84/asset-1697984.jpg",
    "content": "460ml",
    "walkRouteSequenceNumber": 17440,
    "price": {
      "basicPrice": 6.99,
      "recommendedQuantity": "1.0",
      "quantityPrice": 6.71,
      "quantityPriceQuantity": "3.0",
      "measurementUnitPrice": 15.2,
      "measurementUnitQuantityPrice": 14.59,
      "measurementUnit": "L",
      "isRedPrice": false,
      "pricePerUOM": 15.2,
      "activationDate": "23-03-2024",
      "recordSource": "Offline",
      "isPromoActive": "N",
      "priceChangeCode": "H",
      "quantityPricePerUOM": 14.59,
      "quantityActivationDate": "23-03-2024",
      "quantityPriceChangeCode": "H"
    },
    "isAvailable": true,
    "isPriceAvailable": true,
    "inPromo": false,
    "gtin": [
      "03415581105711",
      "03415580031028"
    ],
    "topCategoryName": "Diepvries",
    "topCategoryId": "129",
    "businessDomain": "RETAIL_BE",
    "IsPrivateLabel": false,
    "IsBiffe": false,
    "WeightconversionFactor": "0",
    "IsWeightArticle": false,
    "nutriscoreLabel": "D",
    "IsBio": false,
    "CountryOfOrigin": "FRANKRIJK",
    "IsExclusivelySoldInLuxembourg": false,
    "OrderUnit": "P",
    "ShortName": "HAADAZS AARDBEI 460ML",
    "IsNew": false,
    "EcoscoreLabel": "B",
    "RecentQuanityOfStockUnits": "1,8",
    "LongName": "HÄAGEN-DAZS roomijs aardbei 460ml",
    "FicCode": "E",
    "EcoscoreValue": "67"
  },
  {
    "productId": "17090",
    "technicalArticleNumber": "1438910",
    "commercialArticleNumber": "30630",
    "name": "ICY light vanille",
    "description": "*Met tagatose\n*Ijshoorntje vanille\nmet Belgische\nmelkchocolade",
    "brand": "IJSBOERKE",
    "seoBrand": "Ijsboerke Icy Light",
    "thumbNail": "https://static.colruytgroup.com/images/200x200/std.lang.all/84/12/asset-1498412.jpg",
    "fullImage": "https://static.colruytgroup.com/images/500x500/std.lang.all/84/12/asset-1498412.jpg",
    "squareImage": "https://static.colruytgroup.com/images/500x500sq/std.lang.all/84/12/asset-1498412.jpg",
    "content": "6x100ml",
    "walkRouteSequenceNumber": 17261,
    "price": {
      "basicPrice": 8.75,
      "recommendedQuantity": "1.0",
      "quantityPrice": 8.05,
      "quantityPriceQuantity": "3.0",
      "measurementUnitPrice": 14.59,
      "measurementUnitQuantityPrice": 13.42,
      "measurementUnit": "L",
      "isRedPrice": false,
      "pricePerUOM": 14.59,
      "activationDate": "21-03-2024",
      "recordSource": "Offline",
      "isPromoActive": "N",
      "priceChangeCode": "L",
      "quantityPricePerUOM": 13.42,
      "quantityActivationDate": "21-03-2024",
      "quantityPriceChangeCode": "L"
    },
    "isAvailable": true,
    "isPriceAvailable": true,
    "inPromo": false,
    "gtin": [
      "05412121202686",
      "05412121002682"
    ],
    "topCategoryName": "Diepvries",
    "topCategoryId": "129",
    "businessDomain": "RETAIL_BE",
    "IsPrivateLabel": false,
    "IsBiffe": false,
    "WeightconversionFactor": "0",
    "IsWeightArticle": false,
    "nutriscoreLabel": "C",
    "IsBio": false,
    "CountryOfOrigin": "BELGIË",
    "IsExclusivelySoldInLuxembourg": false,
    "OrderUnit": "P",
    "ShortName": "IJSBO ICY BIG STI 6X100",
    "IsNew": false,
    "EcoscoreLabel": "A",
    "RecentQuanityOfStockUnits": "1",
    "LongName": "IJSBOERKE ICY light vanille 6x100ml",
    "AlcoholVolume": "0",
    "FicCode": "E",
    "EcoscoreValue": "100"
  },
  {
    "productId": "667588",
    "technicalArticleNumber": "4377709",
    "commercialArticleNumber": "24260",
    "name": "Pint roomijs maple walnut",
    "description": "*Vanille roomijs\nmet ahornstroop\nen walnoten",
    "brand": "BONI",
    "seoBrand": "Boni Selection",
    "thumbNail": "https://static.colruytgroup.com/images/200x200/std.lang.all/98/67/asset-2429867.jpg",
    "fullImage": "https://static.colruytgroup.com/images/500x500/std.lang.all/98/67/asset-2429867.jpg",
    "squareImage": "https://static.colruytgroup.com/images/500x500sq/std.lang.all/98/67/asset-2429867.jpg",
    "content": "500ml",
    "walkRouteSequenceNumber": 17467,
    "price": {
      "basicPrice": 3.39,
      "recommendedQuantity": "1.0",
      "quantityPrice": 3.12,
      "quantityPriceQuantity": "3.0",
      "measurementUnitPrice": 6.78,
      "measurementUnitQuantityPrice": 6.24,
      "measurementUnit": "L",
      "isRedPrice": false,
      "pricePerUOM": 6.78,
      "activationDate": "15-03-2024",
      "recordSource": "Offline",
      "isPromoActive": "N",
      "priceChangeCode": "L",
      "quantityPricePerUOM": 6.24,
      "quantityActivationDate": "15-03-2024",
      "quantityPriceChangeCode": "L"
    },
    "isAvailable": true,
    "isPriceAvailable": true,
    "inPromo": false,
    "gtin": [
      "05400141450033",
      "15400141450030"
    ],
    "topCategoryName": "Diepvries",
    "topCategoryId": "129",
    "businessDomain": "RETAIL_BE",
    "IsPrivateLabel": true,
    "IsBiffe": false,
    "WeightconversionFactor": "0",
    "IsWeightArticle": false,
    "nutriscoreLabel": "D",
    "IsBio": false,
    "CountryOfOrigin": "BELGIË",
    "IsExclusivelySoldInLuxembourg": false,
    "OrderUnit": "P",
    "ShortName": "BONI PINT MAP.WALN500ML",
    "IsNew": false,
    "EcoscoreLabel": "B",
    "RecentQuanityOfStockUnits": "1",
    "LongName": "BONI Pint roomijs maple walnut 500ml",
    "FicCode": "I",
    "EcoscoreValue": "67"
  },
  {
    "productId": "700492",
    "technicalArticleNumber": "4432981",
    "commercialArticleNumber": "14738",
    "name": "rundsvleeskroket",
    "description": "*Diepvries",
    "brand": "MEKKAFOOD",
    "seoBrand": "Mekkafood",
    "thumbNail": "https://static.colruytgroup.com/images/200x200/std.lang.all/54/25/asset-2435425.jpg",
    "fullImage": "https://static.colruytgroup.com/images/500x500/std.lang.all/54/25/asset-2435425.jpg",
    "squareImage": "https://static.colruytgroup.com/images/500x500sq/std.lang.all/54/25/asset-2435425.jpg",
    "content": "6x70g",
    "walkRouteSequenceNumber": 17534,
    "price": {
      "basicPrice": 4.59,
      "recommendedQuantity": "1.0",
      "quantityPrice": 4.22,
      "quantityPriceQuantity": "3.0",
      "measurementUnitPrice": 10.93,
      "measurementUnitQuantityPrice": 10.05,
      "measurementUnit": "K",
      "isRedPrice": false,
      "pricePerUOM": 10.93,
      "activationDate": "18-03-2024",
      "recordSource": "Offline",
      "isPromoActive": "N",
      "priceChangeCode": "E",
      "quantityPricePerUOM": 10.05,
      "quantityActivationDate": "18-03-2024",
      "quantityPriceChangeCode": "H"
    },
    "isAvailable": true,
    "isPriceAvailable": true,
    "inPromo": false,
    "gtin": [
      "04026279970529",
      "04026279970536"
    ],
    "topCategoryName": "Diepvries",
    "topCategoryId": "129",
    "businessDomain": "RETAIL_BE",
    "IsPrivateLabel": false,
    "IsBiffe": false,
    "WeightconversionFactor": "0",
    "IsWeightArticle": false,
    "IsBio": false,
    "CountryOfOrigin": "NEDERLAND",
    "IsExclusivelySoldInLuxembourg": false,
    "OrderUnit": "P",
    "ShortName": "MEKK RUNDVLEESKROK.6X70",
    "IsNew": false,
    "RecentQuanityOfStockUnits": "1",
    "LongName": "MEKKAFOOD rundsvleeskroket 6x70g",
    "FicCode": "E"
  },
  {
    "productId": "610655",
    "technicalArticleNumber": "4283631",
    "commercialArticleNumber": "1090",
    "name": "hele sardines 9-18st",
    "description": "*Noordoost-\nAtlantische Oceaan",
    "brand": "BONI",
    "seoBrand": "Boni Selection",
    "thumbNail": "https://static.colruytgroup.com/images/200x200/std.lang.all/85/16/asset-2288516.jpg",
    "fullImage": "https://static.colruytgroup.com/images/500x500/std.lang.all/85/16/asset-2288516.jpg",
    "squareImage": "https://static.colruytgroup.com/images/500x500sq/std.lang.all/85/16/asset-2288516.jpg",
    "content": "600g",
    "walkRouteSequenceNumber": 16859,
    "price": {
      "basicPrice": 5.93,
      "recommendedQuantity": "1.0",
      "quantityPrice": 5.46,
      "quantityPriceQuantity": "3.0",
      "measurementUnitPrice": 9.89,
      "measurementUnitQuantityPrice": 9.1,
      "measurementUnit": "K",
      "isRedPrice": false,
      "pricePerUOM": 9.89,
      "activationDate": "23-08-2023",
      "isPromoActive": "N",
      "priceChangeCode": "H",
      "quantityPricePerUOM": 9.1,
      "quantityActivationDate": "23-08-2023",
      "quantityPriceChangeCode": "H"
    },
    "isAvailable": true,
    "isPriceAvailable": true,
    "inPromo": false,
    "gtin": [
      "05400141414202",
      "15400141414209"
    ],
    "topCategoryName": "Diepvries",
    "topCategoryId": "129",
    "businessDomain": "RETAIL_BE",
    "IsPrivateLabel": true,
    "IsBiffe": false,
    "WeightconversionFactor": "0",
    "IsWeightArticle": false,
    "nutriscoreLabel": "A",
    "IsBio": false,
    "CountryOfOrigin": "SPANJE",
    "IsExclusivelySoldInLuxembourg": false,
    "OrderUnit": "P",
    "ShortName": "BONI HELE SARDINES 600G",
    "IsNew": false,
    "EcoscoreLabel": "A",
    "RecentQuanityOfStockUnits": "1",
    "LongName": "BONI hele sardines 9-18st 600g",
    "FicCode": "I",
    "EcoscoreValue": "87"
  },
  {
    "productId": "1021056",
    "technicalArticleNumber": "4789813",
    "commercialArticleNumber": "21368",
    "name": "Crunchy Chicken Burger",
    "brand": "BICKY",
    "seoBrand": "Bicky",
    "thumbNail": "https://ecgproductmw.colruytgroup.com/ecgproductmw/noPicForArticle_2.jpg",
    "fullImage": "https://ecgproductmw.colruytgroup.com/ecgproductmw/noPicForArticle_5.jpg",
    "squareImage": "https://ecgproductmw.colruytgroup.com/ecgproductmw/noPicForArticle_5.jpg",
    "content": "4x70g",
    "walkRouteSequenceNumber": 17585,
    "price": {
      "basicPrice": 3.99,
      "recommendedQuantity": "1.0",
      "measurementUnitPrice": 14.25,
      "measurementUnit": "K",
      "isRedPrice": false,
      "pricePerUOM": 14.25,
      "activationDate": "25-01-2024",
      "isPromoActive": "N",
      "priceChangeCode": "E"
    },
    "isAvailable": true,
    "isPriceAvailable": true,
    "inPromo": false,
    "gtin": [
      "08710555152278"
    ],
    "topCategoryName": "Diepvries",
    "topCategoryId": "129",
    "businessDomain": "RETAIL_BE",
    "IsPrivateLabel": false,
    "IsBiffe": false,
    "WeightconversionFactor": "0",
    "IsWeightArticle": false,
    "nutriscoreLabel": "D",
    "IsBio": false,
    "CountryOfOrigin": "NEDERLAND",
    "IsExclusivelySoldInLuxembourg": false,
    "OrderUnit": "P",
    "ShortName": "BICK CRUNCHY CHIC.4X70G",
    "IsNew": true,
    "EcoscoreLabel": "D",
    "RecentQuanityOfStockUnits": "1",
    "LongName": "BICKY Crunchy Chicken Burger 4x70g",
    "AlcoholVolume": "0",
    "FicCode": "E",
    "EcoscoreValue": "21"
  },
  {
    "productId": "524757",
    "technicalArticleNumber": "4111619",
    "commercialArticleNumber": "8809",
    "name": "bladerdeeghapje 24st",
    "description": "*Assortiment:\nham en kaas,\nzalm en dille,\nspinazie en ricotta.",
    "brand": "BONI",
    "seoBrand": "Boni Selection",
    "thumbNail": "https://static.colruytgroup.com/images/200x200/std.lang.all/98/67/asset-1949867.jpg",
    "fullImage": "https://static.colruytgroup.com/images/500x500/std.lang.all/98/67/asset-1949867.jpg",
    "squareImage": "https://static.colruytgroup.com/images/500x500sq/std.lang.all/98/67/asset-1949867.jpg",
    "content": "300g",
    "walkRouteSequenceNumber": 16707,
    "price": {
      "basicPrice": 3.27,
      "recommendedQuantity": "1.0",
      "measurementUnitPrice": 10.9,
      "measurementUnit": "K",
      "isRedPrice": false,
      "pricePerUOM": 10.9,
      "activationDate": "20-03-2024",
      "recordSource": "Offline",
      "isPromoActive": "N",
      "priceChangeCode": "E"
    },
    "isAvailable": true,
    "isPriceAvailable": true,
    "inPromo": true,
    "promotion": [
      {
        "techPromoId": "001317COLR",
        "promotionId": "001317",
        "promotionType": "3",
        "isPersonalized": "N",
        "publicationStartDate": "09-03-2024",
        "publicationEndDate": "31-03-2024"
      }
    ],
    "gtin": [
      "05400141941395",
      "15400141941392",
      "05400141292695",
      "15400141292692"
    ],
    "topCategoryName": "Diepvries",
    "topCategoryId": "129",
    "businessDomain": "RETAIL_BE",
    "IsPrivateLabel": true,
    "IsBiffe": false,
    "WeightconversionFactor": "0",
    "IsWeightArticle": false,
    "nutriscoreLabel": "D",
    "IsBio": false,
    "CountryOfOrigin": "FRANKRIJK",
    "IsExclusivelySoldInLuxembourg": false,
    "OrderUnit": "P",
    "ShortName": "BONI 24 BLADER HAP 300G",
    "IsNew": false,
    "EcoscoreLabel": "D",
    "RecentQuanityOfStockUnits": "1,1",
    "LongName": "BONI bladerdeeghapje 24st 300g",
    "FicCode": "I",
    "EcoscoreValue": "29"
  },
  {
    "productId": "469565",
    "technicalArticleNumber": "4058489",
    "commercialArticleNumber": "6713",
    "name": "Caramel Attraction",
    "description": "*4 minicup 95ml",
    "brand": "HÄAGEN-DAZS",
    "seoBrand": "Häagen-Dazs",
    "thumbNail": "https://static.colruytgroup.com/images/200x200/std.lang.all/90/90/asset-2199090.jpg",
    "fullImage": "https://static.colruytgroup.com/images/500x500/std.lang.all/90/90/asset-2199090.jpg",
    "squareImage": "https://static.colruytgroup.com/images/500x500sq/std.lang.all/90/90/asset-2199090.jpg",
    "content": "4x95ml",
    "walkRouteSequenceNumber": 17438,
    "price": {
      "basicPrice": 8.39,
      "recommendedQuantity": "1.0",
      "quantityPrice": 8.05,
      "quantityPriceQuantity": "3.0",
      "measurementUnitPrice": 22.08,
      "measurementUnitQuantityPrice": 21.19,
      "measurementUnit": "L",
      "isRedPrice": false,
      "pricePerUOM": 22.08,
      "activationDate": "08-03-2024",
      "recordSource": "Offline",
      "isPromoActive": "N",
      "priceChangeCode": "H",
      "quantityPricePerUOM": 21.19,
      "quantityActivationDate": "08-03-2024",
      "quantityPriceChangeCode": "H"
    },
    "isAvailable": true,
    "isPriceAvailable": true,
    "inPromo": false,
    "gtin": [
      "03415581545715",
      "03415580033312"
    ],
    "topCategoryName": "Diepvries",
    "topCategoryId": "129",
    "businessDomain": "RETAIL_BE",
    "IsPrivateLabel": false,
    "IsBiffe": false,
    "WeightconversionFactor": "0",
    "IsWeightArticle": false,
    "nutriscoreLabel": "E",
    "IsBio": false,
    "CountryOfOrigin": "FRANKRIJK",
    "IsExclusivelySoldInLuxembourg": false,
    "OrderUnit": "P",
    "ShortName": "HD CARAM.ATTRAC.4X95ML",
    "IsNew": false,
    "EcoscoreLabel": "B",
    "RecentQuanityOfStockUnits": "1",
    "LongName": "HÄAGEN-DAZS Caramel Attraction 4x95ml",
    "FicCode": "E",
    "EcoscoreValue": "67"
  },
  {
    "productId": "852837",
    "technicalArticleNumber": "4701193",
    "commercialArticleNumber": "31132",
    "name": "mini Dou.Cara.&Gol.Billio.",
    "description": "*Mini double caramel\nAlmond\n*Gold Caramel\nBillionaire",
    "brand": "MAGNUM",
    "seoBrand": "Ola Magnum",
    "thumbNail": "https://static.colruytgroup.com/images/200x200/std.lang.all/97/86/asset-3149786.jpg",
    "fullImage": "https://static.colruytgroup.com/images/500x500/std.lang.all/97/86/asset-3149786.jpg",
    "squareImage": "https://static.colruytgroup.com/images/500x500sq/std.lang.all/97/86/asset-3149786.jpg",
    "content": "6x55ml",
    "walkRouteSequenceNumber": 17205,
    "price": {
      "basicPrice": 5.49,
      "recommendedQuantity": "1.0",
      "measurementUnitPrice": 16.64,
      "measurementUnit": "L",
      "isRedPrice": false,
      "pricePerUOM": 16.64,
      "activationDate": "22-03-2024",
      "recordSource": "Offline",
      "isPromoActive": "N",
      "priceChangeCode": "L"
    },
    "isAvailable": true,
    "isPriceAvailable": true,
    "inPromo": false,
    "gtin": [
      "08711327585782"
    ],
    "topCategoryName": "Diepvries",
    "topCategoryId": "129",
    "businessDomain": "RETAIL_BE",
    "IsPrivateLabel": false,
    "IsBiffe": false,
    "WeightconversionFactor": "0",
    "IsWeightArticle": false,
    "nutriscoreLabel": "E",
    "IsBio": false,
    "CountryOfOrigin": "POLEN",
    "IsExclusivelySoldInLuxembourg": false,
    "OrderUnit": "P",
    "ShortName": "MAGN MI.DO.CAR&G.BI6X55",
    "IsNew": false,
    "EcoscoreLabel": "B",
    "RecentQuanityOfStockUnits": "1",
    "LongName": "MAGNUM mini Dou.Cara.&Gol.Billio. 6x55ml",
    "FicCode": "E",
    "EcoscoreValue": "67"
  },
  {
    "productId": "1020803",
    "technicalArticleNumber": "4789556",
    "commercialArticleNumber": "15696",
    "name": "Spectacu-Love",
    "brand": "B&J",
    "seoBrand": "Ben & Jerry's",
    "thumbNail": "https://static.colruytgroup.com/images/200x200/std.lang.all/84/89/asset-3438489.jpg",
    "fullImage": "https://static.colruytgroup.com/images/500x500/std.lang.all/84/89/asset-3438489.jpg",
    "squareImage": "https://static.colruytgroup.com/images/500x500sq/std.lang.all/84/89/asset-3438489.jpg",
    "content": "465ml",
    "walkRouteSequenceNumber": 17463,
    "price": {
      "basicPrice": 6.89,
      "recommendedQuantity": "1.0",
      "quantityPrice": 6.61,
      "quantityPriceQuantity": "3.0",
      "measurementUnitPrice": 17.58,
      "measurementUnitQuantityPrice": 16.87,
      "measurementUnit": "K",
      "isRedPrice": false,
      "pricePerUOM": 17.58,
      "activationDate": "15-02-2024",
      "isPromoActive": "N",
      "priceChangeCode": "E",
      "quantityPricePerUOM": 16.87,
      "quantityActivationDate": "15-02-2024",
      "quantityPriceChangeCode": "E"
    },
    "isAvailable": true,
    "isPriceAvailable": true,
    "inPromo": false,
    "gtin": [
      "08711327629394"
    ],
    "topCategoryName": "Diepvries",
    "topCategoryId": "129",
    "businessDomain": "RETAIL_BE",
    "IsPrivateLabel": false,
    "IsBiffe": false,
    "WeightconversionFactor": "0",
    "IsWeightArticle": false,
    "nutriscoreLabel": "D",
    "IsBio": false,
    "CountryOfOrigin": "NEDERLAND",
    "IsExclusivelySoldInLuxembourg": false,
    "OrderUnit": "P",
    "ShortName": "B&J SPECTACU-LOVE 465ML",
    "IsNew": true,
    "EcoscoreLabel": "B",
    "RecentQuanityOfStockUnits": "1",
    "LongName": "B&J Spectacu-Love 465ml",
    "FicCode": "E",
    "EcoscoreValue": "67"
  },
  {
    "productId": "863604",
    "technicalArticleNumber": "4715152",
    "commercialArticleNumber": "31932",
    "name": "Bami topper",
    "brand": "BECKERS",
    "seoBrand": "Beckers",
    "thumbNail": "https://static.colruytgroup.com/images/200x200/std.lang.all/62/81/asset-3196281.jpg",
    "fullImage": "https://static.colruytgroup.com/images/500x500/std.lang.all/62/81/asset-3196281.jpg",
    "squareImage": "https://static.colruytgroup.com/images/500x500sq/std.lang.all/62/81/asset-3196281.jpg",
    "content": "4x70g",
    "walkRouteSequenceNumber": 17566,
    "price": {
      "basicPrice": 3.5,
      "recommendedQuantity": "1.0",
      "quantityPrice": 3.36,
      "quantityPriceQuantity": "3.0",
      "measurementUnitPrice": 12.5,
      "measurementUnitQuantityPrice": 12,
      "measurementUnit": "K",
      "isRedPrice": false,
      "pricePerUOM": 12.5,
      "activationDate": "09-03-2023",
      "isPromoActive": "N",
      "priceChangeCode": "E",
      "quantityPricePerUOM": 12,
      "quantityActivationDate": "09-03-2023",
      "quantityPriceChangeCode": "E"
    },
    "isAvailable": true,
    "isPriceAvailable": true,
    "inPromo": false,
    "gtin": [
      "08710555147526"
    ],
    "topCategoryName": "Diepvries",
    "topCategoryId": "129",
    "businessDomain": "RETAIL_BE",
    "IsPrivateLabel": false,
    "IsBiffe": false,
    "WeightconversionFactor": "0",
    "IsWeightArticle": false,
    "nutriscoreLabel": "D",
    "IsBio": false,
    "CountryOfOrigin": "NEDERLAND",
    "IsExclusivelySoldInLuxembourg": false,
    "OrderUnit": "P",
    "ShortName": "BECK BAMI TOPPER 4X70G",
    "IsNew": false,
    "RecentQuanityOfStockUnits": "1",
    "LongName": "BECKERS Bami topper 4x70g",
    "FicCode": "E"
  },
  {
    "productId": "825690",
    "technicalArticleNumber": "4662740",
    "commercialArticleNumber": "29901",
    "name": "Pladijsfilet zonder graten MSC",
    "description": "*Noordoostelijk deel\nAtlantische Oceaan,\n*Met label MSC\n*Graatloos\n*4-9 stuks",
    "brand": "BONI",
    "seoBrand": "Boni Selection",
    "thumbNail": "https://static.colruytgroup.com/images/200x200/std.lang.all/25/91/asset-3372591.jpg",
    "fullImage": "https://static.colruytgroup.com/images/500x500/std.lang.all/25/91/asset-3372591.jpg",
    "squareImage": "https://static.colruytgroup.com/images/500x500sq/std.lang.all/25/91/asset-3372591.jpg",
    "content": "1kg",
    "walkRouteSequenceNumber": 16828,
    "price": {
      "basicPrice": 19.95,
      "recommendedQuantity": "1.0",
      "measurementUnitPrice": 19.95,
      "measurementUnit": "K",
      "isRedPrice": false,
      "pricePerUOM": 19.95,
      "activationDate": "17-01-2024",
      "isPromoActive": "N",
      "priceChangeCode": "H"
    },
    "isAvailable": true,
    "isPriceAvailable": true,
    "inPromo": false,
    "gtin": [
      "15400141878919",
      "05400141878912"
    ],
    "topCategoryName": "Diepvries",
    "topCategoryId": "129",
    "businessDomain": "RETAIL_BE",
    "IsPrivateLabel": true,
    "IsBiffe": false,
    "WeightconversionFactor": "0",
    "IsWeightArticle": false,
    "IsBio": false,
    "CountryOfOrigin": "IJSLAND",
    "IsExclusivelySoldInLuxembourg": false,
    "OrderUnit": "P",
    "ShortName": "BONI PLADIJSFILET 1K",
    "IsNew": false,
    "RecentQuanityOfStockUnits": "1",
    "LongName": "BONI Pladijsfilet zonder graten MSC 1kg",
    "FicCode": "I"
  },
  {
    "productId": "763313",
    "technicalArticleNumber": "4543216",
    "commercialArticleNumber": "1501",
    "name": "Groenten sticks",
    "description": "*Veggie\n*2 sticks met maïs,\nerwten & wortelen\n*Voorgebakken",
    "brand": "IGLO GREEN CUISINE",
    "seoBrand": "Iglo",
    "thumbNail": "https://static.colruytgroup.com/images/200x200/std.lang.all/52/20/asset-3215220.jpg",
    "fullImage": "https://static.colruytgroup.com/images/500x500/std.lang.all/52/20/asset-3215220.jpg",
    "squareImage": "https://static.colruytgroup.com/images/500x500sq/std.lang.all/52/20/asset-3215220.jpg",
    "content": "284g",
    "walkRouteSequenceNumber": 16875,
    "price": {
      "basicPrice": 3.29,
      "recommendedQuantity": "1.0",
      "measurementUnitPrice": 11.59,
      "measurementUnit": "K",
      "isRedPrice": false,
      "pricePerUOM": 11.59,
      "activationDate": "19-03-2024",
      "recordSource": "Offline",
      "isPromoActive": "N",
      "priceChangeCode": "E"
    },
    "isAvailable": true,
    "isPriceAvailable": true,
    "inPromo": false,
    "gtin": [
      "05414807007301",
      "05414807606399"
    ],
    "topCategoryName": "Diepvries",
    "topCategoryId": "129",
    "businessDomain": "RETAIL_BE",
    "IsPrivateLabel": false,
    "IsBiffe": false,
    "WeightconversionFactor": "0",
    "IsWeightArticle": false,
    "nutriscoreLabel": "B",
    "IsBio": false,
    "CountryOfOrigin": "DUITSLAND",
    "IsExclusivelySoldInLuxembourg": false,
    "OrderUnit": "P",
    "ShortName": "GRCU GROENTEN STICK284G",
    "IsNew": false,
    "RecentQuanityOfStockUnits": "1",
    "LongName": "IGLO GREEN CUISINE Groenten sticks 284g",
    "FicCode": "E"
  },
  {
    "productId": "737869",
    "technicalArticleNumber": "4500466",
    "commercialArticleNumber": "1555",
    "name": "subimba vanille",
    "description": "*Roomijs vanille",
    "brand": "IJSBOERKE",
    "seoBrand": "Ijsboerke",
    "thumbNail": "https://static.colruytgroup.com/images/200x200/std.lang.all/27/91/asset-2622791.jpg",
    "fullImage": "https://static.colruytgroup.com/images/500x500/std.lang.all/27/91/asset-2622791.jpg",
    "squareImage": "https://static.colruytgroup.com/images/500x500sq/std.lang.all/27/91/asset-2622791.jpg",
    "content": "12x95ml",
    "walkRouteSequenceNumber": 17245,
    "price": {
      "basicPrice": 9.5,
      "recommendedQuantity": "1.0",
      "quantityPrice": 9.12,
      "quantityPriceQuantity": "3.0",
      "measurementUnitPrice": 8.34,
      "measurementUnitQuantityPrice": 8,
      "measurementUnit": "L",
      "isRedPrice": false,
      "pricePerUOM": 8.34,
      "activationDate": "12-07-2023",
      "isPromoActive": "N",
      "priceChangeCode": "E",
      "quantityPricePerUOM": 8,
      "quantityActivationDate": "12-07-2023",
      "quantityPriceChangeCode": "E"
    },
    "isAvailable": true,
    "isPriceAvailable": true,
    "inPromo": false,
    "gtin": [
      "05412121053349",
      "05412121053356"
    ],
    "topCategoryName": "Diepvries",
    "topCategoryId": "129",
    "businessDomain": "RETAIL_BE",
    "IsPrivateLabel": false,
    "IsBiffe": false,
    "WeightconversionFactor": "0",
    "IsWeightArticle": false,
    "nutriscoreLabel": "D",
    "IsBio": false,
    "CountryOfOrigin": "BELGIË",
    "IsExclusivelySoldInLuxembourg": false,
    "OrderUnit": "P",
    "ShortName": "IJSB SUBIM VANI12X95ML",
    "IsNew": false,
    "EcoscoreLabel": "A",
    "RecentQuanityOfStockUnits": "1,4",
    "LongName": "IJSBOERKE subimba vanille 12x95ml",
    "FicCode": "E",
    "EcoscoreValue": "88"
  },
  {
    "productId": "852938",
    "technicalArticleNumber": "4701512",
    "commercialArticleNumber": "31149",
    "name": "3 kombinos tomaat mozzarella",
    "brand": "IGLO",
    "seoBrand": "Iglo",
    "thumbNail": "https://static.colruytgroup.com/images/200x200/std.lang.all/90/88/asset-3139088.jpg",
    "fullImage": "https://static.colruytgroup.com/images/500x500/std.lang.all/90/88/asset-3139088.jpg",
    "squareImage": "https://static.colruytgroup.com/images/500x500sq/std.lang.all/90/88/asset-3139088.jpg",
    "content": "300g",
    "walkRouteSequenceNumber": 16905,
    "price": {
      "basicPrice": 5.09,
      "recommendedQuantity": "1.0",
      "measurementUnitPrice": 16.97,
      "measurementUnit": "K",
      "isRedPrice": false,
      "pricePerUOM": 16.97,
      "activationDate": "13-03-2024",
      "recordSource": "Offline",
      "isPromoActive": "N",
      "priceChangeCode": "H"
    },
    "isAvailable": true,
    "isPriceAvailable": true,
    "inPromo": false,
    "gtin": [
      "05414807606948",
      "05414807007851"
    ],
    "topCategoryName": "Diepvries",
    "topCategoryId": "129",
    "businessDomain": "RETAIL_BE",
    "IsPrivateLabel": false,
    "IsBiffe": false,
    "WeightconversionFactor": "0",
    "IsWeightArticle": false,
    "nutriscoreLabel": "B",
    "IsBio": false,
    "CountryOfOrigin": "DUITSLAND",
    "IsExclusivelySoldInLuxembourg": false,
    "OrderUnit": "P",
    "ShortName": "IGLO KOMB.TOM.MOZ.300G",
    "IsNew": false,
    "RecentQuanityOfStockUnits": "1",
    "LongName": "IGLO 3 kombinos tomaat mozzarella 300g",
    "FicCode": "E"
  },
  {
    "productId": "861423",
    "technicalArticleNumber": "4712646",
    "commercialArticleNumber": "22879",
    "name": "kruidenmix op Thaise wijze",
    "brand": "ARDO",
    "seoBrand": "Ardo",
    "thumbNail": "https://static.colruytgroup.com/images/200x200/std.lang.all/45/12/asset-3204512.jpg",
    "fullImage": "https://static.colruytgroup.com/images/500x500/std.lang.all/45/12/asset-3204512.jpg",
    "squareImage": "https://static.colruytgroup.com/images/500x500sq/std.lang.all/45/12/asset-3204512.jpg",
    "content": "250g",
    "walkRouteSequenceNumber": 17111,
    "price": {
      "basicPrice": 2.79,
      "recommendedQuantity": "1.0",
      "quantityPrice": 2.57,
      "quantityPriceQuantity": "3.0",
      "measurementUnitPrice": 11.16,
      "measurementUnitQuantityPrice": 10.28,
      "measurementUnit": "K",
      "isRedPrice": false,
      "pricePerUOM": 11.16,
      "activationDate": "08-03-2023",
      "isPromoActive": "N",
      "priceChangeCode": "H",
      "quantityPricePerUOM": 10.28,
      "quantityActivationDate": "08-03-2023",
      "quantityPriceChangeCode": "H"
    },
    "isAvailable": true,
    "isPriceAvailable": true,
    "inPromo": false,
    "gtin": [
      "05411361154144",
      "05411361154137"
    ],
    "topCategoryName": "Diepvries",
    "topCategoryId": "129",
    "businessDomain": "RETAIL_BE",
    "IsPrivateLabel": false,
    "IsBiffe": false,
    "WeightconversionFactor": "0",
    "IsWeightArticle": false,
    "nutriscoreLabel": "A",
    "IsBio": false,
    "CountryOfOrigin": "BELGIË",
    "IsExclusivelySoldInLuxembourg": false,
    "OrderUnit": "P",
    "ShortName": "ARDO KRUIDEN THAIS.250G",
    "IsNew": false,
    "EcoscoreLabel": "E",
    "RecentQuanityOfStockUnits": "1",
    "LongName": "ARDO kruidenmix op Thaise wijze 250g",
    "FicCode": "I",
    "EcoscoreValue": "2"
  },
  {
    "productId": "876992",
    "technicalArticleNumber": "4732746",
    "commercialArticleNumber": "8234",
    "name": "Dino nuggets",
    "brand": "IGLO GREEN CUISINE",
    "seoBrand": "Iglo Green Cuisine",
    "thumbNail": "https://static.colruytgroup.com/images/200x200/std.lang.all/58/15/asset-3325815.jpg",
    "fullImage": "https://static.colruytgroup.com/images/500x500/std.lang.all/58/15/asset-3325815.jpg",
    "squareImage": "https://static.colruytgroup.com/images/500x500sq/std.lang.all/58/15/asset-3325815.jpg",
    "content": "250g",
    "walkRouteSequenceNumber": 16873,
    "price": {
      "basicPrice": 4.29,
      "recommendedQuantity": "1.0",
      "measurementUnitPrice": 17.16,
      "measurementUnit": "K",
      "isRedPrice": false,
      "pricePerUOM": 17.16,
      "activationDate": "19-03-2024",
      "recordSource": "Offline",
      "isPromoActive": "N",
      "priceChangeCode": "E"
    },
    "isAvailable": true,
    "isPriceAvailable": true,
    "inPromo": false,
    "gtin": [
      "05414807007899"
    ],
    "topCategoryName": "Diepvries",
    "topCategoryId": "129",
    "businessDomain": "RETAIL_BE",
    "IsPrivateLabel": false,
    "IsBiffe": false,
    "WeightconversionFactor": "0",
    "IsWeightArticle": false,
    "nutriscoreLabel": "A",
    "IsBio": false,
    "CountryOfOrigin": "VERENIGD KONINKRIJK",
    "IsExclusivelySoldInLuxembourg": false,
    "OrderUnit": "P",
    "ShortName": "IGLO NUGGET DINO 250G",
    "IsNew": false,
    "RecentQuanityOfStockUnits": "1",
    "LongName": "IGLO GREEN CUISINE Dino nuggets 250g",
    "AlcoholVolume": "0",
    "FicCode": "E"
  },
  {
    "productId": "1028899",
    "technicalArticleNumber": "4793645",
    "commercialArticleNumber": "35831",
    "name": "Classic",
    "brand": "MEXICANO",
    "seoBrand": "Mexicano",
    "thumbNail": "https://ecgproductmw.colruytgroup.com/ecgproductmw/noPicForArticle_2.jpg",
    "fullImage": "https://ecgproductmw.colruytgroup.com/ecgproductmw/noPicForArticle_5.jpg",
    "squareImage": "https://ecgproductmw.colruytgroup.com/ecgproductmw/noPicForArticle_5.jpg",
    "content": "4x90g",
    "walkRouteSequenceNumber": 17569,
    "price": {
      "basicPrice": 4.39,
      "recommendedQuantity": "1.0",
      "quantityPrice": 4.21,
      "quantityPriceQuantity": "3.0",
      "measurementUnitPrice": 12.2,
      "measurementUnitQuantityPrice": 11.7,
      "measurementUnit": "K",
      "isRedPrice": false,
      "pricePerUOM": 12.2,
      "activationDate": "06-02-2024",
      "isPromoActive": "N",
      "priceChangeCode": "E",
      "quantityPricePerUOM": 11.7,
      "quantityActivationDate": "06-02-2024",
      "quantityPriceChangeCode": "E"
    },
    "isAvailable": true,
    "isPriceAvailable": true,
    "inPromo": false,
    "gtin": [
      "08710555153046"
    ],
    "topCategoryName": "Diepvries",
    "topCategoryId": "129",
    "businessDomain": "RETAIL_BE",
    "IsPrivateLabel": false,
    "IsBiffe": false,
    "WeightconversionFactor": "0",
    "IsWeightArticle": false,
    "nutriscoreLabel": "D",
    "IsBio": false,
    "CountryOfOrigin": "NEDERLAND",
    "IsExclusivelySoldInLuxembourg": false,
    "OrderUnit": "P",
    "ShortName": "MEXICANO CLASSIC 4X90G",
    "IsNew": true,
    "EcoscoreLabel": "E",
    "RecentQuanityOfStockUnits": "1",
    "LongName": "MEXICANO Classic 4x90g",
    "AlcoholVolume": "0",
    "FicCode": "E",
    "EcoscoreValue": "0"
  },
  {
    "productId": "337773",
    "technicalArticleNumber": "3825861",
    "commercialArticleNumber": "21553",
    "name": "aardbei",
    "description": "*Ijshoorntje\n*Aardbeiensmaak\n*Krokante hoorn\n*Italiaans ijs\n*Dessert",
    "brand": "OLA CORNETTO",
    "seoBrand": "Ola Cornetto",
    "thumbNail": "https://static.colruytgroup.com/images/200x200/std.lang.all/84/16/asset-3438416.jpg",
    "fullImage": "https://static.colruytgroup.com/images/500x500/std.lang.all/84/16/asset-3438416.jpg",
    "squareImage": "https://static.colruytgroup.com/images/500x500sq/std.lang.all/84/16/asset-3438416.jpg",
    "content": "5x120ml",
    "walkRouteSequenceNumber": 17221,
    "price": {
      "basicPrice": 6.55,
      "recommendedQuantity": "1.0",
      "quantityPrice": 6.03,
      "quantityPriceQuantity": "3.0",
      "measurementUnitPrice": 10.92,
      "measurementUnitQuantityPrice": 10.05,
      "measurementUnit": "L",
      "isRedPrice": false,
      "pricePerUOM": 10.92,
      "activationDate": "20-03-2024",
      "recordSource": "Offline",
      "isPromoActive": "N",
      "priceChangeCode": "H",
      "quantityPricePerUOM": 10.05,
      "quantityActivationDate": "20-03-2024",
      "quantityPriceChangeCode": "H"
    },
    "isAvailable": true,
    "isPriceAvailable": true,
    "inPromo": false,
    "gtin": [
      "08711327536036",
      "08714100781890",
      "08714100631232",
      "08711327536043"
    ],
    "topCategoryName": "Diepvries",
    "topCategoryId": "129",
    "businessDomain": "RETAIL_BE",
    "IsPrivateLabel": false,
    "IsBiffe": false,
    "WeightconversionFactor": "0",
    "IsWeightArticle": false,
    "nutriscoreLabel": "E",
    "IsBio": false,
    "CountryOfOrigin": "ITALIË",
    "IsExclusivelySoldInLuxembourg": false,
    "OrderUnit": "P",
    "ShortName": "OLA CORNETTO AARDB5X120",
    "IsNew": false,
    "EcoscoreLabel": "B",
    "RecentQuanityOfStockUnits": "1",
    "LongName": "OLA CORNETTO aardbei 5x120ml",
    "AlcoholVolume": "0",
    "FicCode": "E",
    "EcoscoreValue": "67"
  },
  {
    "productId": "865383",
    "technicalArticleNumber": "4717510",
    "commercialArticleNumber": "3185",
    "name": "calippo super mix",
    "brand": "OLA",
    "seoBrand": "Ola",
    "thumbNail": "https://static.colruytgroup.com/images/200x200/std.lang.all/52/22/asset-3215222.jpg",
    "fullImage": "https://static.colruytgroup.com/images/500x500/std.lang.all/52/22/asset-3215222.jpg",
    "squareImage": "https://static.colruytgroup.com/images/500x500sq/std.lang.all/52/22/asset-3215222.jpg",
    "content": "5x105ml",
    "walkRouteSequenceNumber": 17307,
    "price": {
      "basicPrice": 3.99,
      "recommendedQuantity": "1.0",
      "measurementUnitPrice": 7.6,
      "measurementUnit": "L",
      "isRedPrice": false,
      "pricePerUOM": 7.6,
      "activationDate": "17-02-2024",
      "recordSource": "Offline",
      "isPromoActive": "N",
      "priceChangeCode": "E"
    },
    "isAvailable": true,
    "isPriceAvailable": true,
    "inPromo": false,
    "gtin": [
      "08712566108626",
      "08000920944004"
    ],
    "topCategoryName": "Diepvries",
    "topCategoryId": "129",
    "businessDomain": "RETAIL_BE",
    "IsPrivateLabel": false,
    "IsBiffe": false,
    "WeightconversionFactor": "0",
    "IsWeightArticle": false,
    "IsBio": false,
    "CountryOfOrigin": "HONGARIJE",
    "IsExclusivelySoldInLuxembourg": false,
    "OrderUnit": "P",
    "ShortName": "OLA CALIP.SUPER.5X105ML",
    "InSeason": true,
    "IsNew": false,
    "EcoscoreLabel": "B",
    "RecentQuanityOfStockUnits": "1,6",
    "LongName": "OLA calippo super mix 5x105ml",
    "StartSeasonDate": "12/01/2024",
    "FicCode": "E",
    "EcoscoreValue": "73"
  },
  {
    "productId": "819538",
    "technicalArticleNumber": "4651980",
    "commercialArticleNumber": "8235",
    "name": "açai",
    "brand": "BONI",
    "seoBrand": "Boni Selection",
    "thumbNail": "https://static.colruytgroup.com/images/200x200/std.lang.all/63/86/asset-3376386.jpg",
    "fullImage": "https://static.colruytgroup.com/images/500x500/std.lang.all/63/86/asset-3376386.jpg",
    "squareImage": "https://static.colruytgroup.com/images/500x500sq/std.lang.all/63/86/asset-3376386.jpg",
    "content": "250g",
    "walkRouteSequenceNumber": 17282,
    "price": {
      "basicPrice": 5.95,
      "recommendedQuantity": "1.0",
      "quantityPrice": 5.71,
      "quantityPriceQuantity": "3.0",
      "measurementUnitPrice": 23.8,
      "measurementUnitQuantityPrice": 22.84,
      "measurementUnit": "K",
      "isRedPrice": false,
      "pricePerUOM": 23.8,
      "activationDate": "23-08-2023",
      "isPromoActive": "N",
      "priceChangeCode": "E",
      "quantityPricePerUOM": 22.84,
      "quantityActivationDate": "23-08-2023",
      "quantityPriceChangeCode": "E"
    },
    "isAvailable": true,
    "isPriceAvailable": true,
    "inPromo": true,
    "promotion": [
      {
        "techPromoId": "100859COLR",
        "promotionId": "100859",
        "promotionType": "3",
        "isPersonalized": "N",
        "publicationStartDate": "13-03-2024",
        "publicationEndDate": "26-03-2024"
      }
    ],
    "gtin": [
      "05400141711240"
    ],
    "topCategoryName": "Diepvries",
    "topCategoryId": "129",
    "businessDomain": "RETAIL_BE",
    "IsPrivateLabel": true,
    "IsBiffe": false,
    "WeightconversionFactor": "0",
    "IsWeightArticle": false,
    "nutriscoreLabel": "A",
    "IsBio": false,
    "CountryOfOrigin": "BRAZILIË",
    "IsExclusivelySoldInLuxembourg": false,
    "OrderUnit": "P",
    "ShortName": "BONI ACAI 250G",
    "IsNew": false,
    "EcoscoreLabel": "A",
    "RecentQuanityOfStockUnits": "1,6",
    "LongName": "BONI açai 250g",
    "FicCode": "I",
    "EcoscoreValue": "85"
  },
  {
    "productId": "222000",
    "technicalArticleNumber": "3506080",
    "commercialArticleNumber": "33207",
    "name": "zalm ASC kabeljauw MSC graatl.",
    "description": "*Graatloos\n*zalm met label ASC\n*kabeljauw met label MSC",
    "brand": "BONI",
    "seoBrand": "Boni Selection",
    "thumbNail": "https://static.colruytgroup.com/images/200x200/std.lang.all/66/71/asset-2386671.jpg",
    "fullImage": "https://static.colruytgroup.com/images/500x500/std.lang.all/66/71/asset-2386671.jpg",
    "squareImage": "https://static.colruytgroup.com/images/500x500sq/std.lang.all/66/71/asset-2386671.jpg",
    "content": "±1kg",
    "walkRouteSequenceNumber": 16820,
    "price": {
      "basicPrice": 12.95,
      "recommendedQuantity": "1.0",
      "unit": "K",
      "measurementUnitPrice": 12.95,
      "measurementUnit": "K",
      "isRedPrice": false,
      "pricePerUOM": 12.95,
      "activationDate": "07-03-2024",
      "isPromoActive": "N",
      "priceChangeCode": "L"
    },
    "isAvailable": true,
    "isPriceAvailable": true,
    "inPromo": false,
    "gtin": [
      "05400141166170",
      "05400141317527",
      "05400141416459",
      "95400141166173",
      "95400141031440",
      "95400141916372",
      "05400141916379",
      "95400141317520"
    ],
    "topCategoryName": "Diepvries",
    "topCategoryId": "129",
    "businessDomain": "RETAIL_BE",
    "IsPrivateLabel": true,
    "IsBiffe": false,
    "WeightconversionFactor": "1000",
    "IsWeightArticle": true,
    "nutriscoreLabel": "A",
    "IsBio": false,
    "CountryOfOrigin": "POLEN",
    "IsExclusivelySoldInLuxembourg": false,
    "OrderUnit": "P",
    "ShortName": "BONI MIGN ZALM/KAB 1K W",
    "IsNew": false,
    "EcoscoreLabel": "E",
    "RecentQuanityOfStockUnits": "1",
    "LongName": "BONI zalm ASC kabeljauw MSC graatl. ±1kg",
    "AlcoholVolume": "0",
    "FicCode": "I",
    "EcoscoreValue": "9"
  },
  {
    "productId": "470810",
    "technicalArticleNumber": "4059424",
    "commercialArticleNumber": "6801",
    "name": "belgische chocolade",
    "description": "*Verse ingrediënten\n*Chocoladeroomijs",
    "brand": "HÄAGEN-DAZS",
    "seoBrand": "Häagen-Dazs",
    "thumbNail": "https://static.colruytgroup.com/images/200x200/std.lang.all/83/92/asset-1758392.jpg",
    "fullImage": "https://static.colruytgroup.com/images/500x500/std.lang.all/83/92/asset-1758392.jpg",
    "squareImage": "https://static.colruytgroup.com/images/500x500sq/std.lang.all/83/92/asset-1758392.jpg",
    "content": "460ml",
    "walkRouteSequenceNumber": 17446,
    "price": {
      "basicPrice": 6.49,
      "recommendedQuantity": "1.0",
      "quantityPrice": 6.23,
      "quantityPriceQuantity": "3.0",
      "measurementUnitPrice": 14.11,
      "measurementUnitQuantityPrice": 13.55,
      "measurementUnit": "L",
      "isRedPrice": false,
      "pricePerUOM": 14.11,
      "activationDate": "19-03-2024",
      "recordSource": "Offline",
      "isPromoActive": "N",
      "priceChangeCode": "E",
      "quantityPricePerUOM": 13.55,
      "quantityActivationDate": "19-03-2024",
      "quantityPriceChangeCode": "H"
    },
    "isAvailable": true,
    "isPriceAvailable": true,
    "inPromo": false,
    "gtin": [
      "03415580031134",
      "03415581113716"
    ],
    "topCategoryName": "Diepvries",
    "topCategoryId": "129",
    "businessDomain": "RETAIL_BE",
    "IsPrivateLabel": false,
    "IsBiffe": false,
    "WeightconversionFactor": "0",
    "IsWeightArticle": false,
    "nutriscoreLabel": "D",
    "IsBio": false,
    "CountryOfOrigin": "FRANKRIJK",
    "IsExclusivelySoldInLuxembourg": false,
    "OrderUnit": "P",
    "ShortName": "HAADAZS BELG CHOC 460ML",
    "IsNew": false,
    "EcoscoreLabel": "B",
    "RecentQuanityOfStockUnits": "1,8",
    "LongName": "HÄAGEN-DAZS belgische chocolade 460ml",
    "FicCode": "E",
    "EcoscoreValue": "67"
  },
  {
    "productId": "1033741",
    "technicalArticleNumber": "4795386",
    "commercialArticleNumber": "35727",
    "name": "Pizza Sensazione Mozzarella",
    "brand": "WAGNER",
    "seoBrand": "Original Wagner",
    "thumbNail": "https://static.colruytgroup.com/images/200x200/std.lang.all/42/94/asset-3434294.jpg",
    "fullImage": "https://static.colruytgroup.com/images/500x500/std.lang.all/42/94/asset-3434294.jpg",
    "squareImage": "https://static.colruytgroup.com/images/500x500sq/std.lang.all/42/94/asset-3434294.jpg",
    "content": "350g",
    "walkRouteSequenceNumber": 18163,
    "price": {
      "basicPrice": 3.99,
      "recommendedQuantity": "1.0",
      "quantityPrice": 3.67,
      "quantityPriceQuantity": "3.0",
      "measurementUnitPrice": 11.4,
      "measurementUnitQuantityPrice": 10.49,
      "measurementUnit": "K",
      "isRedPrice": false,
      "pricePerUOM": 11.4,
      "activationDate": "29-02-2024",
      "isPromoActive": "N",
      "priceChangeCode": "H",
      "quantityPricePerUOM": 10.49,
      "quantityActivationDate": "29-02-2024",
      "quantityPriceChangeCode": "H"
    },
    "isAvailable": true,
    "isPriceAvailable": true,
    "inPromo": false,
    "gtin": [
      "04009233016846"
    ],
    "topCategoryName": "Diepvries",
    "topCategoryId": "129",
    "businessDomain": "RETAIL_BE",
    "IsPrivateLabel": false,
    "IsBiffe": false,
    "WeightconversionFactor": "0",
    "IsWeightArticle": false,
    "nutriscoreLabel": "D",
    "IsBio": false,
    "CountryOfOrigin": "DUITSLAND",
    "IsExclusivelySoldInLuxembourg": false,
    "OrderUnit": "P",
    "ShortName": "WAGN SEN.MOZZARELLA350G",
    "IsNew": true,
    "RecentQuanityOfStockUnits": "1",
    "LongName": "WAGNER Pizza Sensazione Mozzarella 350g",
    "FicCode": "E"
  },
  {
    "productId": "268199",
    "technicalArticleNumber": "3628018",
    "commercialArticleNumber": "19269",
    "name": "ICY light Brésilienne",
    "description": "*Met zoetstoffen\n*Ijshoorntje vanille\nmet chocolade en\nhazelnootjes",
    "brand": "IJSBOERKE",
    "seoBrand": "Ijsboerke Icy Light",
    "thumbNail": "https://static.colruytgroup.com/images/200x200/std.lang.all/18/50/asset-1431850.jpg",
    "fullImage": "https://static.colruytgroup.com/images/500x500/std.lang.all/18/50/asset-1431850.jpg",
    "squareImage": "https://static.colruytgroup.com/images/500x500sq/std.lang.all/18/50/asset-1431850.jpg",
    "content": "6x110ml",
    "walkRouteSequenceNumber": 17260,
    "price": {
      "basicPrice": 12.29,
      "recommendedQuantity": "1.0",
      "quantityPrice": 11.31,
      "quantityPriceQuantity": "3.0",
      "measurementUnitPrice": 18.63,
      "measurementUnitQuantityPrice": 17.14,
      "measurementUnit": "L",
      "isRedPrice": false,
      "pricePerUOM": 18.63,
      "activationDate": "05-03-2024",
      "recordSource": "Offline",
      "isPromoActive": "N",
      "priceChangeCode": "L",
      "quantityPricePerUOM": 17.14,
      "quantityActivationDate": "05-03-2024",
      "quantityPriceChangeCode": "L"
    },
    "isAvailable": true,
    "isPriceAvailable": true,
    "inPromo": false,
    "gtin": [
      "05412121046990",
      "05412121046983"
    ],
    "topCategoryName": "Diepvries",
    "topCategoryId": "129",
    "businessDomain": "RETAIL_BE",
    "IsPrivateLabel": false,
    "IsBiffe": false,
    "WeightconversionFactor": "0",
    "IsWeightArticle": false,
    "nutriscoreLabel": "C",
    "IsBio": false,
    "CountryOfOrigin": "BELGIË",
    "IsExclusivelySoldInLuxembourg": false,
    "OrderUnit": "P",
    "ShortName": "IJSBO ICY HOORNTJ 6X110",
    "IsNew": false,
    "EcoscoreLabel": "B",
    "RecentQuanityOfStockUnits": "1",
    "LongName": "IJSBOERKE ICY light Brésilienne 6x110ml",
    "AlcoholVolume": "0",
    "FicCode": "E",
    "EcoscoreValue": "79"
  },
  {
    "productId": "852814",
    "technicalArticleNumber": "4701170",
    "commercialArticleNumber": "31126",
    "name": "Sunlover",
    "brand": "MAGNUM",
    "seoBrand": "Ola Magnum",
    "thumbNail": "https://static.colruytgroup.com/images/200x200/std.lang.all/89/28/asset-3208928.jpg",
    "fullImage": "https://static.colruytgroup.com/images/500x500/std.lang.all/89/28/asset-3208928.jpg",
    "squareImage": "https://static.colruytgroup.com/images/500x500sq/std.lang.all/89/28/asset-3208928.jpg",
    "content": "4x85ml",
    "walkRouteSequenceNumber": 17179,
    "price": {
      "basicPrice": 7.59,
      "recommendedQuantity": "1.0",
      "quantityPrice": 7.29,
      "quantityPriceQuantity": "3.0",
      "measurementUnitPrice": 22.33,
      "measurementUnitQuantityPrice": 21.45,
      "measurementUnit": "L",
      "isRedPrice": false,
      "pricePerUOM": 22.33,
      "activationDate": "20-03-2024",
      "recordSource": "Offline",
      "isPromoActive": "N",
      "priceChangeCode": "H",
      "quantityPricePerUOM": 21.45,
      "quantityActivationDate": "20-03-2024",
      "quantityPriceChangeCode": "E"
    },
    "isAvailable": true,
    "isPriceAvailable": true,
    "inPromo": false,
    "gtin": [
      "08711327582859",
      "08711327582842"
    ],
    "topCategoryName": "Diepvries",
    "topCategoryId": "129",
    "businessDomain": "RETAIL_BE",
    "IsPrivateLabel": false,
    "IsBiffe": false,
    "WeightconversionFactor": "0",
    "IsWeightArticle": false,
    "nutriscoreLabel": "E",
    "IsBio": false,
    "CountryOfOrigin": "DUITSLAND",
    "IsExclusivelySoldInLuxembourg": false,
    "OrderUnit": "P",
    "ShortName": "MAGN SUNLOVER 4X85ML",
    "IsNew": false,
    "EcoscoreLabel": "B",
    "RecentQuanityOfStockUnits": "1",
    "LongName": "MAGNUM Sunlover 4x85ml",
    "FicCode": "E",
    "EcoscoreValue": "67"
  },
  {
    "productId": "97284",
    "technicalArticleNumber": "2805843",
    "commercialArticleNumber": "15780",
    "name": "sigaretten ijskoekje",
    "description": "Gerolde koekjes in sigarettenvorm.\nLekker bij het dessert met ijs of bij\nkoffie. 6 vershoudzakjes. 60 stuks.",
    "brand": "BONI",
    "seoBrand": "Boni Selection",
    "thumbNail": "https://static.colruytgroup.com/images/200x200/std.lang.all/64/87/asset-3446487.jpg",
    "fullImage": "https://static.colruytgroup.com/images/500x500/std.lang.all/64/87/asset-3446487.jpg",
    "squareImage": "https://static.colruytgroup.com/images/500x500sq/std.lang.all/64/87/asset-3446487.jpg",
    "content": "295g",
    "walkRouteSequenceNumber": 17135,
    "price": {
      "basicPrice": 6.99,
      "recommendedQuantity": "1.0",
      "measurementUnitPrice": 23.7,
      "measurementUnit": "K",
      "isRedPrice": false,
      "pricePerUOM": 23.7,
      "activationDate": "03-06-2023",
      "recordSource": "Offline",
      "isPromoActive": "N",
      "priceChangeCode": "E"
    },
    "isAvailable": true,
    "isPriceAvailable": true,
    "inPromo": false,
    "gtin": [
      "05400141364798",
      "05400141024418",
      "05400141358599",
      "05400141403008",
      "15400141976127",
      "15400141892977",
      "05400141892970"
    ],
    "topCategoryName": "Diepvries",
    "topCategoryId": "129",
    "businessDomain": "RETAIL_BE",
    "IsPrivateLabel": true,
    "IsBiffe": false,
    "WeightconversionFactor": "0",
    "IsWeightArticle": false,
    "nutriscoreLabel": "D",
    "IsBio": false,
    "CountryOfOrigin": "BELGIË",
    "IsExclusivelySoldInLuxembourg": false,
    "OrderUnit": "P",
    "ShortName": "BONI 60 SIGARETTEN",
    "IsNew": false,
    "EcoscoreLabel": "C",
    "RecentQuanityOfStockUnits": "1,1,1",
    "LongName": "BONI sigaretten ijskoekje 295g",
    "AlcoholVolume": "0",
    "FicCode": "I",
    "EcoscoreValue": "57"
  },
  {
    "productId": "887847",
    "technicalArticleNumber": "4747416",
    "commercialArticleNumber": "32793",
    "name": "Penne Arrabiata cour. aub.",
    "description": "* Met courgette en\naubergine",
    "brand": "IGLO",
    "seoBrand": "Iglo",
    "thumbNail": "https://static.colruytgroup.com/images/200x200/std.lang.all/07/65/asset-3330765.jpg",
    "fullImage": "https://static.colruytgroup.com/images/500x500/std.lang.all/07/65/asset-3330765.jpg",
    "squareImage": "https://static.colruytgroup.com/images/500x500sq/std.lang.all/07/65/asset-3330765.jpg",
    "content": "450g",
    "walkRouteSequenceNumber": 16565,
    "price": {
      "basicPrice": 4.49,
      "recommendedQuantity": "1.0",
      "quantityPrice": 4.31,
      "quantityPriceQuantity": "3.0",
      "measurementUnitPrice": 9.98,
      "measurementUnitQuantityPrice": 9.58,
      "measurementUnit": "K",
      "isRedPrice": false,
      "pricePerUOM": 9.98,
      "activationDate": "19-03-2024",
      "recordSource": "Offline",
      "isPromoActive": "N",
      "priceChangeCode": "L",
      "quantityPricePerUOM": 9.58,
      "quantityActivationDate": "19-03-2024",
      "quantityPriceChangeCode": "L"
    },
    "isAvailable": true,
    "isPriceAvailable": true,
    "inPromo": false,
    "gtin": [
      "05414807008117"
    ],
    "topCategoryName": "Diepvries",
    "topCategoryId": "129",
    "businessDomain": "RETAIL_BE",
    "IsPrivateLabel": false,
    "IsBiffe": false,
    "WeightconversionFactor": "0",
    "IsWeightArticle": false,
    "nutriscoreLabel": "B",
    "IsBio": false,
    "CountryOfOrigin": "BELGIË",
    "IsExclusivelySoldInLuxembourg": false,
    "OrderUnit": "P",
    "ShortName": "IGLO PEN.ARRABIATA 450G",
    "IsNew": false,
    "RecentQuanityOfStockUnits": "1",
    "LongName": "IGLO Penne Arrabiata cour. aub. 450g",
    "AlcoholVolume": "0",
    "FicCode": "E"
  },
  {
    "productId": "571224",
    "technicalArticleNumber": "4216401",
    "commercialArticleNumber": "7682",
    "name": "pita vlees",
    "brand": "BONI",
    "seoBrand": "Boni Selection",
    "thumbNail": "https://static.colruytgroup.com/images/200x200/std.lang.all/78/87/asset-2107887.jpg",
    "fullImage": "https://static.colruytgroup.com/images/500x500/std.lang.all/78/87/asset-2107887.jpg",
    "squareImage": "https://static.colruytgroup.com/images/500x500sq/std.lang.all/78/87/asset-2107887.jpg",
    "content": "±1kg",
    "walkRouteSequenceNumber": 16545,
    "price": {
      "basicPrice": 11.9,
      "recommendedQuantity": "1.0",
      "unit": "K",
      "quantityPrice": 11.4,
      "quantityPriceQuantity": "3.0",
      "measurementUnitPrice": 11.9,
      "measurementUnitQuantityPrice": 11.4,
      "measurementUnit": "K",
      "isRedPrice": false,
      "pricePerUOM": 11.9,
      "activationDate": "04-01-2024",
      "isPromoActive": "N",
      "priceChangeCode": "H",
      "quantityPricePerUOM": 11.4,
      "quantityActivationDate": "04-01-2024",
      "quantityPriceChangeCode": "H"
    },
    "isAvailable": true,
    "isPriceAvailable": true,
    "inPromo": false,
    "gtin": [
      "95400141352842",
      "15400141352846",
      "05400141352849"
    ],
    "topCategoryName": "Diepvries",
    "topCategoryId": "129",
    "businessDomain": "RETAIL_BE",
    "IsPrivateLabel": true,
    "IsBiffe": false,
    "WeightconversionFactor": "1000",
    "IsWeightArticle": true,
    "nutriscoreLabel": "D",
    "IsBio": false,
    "CountryOfOrigin": "BELGIË",
    "IsExclusivelySoldInLuxembourg": false,
    "OrderUnit": "P",
    "ShortName": "BONI DV PITAVLEES +-1KG",
    "IsNew": false,
    "EcoscoreLabel": "E",
    "RecentQuanityOfStockUnits": "1",
    "LongName": "BONI pita vlees ±1kg",
    "FicCode": "I",
    "EcoscoreValue": "10"
  },
  {
    "productId": "856307",
    "technicalArticleNumber": "4705790",
    "commercialArticleNumber": "31406",
    "name": "soft strawberry",
    "description": "*Softijs op hoorntje\n*Aardbeiensmaak",
    "brand": "OLA CORNETTO",
    "seoBrand": "Ola Cornetto",
    "thumbNail": "https://static.colruytgroup.com/images/200x200/std.lang.all/88/43/asset-3208843.jpg",
    "fullImage": "https://static.colruytgroup.com/images/500x500/std.lang.all/88/43/asset-3208843.jpg",
    "squareImage": "https://static.colruytgroup.com/images/500x500sq/std.lang.all/88/43/asset-3208843.jpg",
    "content": "4x140ml",
    "walkRouteSequenceNumber": 17222,
    "price": {
      "basicPrice": 5.55,
      "recommendedQuantity": "1.0",
      "quantityPrice": 5.11,
      "quantityPriceQuantity": "3.0",
      "measurementUnitPrice": 9.92,
      "measurementUnitQuantityPrice": 9.13,
      "measurementUnit": "L",
      "isRedPrice": false,
      "pricePerUOM": 9.92,
      "activationDate": "11-10-2023",
      "recordSource": "Offline",
      "isPromoActive": "N",
      "priceChangeCode": "H",
      "quantityPricePerUOM": 9.13,
      "quantityActivationDate": "11-10-2023",
      "quantityPriceChangeCode": "H"
    },
    "isAvailable": true,
    "isPriceAvailable": true,
    "inPromo": false,
    "gtin": [
      "08711327489349"
    ],
    "topCategoryName": "Diepvries",
    "topCategoryId": "129",
    "businessDomain": "RETAIL_BE",
    "IsPrivateLabel": false,
    "IsBiffe": false,
    "WeightconversionFactor": "0",
    "IsWeightArticle": false,
    "nutriscoreLabel": "E",
    "IsBio": false,
    "CountryOfOrigin": "HONGARIJE",
    "IsExclusivelySoldInLuxembourg": false,
    "OrderUnit": "P",
    "ShortName": "OLA COR.SOF.STRA4X140ML",
    "IsNew": false,
    "EcoscoreLabel": "B",
    "RecentQuanityOfStockUnits": "1",
    "LongName": "OLA CORNETTO soft strawberry 4x140ml",
    "FicCode": "E",
    "EcoscoreValue": "67"
  },
  {
    "productId": "825598",
    "technicalArticleNumber": "4662501",
    "commercialArticleNumber": "29893",
    "name": "roggenvleugels met graten",
    "brand": "BONI",
    "seoBrand": "Boni Selection",
    "thumbNail": "https://static.colruytgroup.com/images/200x200/std.lang.all/69/00/asset-2956900.jpg",
    "fullImage": "https://static.colruytgroup.com/images/500x500/std.lang.all/69/00/asset-2956900.jpg",
    "squareImage": "https://static.colruytgroup.com/images/500x500sq/std.lang.all/69/00/asset-2956900.jpg",
    "content": "1kg",
    "walkRouteSequenceNumber": 16788,
    "price": {
      "basicPrice": 15.95,
      "recommendedQuantity": "1.0",
      "quantityPrice": 14.67,
      "quantityPriceQuantity": "3.0",
      "measurementUnitPrice": 15.95,
      "measurementUnitQuantityPrice": 14.67,
      "measurementUnit": "K",
      "isRedPrice": false,
      "pricePerUOM": 15.95,
      "activationDate": "28-02-2024",
      "isPromoActive": "N",
      "priceChangeCode": "H",
      "quantityPricePerUOM": 14.67,
      "quantityActivationDate": "28-02-2024",
      "quantityPriceChangeCode": "H"
    },
    "isAvailable": true,
    "isPriceAvailable": true,
    "inPromo": false,
    "gtin": [
      "05400141878905",
      "15400141878902"
    ],
    "topCategoryName": "Diepvries",
    "topCategoryId": "129",
    "businessDomain": "RETAIL_BE",
    "IsPrivateLabel": true,
    "IsBiffe": false,
    "WeightconversionFactor": "0",
    "IsWeightArticle": false,
    "nutriscoreLabel": "A",
    "IsBio": false,
    "CountryOfOrigin": "IJSLAND",
    "IsExclusivelySoldInLuxembourg": false,
    "OrderUnit": "P",
    "ShortName": "BONI ROGVLEUGELS 1K",
    "IsNew": false,
    "EcoscoreLabel": "E",
    "RecentQuanityOfStockUnits": "1",
    "LongName": "BONI roggenvleugels met graten 1kg",
    "FicCode": "I",
    "EcoscoreValue": "4"
  },
  {
    "productId": "1026413",
    "technicalArticleNumber": "4791596",
    "commercialArticleNumber": "33548",
    "name": "Hamburger Original",
    "brand": "BICKY",
    "seoBrand": "Bicky",
    "thumbNail": "https://static.colruytgroup.com/images/200x200/std.lang.all/44/25/asset-3454425.jpg",
    "fullImage": "https://static.colruytgroup.com/images/500x500/std.lang.all/44/25/asset-3454425.jpg",
    "squareImage": "https://static.colruytgroup.com/images/500x500sq/std.lang.all/44/25/asset-3454425.jpg",
    "content": "4x70g",
    "walkRouteSequenceNumber": 17586,
    "price": {
      "basicPrice": 3.99,
      "recommendedQuantity": "1.0",
      "measurementUnitPrice": 14.25,
      "measurementUnit": "K",
      "isRedPrice": false,
      "pricePerUOM": 14.25,
      "activationDate": "01-02-2024",
      "isPromoActive": "N",
      "priceChangeCode": "E"
    },
    "isAvailable": true,
    "isPriceAvailable": true,
    "inPromo": false,
    "gtin": [
      "08710555152261"
    ],
    "topCategoryName": "Diepvries",
    "topCategoryId": "129",
    "businessDomain": "RETAIL_BE",
    "IsPrivateLabel": false,
    "IsBiffe": false,
    "WeightconversionFactor": "0",
    "IsWeightArticle": false,
    "nutriscoreLabel": "D",
    "IsBio": false,
    "CountryOfOrigin": "BELGIË",
    "IsExclusivelySoldInLuxembourg": false,
    "OrderUnit": "P",
    "ShortName": "BICK HAMBURGER OR.4X70G",
    "IsNew": true,
    "EcoscoreLabel": "E",
    "RecentQuanityOfStockUnits": "1",
    "LongName": "BICKY Hamburger Original 4x70g",
    "AlcoholVolume": "0",
    "FicCode": "E",
    "EcoscoreValue": "0"
  },
  {
    "productId": "763320",
    "technicalArticleNumber": "4543223",
    "commercialArticleNumber": "1637",
    "name": "fishstick veggie",
    "description": "*Vegan\n*Voorgebakken\n*3 sticks van rijst,\nen tarwe\n*Gepaneerd",
    "brand": "IGLO GREEN CUISINE",
    "seoBrand": "Iglo",
    "thumbNail": "https://static.colruytgroup.com/images/200x200/std.lang.all/10/27/asset-2951027.jpg",
    "fullImage": "https://static.colruytgroup.com/images/500x500/std.lang.all/10/27/asset-2951027.jpg",
    "squareImage": "https://static.colruytgroup.com/images/500x500sq/std.lang.all/10/27/asset-2951027.jpg",
    "content": "336g",
    "walkRouteSequenceNumber": 16874,
    "price": {
      "basicPrice": 4.99,
      "recommendedQuantity": "1.0",
      "quantityPrice": 4.79,
      "quantityPriceQuantity": "3.0",
      "measurementUnitPrice": 14.86,
      "measurementUnitQuantityPrice": 14.26,
      "measurementUnit": "K",
      "isRedPrice": false,
      "pricePerUOM": 14.86,
      "activationDate": "23-03-2024",
      "recordSource": "Offline",
      "isPromoActive": "N",
      "priceChangeCode": "E",
      "quantityPricePerUOM": 14.26,
      "quantityActivationDate": "23-03-2024",
      "quantityPriceChangeCode": "E"
    },
    "isAvailable": true,
    "isPriceAvailable": true,
    "inPromo": false,
    "gtin": [
      "05414807007387"
    ],
    "topCategoryName": "Diepvries",
    "topCategoryId": "129",
    "businessDomain": "RETAIL_BE",
    "IsPrivateLabel": false,
    "IsBiffe": false,
    "WeightconversionFactor": "0",
    "IsWeightArticle": false,
    "nutriscoreLabel": "B",
    "IsBio": false,
    "CountryOfOrigin": "DUITSLAND",
    "IsExclusivelySoldInLuxembourg": false,
    "OrderUnit": "P",
    "ShortName": "GRCU VEG.FISHSTICKS336G",
    "IsNew": false,
    "RecentQuanityOfStockUnits": "1",
    "LongName": "IGLO GREEN CUISINE fishstick veggie 336g",
    "FicCode": "E"
  },
  {
    "productId": "849091",
    "technicalArticleNumber": "4696499",
    "commercialArticleNumber": "30764",
    "name": "fruitijsje citroen",
    "description": "*Citroen sorbetstick\nmet zoetstoffen",
    "brand": "BONI",
    "seoBrand": "Boni Selection",
    "thumbNail": "https://static.colruytgroup.com/images/200x200/std.lang.all/98/77/asset-3219877.jpg",
    "fullImage": "https://static.colruytgroup.com/images/500x500/std.lang.all/98/77/asset-3219877.jpg",
    "squareImage": "https://static.colruytgroup.com/images/500x500sq/std.lang.all/98/77/asset-3219877.jpg",
    "content": "4x65ml",
    "walkRouteSequenceNumber": 17277,
    "price": {
      "basicPrice": 3.15,
      "recommendedQuantity": "1.0",
      "quantityPrice": 2.9,
      "quantityPriceQuantity": "3.0",
      "measurementUnitPrice": 12.12,
      "measurementUnitQuantityPrice": 11.16,
      "measurementUnit": "L",
      "isRedPrice": false,
      "pricePerUOM": 12.12,
      "activationDate": "12-07-2023",
      "isPromoActive": "N",
      "priceChangeCode": "E",
      "quantityPricePerUOM": 11.16,
      "quantityActivationDate": "12-07-2023",
      "quantityPriceChangeCode": "E"
    },
    "isAvailable": true,
    "isPriceAvailable": true,
    "inPromo": false,
    "gtin": [
      "05400141806038"
    ],
    "topCategoryName": "Diepvries",
    "topCategoryId": "129",
    "businessDomain": "RETAIL_BE",
    "IsPrivateLabel": true,
    "IsBiffe": false,
    "WeightconversionFactor": "0",
    "IsWeightArticle": false,
    "nutriscoreLabel": "A",
    "IsBio": false,
    "CountryOfOrigin": "BELGIË",
    "IsExclusivelySoldInLuxembourg": false,
    "OrderUnit": "P",
    "ShortName": "BONI FRUITIJS.CIT4X65ML",
    "IsNew": false,
    "EcoscoreLabel": "B",
    "RecentQuanityOfStockUnits": "1",
    "LongName": "BONI fruitijsje citroen 4x65ml",
    "FicCode": "I",
    "EcoscoreValue": "73"
  },
  {
    "productId": "680687",
    "technicalArticleNumber": "4399738",
    "commercialArticleNumber": "24587",
    "name": "duo bel.choc.-vanille",
    "description": "*belgische Vanille roomijs\nen chocolade roomijs",
    "brand": "HÄAGEN-DAZS",
    "seoBrand": "Häagen-Dazs",
    "thumbNail": "https://static.colruytgroup.com/images/200x200/std.lang.all/28/41/asset-2342841.jpg",
    "fullImage": "https://static.colruytgroup.com/images/500x500/std.lang.all/28/41/asset-2342841.jpg",
    "squareImage": "https://static.colruytgroup.com/images/500x500sq/std.lang.all/28/41/asset-2342841.jpg",
    "content": "420ml",
    "walkRouteSequenceNumber": 17447,
    "price": {
      "basicPrice": 7.85,
      "recommendedQuantity": "1.0",
      "quantityPrice": 7.54,
      "quantityPriceQuantity": "3.0",
      "measurementUnitPrice": 18.7,
      "measurementUnitQuantityPrice": 17.96,
      "measurementUnit": "L",
      "isRedPrice": false,
      "pricePerUOM": 18.7,
      "activationDate": "21-03-2024",
      "recordSource": "Offline",
      "isPromoActive": "N",
      "priceChangeCode": "L",
      "quantityPricePerUOM": 17.96,
      "quantityActivationDate": "21-03-2024",
      "quantityPriceChangeCode": "H"
    },
    "isAvailable": true,
    "isPriceAvailable": true,
    "inPromo": true,
    "promotion": [
      {
        "techPromoId": "001321COLR",
        "promotionId": "001321",
        "promotionType": "3",
        "isPersonalized": "N",
        "publicationStartDate": "09-03-2024",
        "publicationEndDate": "30-06-2024"
      }
    ],
    "gtin": [
      "03415582300719",
      "03415580043601"
    ],
    "topCategoryName": "Diepvries",
    "topCategoryId": "129",
    "businessDomain": "RETAIL_BE",
    "IsPrivateLabel": false,
    "IsBiffe": false,
    "WeightconversionFactor": "0",
    "IsWeightArticle": false,
    "nutriscoreLabel": "D",
    "IsBio": false,
    "CountryOfOrigin": "FRANKRIJK",
    "IsExclusivelySoldInLuxembourg": false,
    "OrderUnit": "P",
    "ShortName": "HAAG DUO CHOC-VAN.420ML",
    "IsNew": false,
    "EcoscoreLabel": "B",
    "RecentQuanityOfStockUnits": "1,8",
    "LongName": "HÄAGEN-DAZS duo bel.choc.-vanille 420ml",
    "FicCode": "E",
    "EcoscoreValue": "67"
  },
  {
    "productId": "200695",
    "technicalArticleNumber": "3426202",
    "commercialArticleNumber": "30385",
    "name": "Kaaskroketten glutenvrij",
    "description": "*Glutenvrij\n*Artisanaal bereid\n*In de frituurpan",
    "brand": "BONI",
    "seoBrand": "Boni Selection",
    "thumbNail": "https://static.colruytgroup.com/images/200x200/std.lang.all/46/11/asset-3274611.jpg",
    "fullImage": "https://static.colruytgroup.com/images/500x500/std.lang.all/46/11/asset-3274611.jpg",
    "squareImage": "https://static.colruytgroup.com/images/500x500sq/std.lang.all/46/11/asset-3274611.jpg",
    "content": "480g",
    "walkRouteSequenceNumber": 17555,
    "price": {
      "basicPrice": 7.39,
      "recommendedQuantity": "1.0",
      "quantityPrice": 7.09,
      "quantityPriceQuantity": "3.0",
      "measurementUnitPrice": 15.4,
      "measurementUnitQuantityPrice": 14.78,
      "measurementUnit": "K",
      "isRedPrice": false,
      "pricePerUOM": 15.4,
      "activationDate": "04-01-2024",
      "isPromoActive": "N",
      "priceChangeCode": "H",
      "quantityPricePerUOM": 14.78,
      "quantityActivationDate": "04-01-2024",
      "quantityPriceChangeCode": "H"
    },
    "isAvailable": true,
    "isPriceAvailable": true,
    "inPromo": false,
    "gtin": [
      "05400141701968",
      "05400141842579",
      "05400141239065",
      "15400141842576",
      "15400141854128",
      "05400141377118"
    ],
    "topCategoryName": "Diepvries",
    "topCategoryId": "129",
    "businessDomain": "RETAIL_BE",
    "IsPrivateLabel": true,
    "IsBiffe": false,
    "WeightconversionFactor": "0",
    "IsWeightArticle": false,
    "nutriscoreLabel": "D",
    "IsBio": false,
    "CountryOfOrigin": "BELGIË",
    "IsExclusivelySoldInLuxembourg": false,
    "OrderUnit": "P",
    "ShortName": "BONI GV KAASKROK.8STUKS",
    "IsNew": false,
    "EcoscoreLabel": "C",
    "RecentQuanityOfStockUnits": "1,1",
    "LongName": "BONI Kaaskroketten glutenvrij 480g",
    "AlcoholVolume": "0",
    "FicCode": "I",
    "EcoscoreValue": "50"
  },
  {
    "productId": "6688",
    "technicalArticleNumber": "30325",
    "commercialArticleNumber": "30325",
    "name": "paling in het groen",
    "description": "*Paling in 't groen",
    "brand": "BONI",
    "seoBrand": "Boni Selection",
    "thumbNail": "https://static.colruytgroup.com/images/200x200/std.lang.all/44/92/asset-2264492.jpg",
    "fullImage": "https://static.colruytgroup.com/images/500x500/std.lang.all/44/92/asset-2264492.jpg",
    "squareImage": "https://static.colruytgroup.com/images/500x500sq/std.lang.all/44/92/asset-2264492.jpg",
    "content": "400g",
    "walkRouteSequenceNumber": 16573,
    "price": {
      "basicPrice": 9.75,
      "recommendedQuantity": "1.0",
      "quantityPrice": 8.97,
      "quantityPriceQuantity": "3.0",
      "measurementUnitPrice": 24.38,
      "measurementUnitQuantityPrice": 22.43,
      "measurementUnit": "K",
      "isRedPrice": false,
      "pricePerUOM": 24.38,
      "activationDate": "04-01-2024",
      "isPromoActive": "N",
      "priceChangeCode": "H",
      "quantityPricePerUOM": 22.43,
      "quantityActivationDate": "04-01-2024",
      "quantityPriceChangeCode": "H"
    },
    "isAvailable": true,
    "isPriceAvailable": true,
    "inPromo": false,
    "gtin": [
      "15400141271147",
      "15400141851004",
      "05400141380934",
      "05400141208528",
      "05400141271140",
      "05400141590043",
      "05400141851007",
      "15400141208525",
      "05400141025446"
    ],
    "topCategoryName": "Diepvries",
    "topCategoryId": "129",
    "businessDomain": "RETAIL_BE",
    "IsPrivateLabel": true,
    "IsBiffe": false,
    "WeightconversionFactor": "0",
    "IsWeightArticle": false,
    "nutriscoreLabel": "B",
    "IsBio": false,
    "CountryOfOrigin": "BELGIË",
    "IsExclusivelySoldInLuxembourg": false,
    "OrderUnit": "P",
    "ShortName": "BONI PALING GROEN 400G",
    "IsNew": false,
    "EcoscoreLabel": "D",
    "RecentQuanityOfStockUnits": "1,1",
    "LongName": "BONI paling in het groen 400g",
    "AlcoholVolume": "0",
    "FicCode": "I",
    "EcoscoreValue": "22"
  },
  {
    "productId": "878399",
    "technicalArticleNumber": "4734411",
    "commercialArticleNumber": "16561",
    "name": "schelp.&Sint Jacobsn.bloemk.",
    "brand": "BONI",
    "seoBrand": "Boni Selection",
    "thumbNail": "https://static.colruytgroup.com/images/200x200/std.lang.all/17/86/asset-3361786.jpg",
    "fullImage": "https://static.colruytgroup.com/images/500x500/std.lang.all/17/86/asset-3361786.jpg",
    "squareImage": "https://static.colruytgroup.com/images/500x500sq/std.lang.all/17/86/asset-3361786.jpg",
    "content": "2x110g",
    "walkRouteSequenceNumber": 16636,
    "price": {
      "basicPrice": 4.79,
      "recommendedQuantity": "1.0",
      "quantityPrice": 4.6,
      "quantityPriceQuantity": "3.0",
      "measurementUnitPrice": 21.78,
      "measurementUnitQuantityPrice": 20.91,
      "measurementUnit": "K",
      "isRedPrice": false,
      "pricePerUOM": 21.78,
      "activationDate": "18-01-2024",
      "isPromoActive": "N",
      "priceChangeCode": "E",
      "quantityPricePerUOM": 20.91,
      "quantityActivationDate": "18-01-2024",
      "quantityPriceChangeCode": "E"
    },
    "isAvailable": true,
    "isPriceAvailable": true,
    "inPromo": true,
    "promotion": [
      {
        "techPromoId": "001303COLR",
        "promotionId": "001303",
        "promotionType": "3",
        "isPersonalized": "N",
        "publicationStartDate": "06-03-2024",
        "publicationEndDate": "31-03-2024"
      }
    ],
    "gtin": [
      "05400141913736"
    ],
    "topCategoryName": "Diepvries",
    "topCategoryId": "129",
    "businessDomain": "RETAIL_BE",
    "IsPrivateLabel": true,
    "IsBiffe": false,
    "WeightconversionFactor": "0",
    "IsWeightArticle": false,
    "nutriscoreLabel": "C",
    "IsBio": false,
    "CountryOfOrigin": "FRANKRIJK",
    "IsExclusivelySoldInLuxembourg": false,
    "OrderUnit": "P",
    "ShortName": "BONI SCHELP&ST JAC2X110",
    "IsNew": false,
    "EcoscoreLabel": "E",
    "RecentQuanityOfStockUnits": "1",
    "LongName": "BONI schelp.&Sint Jacobsn.bloemk. 2x110g",
    "FicCode": "I",
    "EcoscoreValue": "11"
  },
  {
    "productId": "852802",
    "technicalArticleNumber": "4701158",
    "commercialArticleNumber": "31124",
    "name": "double starchaser",
    "description": "*Ijs met popcorn-\nsmaak\nen ijs met karamel-\nsmaak",
    "brand": "MAGNUM",
    "seoBrand": "Ola Magnum",
    "thumbNail": "https://static.colruytgroup.com/images/200x200/std.lang.all/89/29/asset-3208929.jpg",
    "fullImage": "https://static.colruytgroup.com/images/500x500/std.lang.all/89/29/asset-3208929.jpg",
    "squareImage": "https://static.colruytgroup.com/images/500x500sq/std.lang.all/89/29/asset-3208929.jpg",
    "content": "4x85ml",
    "walkRouteSequenceNumber": 17181,
    "price": {
      "basicPrice": 5.49,
      "recommendedQuantity": "1.0",
      "measurementUnitPrice": 16.15,
      "measurementUnit": "L",
      "isRedPrice": false,
      "pricePerUOM": 16.15,
      "activationDate": "08-03-2024",
      "recordSource": "Offline",
      "isPromoActive": "N",
      "priceChangeCode": "E"
    },
    "isAvailable": true,
    "isPriceAvailable": true,
    "inPromo": false,
    "gtin": [
      "08711327582897",
      "08711327582903"
    ],
    "topCategoryName": "Diepvries",
    "topCategoryId": "129",
    "businessDomain": "RETAIL_BE",
    "IsPrivateLabel": false,
    "IsBiffe": false,
    "WeightconversionFactor": "0",
    "IsWeightArticle": false,
    "nutriscoreLabel": "E",
    "IsBio": false,
    "CountryOfOrigin": "POLEN",
    "IsExclusivelySoldInLuxembourg": false,
    "OrderUnit": "P",
    "ShortName": "MAGN DOUBL.STARCH4X85ML",
    "IsNew": false,
    "EcoscoreLabel": "B",
    "RecentQuanityOfStockUnits": "1",
    "LongName": "MAGNUM double starchaser 4x85ml",
    "FicCode": "E",
    "EcoscoreValue": "67"
  },
  {
    "productId": "885586",
    "technicalArticleNumber": "4744583",
    "commercialArticleNumber": "32610",
    "name": "Vegan ravioli",
    "brand": "FROSH",
    "seoBrand": "Frosh",
    "thumbNail": "https://static.colruytgroup.com/images/200x200/std.lang.all/65/17/asset-3256517.jpg",
    "fullImage": "https://static.colruytgroup.com/images/500x500/std.lang.all/65/17/asset-3256517.jpg",
    "squareImage": "https://static.colruytgroup.com/images/500x500sq/std.lang.all/65/17/asset-3256517.jpg",
    "content": "350g",
    "walkRouteSequenceNumber": 16878,
    "price": {
      "basicPrice": 3.5,
      "recommendedQuantity": "1.0",
      "quantityPrice": 3.36,
      "quantityPriceQuantity": "3.0",
      "measurementUnitPrice": 10,
      "measurementUnitQuantityPrice": 9.6,
      "measurementUnit": "K",
      "isRedPrice": false,
      "pricePerUOM": 10,
      "activationDate": "15-11-2023",
      "isPromoActive": "N",
      "priceChangeCode": "H",
      "quantityPricePerUOM": 9.6,
      "quantityActivationDate": "15-11-2023",
      "quantityPriceChangeCode": "H"
    },
    "isAvailable": true,
    "isPriceAvailable": true,
    "inPromo": false,
    "gtin": [
      "05430000837026"
    ],
    "topCategoryName": "Diepvries",
    "topCategoryId": "129",
    "businessDomain": "RETAIL_BE",
    "IsPrivateLabel": false,
    "IsBiffe": false,
    "WeightconversionFactor": "0",
    "IsWeightArticle": false,
    "nutriscoreLabel": "C",
    "IsBio": false,
    "CountryOfOrigin": "BELGIË",
    "IsExclusivelySoldInLuxembourg": false,
    "OrderUnit": "P",
    "ShortName": "FROS VEGAN RAVIOLI 350G",
    "IsNew": false,
    "RecentQuanityOfStockUnits": "1",
    "LongName": "FROSH Vegan ravioli 350g",
    "FicCode": "E"
  },
  {
    "productId": "491433",
    "technicalArticleNumber": "4041917",
    "commercialArticleNumber": "6133",
    "name": "Cappuccino XXL",
    "description": "*Roomijs\n*Ijstaart\n*Cappuccinosmaak\n*Krokante laagjes\n*Dessert",
    "brand": "VIENNETTA",
    "seoBrand": "Ola Viennetta",
    "thumbNail": "https://static.colruytgroup.com/images/200x200/std.lang.all/05/92/asset-3330592.jpg",
    "fullImage": "https://static.colruytgroup.com/images/500x500/std.lang.all/05/92/asset-3330592.jpg",
    "squareImage": "https://static.colruytgroup.com/images/500x500sq/std.lang.all/05/92/asset-3330592.jpg",
    "content": "1L",
    "walkRouteSequenceNumber": 17302,
    "price": {
      "basicPrice": 6.69,
      "recommendedQuantity": "1.0",
      "quantityPrice": 6.15,
      "quantityPriceQuantity": "3.0",
      "measurementUnitPrice": 6.69,
      "measurementUnitQuantityPrice": 6.15,
      "measurementUnit": "L",
      "isRedPrice": false,
      "pricePerUOM": 6.69,
      "activationDate": "07-03-2024",
      "recordSource": "Offline",
      "isPromoActive": "N",
      "priceChangeCode": "L",
      "quantityPricePerUOM": 6.15,
      "quantityActivationDate": "07-03-2024",
      "quantityPriceChangeCode": "L"
    },
    "isAvailable": true,
    "isPriceAvailable": true,
    "inPromo": false,
    "gtin": [
      "08000920773819",
      "08712100657115"
    ],
    "topCategoryName": "Diepvries",
    "topCategoryId": "129",
    "businessDomain": "RETAIL_BE",
    "IsPrivateLabel": false,
    "IsBiffe": false,
    "WeightconversionFactor": "0",
    "IsWeightArticle": false,
    "nutriscoreLabel": "D",
    "IsBio": false,
    "CountryOfOrigin": "VERENIGD KONINKRIJK",
    "IsExclusivelySoldInLuxembourg": false,
    "OrderUnit": "P",
    "ShortName": "VIENNETTA CAPPU XXL 1L",
    "IsNew": false,
    "EcoscoreLabel": "B",
    "RecentQuanityOfStockUnits": "1",
    "LongName": "VIENNETTA Cappuccino XXL 1L",
    "AlcoholVolume": "0",
    "FicCode": "E",
    "EcoscoreValue": "67"
  },
  {
    "productId": "1020799",
    "technicalArticleNumber": "4789552",
    "commercialArticleNumber": "15219",
    "name": "Cookie Dough Vegan",
    "description": "*Roomijs\n*Chocolade stukjes\n*Fairtrade\n*Perfect om te delen\nhavermelk ipv amandelmelk",
    "brand": "B&J",
    "seoBrand": "Ben & Jerry's",
    "thumbNail": "https://static.colruytgroup.com/images/200x200/std.lang.all/44/24/asset-3454424.jpg",
    "fullImage": "https://static.colruytgroup.com/images/500x500/std.lang.all/44/24/asset-3454424.jpg",
    "squareImage": "https://static.colruytgroup.com/images/500x500sq/std.lang.all/44/24/asset-3454424.jpg",
    "content": "465ml",
    "walkRouteSequenceNumber": 17462,
    "price": {
      "basicPrice": 6.99,
      "recommendedQuantity": "1.0",
      "measurementUnitPrice": 15.04,
      "measurementUnit": "L",
      "isRedPrice": false,
      "pricePerUOM": 15.04,
      "activationDate": "21-03-2024",
      "recordSource": "Offline",
      "isPromoActive": "N",
      "priceChangeCode": "L"
    },
    "isAvailable": true,
    "isPriceAvailable": true,
    "inPromo": false,
    "gtin": [
      "08711327626386"
    ],
    "topCategoryName": "Diepvries",
    "topCategoryId": "129",
    "businessDomain": "RETAIL_BE",
    "IsPrivateLabel": false,
    "IsBiffe": false,
    "WeightconversionFactor": "0",
    "IsWeightArticle": false,
    "nutriscoreLabel": "D",
    "IsBio": false,
    "CountryOfOrigin": "NEDERLAND",
    "IsExclusivelySoldInLuxembourg": false,
    "OrderUnit": "P",
    "ShortName": "B&J COO.DOUG.VEGAN465ML",
    "IsNew": true,
    "RecentQuanityOfStockUnits": "1",
    "LongName": "B&J Cookie Dough Vegan 465ml",
    "FicCode": "E"
  },
  {
    "productId": "884432",
    "technicalArticleNumber": "4743414",
    "commercialArticleNumber": "32472",
    "name": "Indian curry",
    "brand": "FROSH",
    "seoBrand": "Frosh",
    "thumbNail": "https://static.colruytgroup.com/images/200x200/std.lang.all/65/15/asset-3256515.jpg",
    "fullImage": "https://static.colruytgroup.com/images/500x500/std.lang.all/65/15/asset-3256515.jpg",
    "squareImage": "https://static.colruytgroup.com/images/500x500sq/std.lang.all/65/15/asset-3256515.jpg",
    "content": "370g",
    "walkRouteSequenceNumber": 16566,
    "price": {
      "basicPrice": 3.5,
      "recommendedQuantity": "1.0",
      "quantityPrice": 3.22,
      "quantityPriceQuantity": "3.0",
      "measurementUnitPrice": 9.46,
      "measurementUnitQuantityPrice": 8.71,
      "measurementUnit": "K",
      "isRedPrice": false,
      "pricePerUOM": 9.46,
      "activationDate": "15-11-2023",
      "isPromoActive": "N",
      "priceChangeCode": "H",
      "quantityPricePerUOM": 8.71,
      "quantityActivationDate": "15-11-2023",
      "quantityPriceChangeCode": "H"
    },
    "isAvailable": true,
    "isPriceAvailable": true,
    "inPromo": false,
    "gtin": [
      "05430000837019"
    ],
    "topCategoryName": "Diepvries",
    "topCategoryId": "129",
    "businessDomain": "RETAIL_BE",
    "IsPrivateLabel": false,
    "IsBiffe": false,
    "WeightconversionFactor": "0",
    "IsWeightArticle": false,
    "nutriscoreLabel": "C",
    "IsBio": false,
    "CountryOfOrigin": "BELGIË",
    "IsExclusivelySoldInLuxembourg": false,
    "OrderUnit": "P",
    "ShortName": "FROS INDIAN CURRY 370G",
    "IsNew": false,
    "RecentQuanityOfStockUnits": "1",
    "LongName": "FROSH Indian curry 370g",
    "FicCode": "E"
  },
  {
    "productId": "882994",
    "technicalArticleNumber": "4740932",
    "commercialArticleNumber": "18113",
    "name": "Vanille",
    "description": "*Veganistisch\n*Vanilleroomijs",
    "brand": "ICY VEGAN",
    "seoBrand": "Ijsboerke Icy Vegan",
    "thumbNail": "https://static.colruytgroup.com/images/200x200/std.lang.all/34/94/asset-3263494.jpg",
    "fullImage": "https://static.colruytgroup.com/images/500x500/std.lang.all/34/94/asset-3263494.jpg",
    "squareImage": "https://static.colruytgroup.com/images/500x500sq/std.lang.all/34/94/asset-3263494.jpg",
    "content": "1L",
    "walkRouteSequenceNumber": 17238,
    "price": {
      "basicPrice": 4.75,
      "recommendedQuantity": "1.0",
      "quantityPrice": 4.37,
      "quantityPriceQuantity": "3.0",
      "measurementUnitPrice": 4.75,
      "measurementUnitQuantityPrice": 4.37,
      "measurementUnit": "L",
      "isRedPrice": false,
      "pricePerUOM": 4.75,
      "activationDate": "21-03-2024",
      "recordSource": "Offline",
      "isPromoActive": "N",
      "priceChangeCode": "E",
      "quantityPricePerUOM": 4.37,
      "quantityActivationDate": "21-03-2024",
      "quantityPriceChangeCode": "E"
    },
    "isAvailable": true,
    "isPriceAvailable": true,
    "inPromo": true,
    "promotion": [
      {
        "techPromoId": "100895COLR",
        "promotionId": "100895",
        "promotionType": "3",
        "isPersonalized": "N",
        "publicationStartDate": "13-03-2024",
        "publicationEndDate": "26-03-2024"
      }
    ],
    "gtin": [
      "05412121053905",
      "05412121053912"
    ],
    "topCategoryName": "Diepvries",
    "topCategoryId": "129",
    "businessDomain": "RETAIL_BE",
    "IsPrivateLabel": false,
    "IsBiffe": false,
    "WeightconversionFactor": "0",
    "IsWeightArticle": false,
    "nutriscoreLabel": "D",
    "IsBio": false,
    "CountryOfOrigin": "BELGIË",
    "IsExclusivelySoldInLuxembourg": false,
    "OrderUnit": "P",
    "ShortName": "IJSB ICY VEGAN VANI 1L",
    "IsNew": false,
    "EcoscoreLabel": "B",
    "RecentQuanityOfStockUnits": "1",
    "LongName": "ICY VEGAN Vanille 1L",
    "AlcoholVolume": "0",
    "FicCode": "E",
    "EcoscoreValue": "73"
  },
  {
    "productId": "792009",
    "technicalArticleNumber": "4599509",
    "commercialArticleNumber": "3991",
    "name": "vanil.fud.brow.pin",
    "description": "*Vanille-ijs op\nbasis van soja, cake\nmet chocoladesmaak\nen cacaosaus",
    "brand": "CREME D/L CREME",
    "seoBrand": "Crème de la crème",
    "thumbNail": "https://static.colruytgroup.com/images/200x200/std.lang.all/40/25/asset-2874025.jpg",
    "fullImage": "https://static.colruytgroup.com/images/500x500/std.lang.all/40/25/asset-2874025.jpg",
    "squareImage": "https://static.colruytgroup.com/images/500x500sq/std.lang.all/40/25/asset-2874025.jpg",
    "content": "475ml",
    "walkRouteSequenceNumber": 17457,
    "price": {
      "basicPrice": 3.95,
      "recommendedQuantity": "1.0",
      "quantityPrice": 3.63,
      "quantityPriceQuantity": "3.0",
      "measurementUnitPrice": 8.32,
      "measurementUnitQuantityPrice": 7.65,
      "measurementUnit": "L",
      "isRedPrice": false,
      "pricePerUOM": 8.32,
      "activationDate": "03-11-2022",
      "isPromoActive": "N",
      "priceChangeCode": "E",
      "quantityPricePerUOM": 7.65,
      "quantityActivationDate": "03-11-2022",
      "quantityPriceChangeCode": "H"
    },
    "isAvailable": true,
    "isPriceAvailable": true,
    "inPromo": false,
    "gtin": [
      "15407001549286",
      "05407001549289"
    ],
    "topCategoryName": "Diepvries",
    "topCategoryId": "129",
    "businessDomain": "RETAIL_BE",
    "IsPrivateLabel": false,
    "IsBiffe": false,
    "WeightconversionFactor": "0",
    "IsWeightArticle": false,
    "nutriscoreLabel": "D",
    "IsBio": false,
    "CountryOfOrigin": "BELGIË",
    "IsExclusivelySoldInLuxembourg": false,
    "OrderUnit": "P",
    "ShortName": "CDLC VAN/FUD/BROW.475ML",
    "IsNew": false,
    "RecentQuanityOfStockUnits": "1",
    "LongName": "CREME D/L CREME vanil.fud.brow.pin 475ml",
    "FicCode": "E"
  },
  {
    "productId": "793192",
    "technicalArticleNumber": "4600906",
    "commercialArticleNumber": "7373",
    "name": "salt.cara.pec.pint",
    "description": "*Plantaardige soja\nijs met gezouten\ncaramelsaus en\ngekarameliseerde\npecannootjes",
    "brand": "CREME D/L CREME",
    "seoBrand": "Crème de la crème",
    "thumbNail": "https://static.colruytgroup.com/images/200x200/std.lang.all/40/26/asset-2874026.jpg",
    "fullImage": "https://static.colruytgroup.com/images/500x500/std.lang.all/40/26/asset-2874026.jpg",
    "squareImage": "https://static.colruytgroup.com/images/500x500sq/std.lang.all/40/26/asset-2874026.jpg",
    "content": "475ml",
    "walkRouteSequenceNumber": 17458,
    "price": {
      "basicPrice": 3.95,
      "recommendedQuantity": "1.0",
      "quantityPrice": 3.63,
      "quantityPriceQuantity": "3.0",
      "measurementUnitPrice": 8.32,
      "measurementUnitQuantityPrice": 7.65,
      "measurementUnit": "L",
      "isRedPrice": false,
      "pricePerUOM": 8.32,
      "activationDate": "04-01-2024",
      "isPromoActive": "N",
      "priceChangeCode": "H",
      "quantityPricePerUOM": 7.65,
      "quantityActivationDate": "04-01-2024",
      "quantityPriceChangeCode": "L"
    },
    "isAvailable": true,
    "isPriceAvailable": true,
    "inPromo": false,
    "gtin": [
      "05407001549296",
      "15407001549293"
    ],
    "topCategoryName": "Diepvries",
    "topCategoryId": "129",
    "businessDomain": "RETAIL_BE",
    "IsPrivateLabel": false,
    "IsBiffe": false,
    "WeightconversionFactor": "0",
    "IsWeightArticle": false,
    "nutriscoreLabel": "D",
    "IsBio": false,
    "CountryOfOrigin": "BELGIË",
    "IsExclusivelySoldInLuxembourg": false,
    "OrderUnit": "P",
    "ShortName": "CDLC SALT CARM PIN475ML",
    "IsNew": false,
    "RecentQuanityOfStockUnits": "1",
    "LongName": "CREME D/L CREME salt.cara.pec.pint 475ml",
    "FicCode": "E"
  },
  {
    "productId": "852724",
    "technicalArticleNumber": "4701039",
    "commercialArticleNumber": "31109",
    "name": "Kids Mix 8-pack",
    "description": "*Softijs",
    "brand": "OLA",
    "seoBrand": "Ola",
    "thumbNail": "https://static.colruytgroup.com/images/200x200/std.lang.all/89/27/asset-3208927.jpg",
    "fullImage": "https://static.colruytgroup.com/images/500x500/std.lang.all/89/27/asset-3208927.jpg",
    "squareImage": "https://static.colruytgroup.com/images/500x500sq/std.lang.all/89/27/asset-3208927.jpg",
    "content": "398ml",
    "walkRouteSequenceNumber": 17306,
    "price": {
      "basicPrice": 2.99,
      "recommendedQuantity": "1.0",
      "measurementUnitPrice": 7.52,
      "measurementUnit": "K",
      "isRedPrice": false,
      "pricePerUOM": 7.52,
      "activationDate": "01-03-2024",
      "recordSource": "Offline",
      "isPromoActive": "N",
      "priceChangeCode": "L"
    },
    "isAvailable": true,
    "isPriceAvailable": true,
    "inPromo": false,
    "gtin": [
      "08711327592490",
      "08711327592469"
    ],
    "topCategoryName": "Diepvries",
    "topCategoryId": "129",
    "businessDomain": "RETAIL_BE",
    "IsPrivateLabel": false,
    "IsBiffe": false,
    "WeightconversionFactor": "0",
    "IsWeightArticle": false,
    "nutriscoreLabel": "C",
    "IsBio": false,
    "CountryOfOrigin": "HONGARIJE",
    "IsExclusivelySoldInLuxembourg": false,
    "OrderUnit": "P",
    "ShortName": "OLA KIDSMIX 8PACK 398ML",
    "InSeason": true,
    "IsNew": false,
    "EcoscoreLabel": "B",
    "RecentQuanityOfStockUnits": "1",
    "LongName": "OLA Kids Mix 8-pack 398ml",
    "StartSeasonDate": "12/01/2024",
    "FicCode": "E",
    "EcoscoreValue": "73"
  },
  {
    "productId": "216118",
    "technicalArticleNumber": "3505637",
    "commercialArticleNumber": "33163",
    "name": "forel graatloos ASC",
    "description": "*Aquacultuur uit\nSpanje\n*Graatarm\n*met label ASC",
    "brand": "BONI",
    "seoBrand": "Boni Selection",
    "thumbNail": "https://static.colruytgroup.com/images/200x200/std.lang.all/00/34/asset-2330034.jpg",
    "fullImage": "https://static.colruytgroup.com/images/500x500/std.lang.all/00/34/asset-2330034.jpg",
    "squareImage": "https://static.colruytgroup.com/images/500x500sq/std.lang.all/00/34/asset-2330034.jpg",
    "content": "±1kg",
    "walkRouteSequenceNumber": 16858,
    "price": {
      "basicPrice": 14.9,
      "recommendedQuantity": "1.0",
      "unit": "K",
      "quantityPrice": 13.7,
      "quantityPriceQuantity": "3.0",
      "measurementUnitPrice": 14.9,
      "measurementUnitQuantityPrice": 13.7,
      "measurementUnit": "K",
      "isRedPrice": false,
      "pricePerUOM": 14.9,
      "activationDate": "15-11-2023",
      "isPromoActive": "N",
      "priceChangeCode": "H",
      "quantityPricePerUOM": 13.7,
      "quantityActivationDate": "15-11-2023",
      "quantityPriceChangeCode": "H"
    },
    "isAvailable": true,
    "isPriceAvailable": true,
    "inPromo": false,
    "gtin": [
      "95400141214492",
      "95400141031303",
      "95400141316639",
      "05400141416381",
      "05400141316568",
      "05400141214499"
    ],
    "topCategoryName": "Diepvries",
    "topCategoryId": "129",
    "businessDomain": "RETAIL_BE",
    "IsPrivateLabel": true,
    "IsBiffe": false,
    "WeightconversionFactor": "1000",
    "IsWeightArticle": true,
    "nutriscoreLabel": "A",
    "IsBio": false,
    "CountryOfOrigin": "SPANJE",
    "IsExclusivelySoldInLuxembourg": false,
    "OrderUnit": "P",
    "ShortName": "BONI REGENB.FOREL 1K W",
    "IsNew": false,
    "EcoscoreLabel": "E",
    "RecentQuanityOfStockUnits": "1",
    "LongName": "BONI forel graatloos ASC ±1kg",
    "AlcoholVolume": "0",
    "FicCode": "I",
    "EcoscoreValue": "17"
  },
  {
    "productId": "852823",
    "technicalArticleNumber": "4701179",
    "commercialArticleNumber": "31131",
    "name": "mini double starchaser",
    "description": "*Ijs met popcorn-\nen ijs met karamel-\nsmaak",
    "brand": "MAGNUM",
    "seoBrand": "Ola Magnum",
    "thumbNail": "https://static.colruytgroup.com/images/200x200/std.lang.all/97/85/asset-3149785.jpg",
    "fullImage": "https://static.colruytgroup.com/images/500x500/std.lang.all/97/85/asset-3149785.jpg",
    "squareImage": "https://static.colruytgroup.com/images/500x500sq/std.lang.all/97/85/asset-3149785.jpg",
    "content": "6x55ml",
    "walkRouteSequenceNumber": 17206,
    "price": {
      "basicPrice": 7.45,
      "recommendedQuantity": "1.0",
      "quantityPrice": 7.15,
      "quantityPriceQuantity": "3.0",
      "measurementUnitPrice": 22.58,
      "measurementUnitQuantityPrice": 21.67,
      "measurementUnit": "L",
      "isRedPrice": false,
      "pricePerUOM": 22.58,
      "activationDate": "07-03-2024",
      "recordSource": "Offline",
      "isPromoActive": "N",
      "priceChangeCode": "H",
      "quantityPricePerUOM": 21.67,
      "quantityActivationDate": "07-03-2024",
      "quantityPriceChangeCode": "E"
    },
    "isAvailable": true,
    "isPriceAvailable": true,
    "inPromo": false,
    "gtin": [
      "08711327580725"
    ],
    "topCategoryName": "Diepvries",
    "topCategoryId": "129",
    "businessDomain": "RETAIL_BE",
    "IsPrivateLabel": false,
    "IsBiffe": false,
    "WeightconversionFactor": "0",
    "IsWeightArticle": false,
    "nutriscoreLabel": "E",
    "IsBio": false,
    "CountryOfOrigin": "ITALIË",
    "IsExclusivelySoldInLuxembourg": false,
    "OrderUnit": "P",
    "ShortName": "MAGN MIN.DOU.STARCH6X55",
    "IsNew": false,
    "EcoscoreLabel": "B",
    "RecentQuanityOfStockUnits": "1",
    "LongName": "MAGNUM mini double starchaser 6x55ml",
    "FicCode": "E",
    "EcoscoreValue": "67"
  },
  {
    "productId": "103394",
    "technicalArticleNumber": "3129832",
    "commercialArticleNumber": "42602",
    "name": "kreeft gekookt MSC",
    "description": "*Noordwestelijk deel\nAtlantische Oceaan\n*Wild\n*met label MSC",
    "brand": "BONI",
    "seoBrand": "Boni Selection",
    "thumbNail": "https://static.colruytgroup.com/images/200x200/std.lang.all/67/14/asset-2956714.jpg",
    "fullImage": "https://static.colruytgroup.com/images/500x500/std.lang.all/67/14/asset-2956714.jpg",
    "squareImage": "https://static.colruytgroup.com/images/500x500sq/std.lang.all/67/14/asset-2956714.jpg",
    "content": "450g",
    "walkRouteSequenceNumber": 16635,
    "price": {
      "basicPrice": 14.13,
      "recommendedQuantity": "1.0",
      "measurementUnitPrice": 31.4,
      "measurementUnit": "K",
      "isRedPrice": false,
      "pricePerUOM": 31.4,
      "activationDate": "31-01-2024",
      "recordSource": "Offline",
      "isPromoActive": "N",
      "priceChangeCode": "H"
    },
    "isAvailable": true,
    "isPriceAvailable": true,
    "inPromo": false,
    "gtin": [
      "05400141319392",
      "05400141379624",
      "15400141820017",
      "05400141284669",
      "05400141269420",
      "05400141162288"
    ],
    "topCategoryName": "Diepvries",
    "topCategoryId": "129",
    "businessDomain": "RETAIL_BE",
    "IsPrivateLabel": true,
    "IsBiffe": false,
    "WeightconversionFactor": "0",
    "IsWeightArticle": false,
    "nutriscoreLabel": "B",
    "IsBio": false,
    "CountryOfOrigin": "CANADA",
    "IsExclusivelySoldInLuxembourg": false,
    "OrderUnit": "P",
    "ShortName": "BONI KREEFT GEKOOKT450G",
    "InSeason": true,
    "IsNew": false,
    "EcoscoreLabel": "E",
    "RecentQuanityOfStockUnits": "1,10",
    "LongName": "BONI kreeft gekookt MSC 450g",
    "AlcoholVolume": "0",
    "StartSeasonDate": "29/06/2022",
    "FicCode": "I",
    "EcoscoreValue": "15"
  },
  {
    "productId": "877687",
    "technicalArticleNumber": "4733656",
    "commercialArticleNumber": "11730",
    "name": "veggie burrito bowl",
    "description": "*Diepvries",
    "brand": "FROSH",
    "seoBrand": "Frosh",
    "thumbNail": "https://static.colruytgroup.com/images/200x200/std.lang.all/65/29/asset-3256529.jpg",
    "fullImage": "https://static.colruytgroup.com/images/500x500/std.lang.all/65/29/asset-3256529.jpg",
    "squareImage": "https://static.colruytgroup.com/images/500x500sq/std.lang.all/65/29/asset-3256529.jpg",
    "content": "350g",
    "walkRouteSequenceNumber": 16613,
    "price": {
      "basicPrice": 3.5,
      "recommendedQuantity": "1.0",
      "quantityPrice": 3.36,
      "quantityPriceQuantity": "3.0",
      "measurementUnitPrice": 9.46,
      "measurementUnitQuantityPrice": 9.09,
      "measurementUnit": "K",
      "isRedPrice": false,
      "pricePerUOM": 9.46,
      "activationDate": "15-11-2023",
      "isPromoActive": "N",
      "priceChangeCode": "H",
      "quantityPricePerUOM": 9.09,
      "quantityActivationDate": "15-11-2023",
      "quantityPriceChangeCode": "H"
    },
    "isAvailable": true,
    "isPriceAvailable": true,
    "inPromo": false,
    "gtin": [
      "05430000837033"
    ],
    "topCategoryName": "Diepvries",
    "topCategoryId": "129",
    "businessDomain": "RETAIL_BE",
    "IsPrivateLabel": false,
    "IsBiffe": false,
    "WeightconversionFactor": "0",
    "IsWeightArticle": false,
    "nutriscoreLabel": "C",
    "IsBio": false,
    "CountryOfOrigin": "BELGIË",
    "IsExclusivelySoldInLuxembourg": false,
    "OrderUnit": "P",
    "ShortName": "FROS VEG.BUR.BOWL 350G",
    "IsNew": false,
    "RecentQuanityOfStockUnits": "1",
    "LongName": "FROSH veggie burrito bowl 350g",
    "FicCode": "E"
  },
  {
    "productId": "861434",
    "technicalArticleNumber": "4712659",
    "commercialArticleNumber": "23036",
    "name": "kruidenmix in mexicaanse stijl",
    "brand": "ARDO",
    "seoBrand": "Ardo",
    "thumbNail": "https://static.colruytgroup.com/images/200x200/std.lang.all/45/11/asset-3204511.jpg",
    "fullImage": "https://static.colruytgroup.com/images/500x500/std.lang.all/45/11/asset-3204511.jpg",
    "squareImage": "https://static.colruytgroup.com/images/500x500sq/std.lang.all/45/11/asset-3204511.jpg",
    "content": "250g",
    "walkRouteSequenceNumber": 17108,
    "price": {
      "basicPrice": 2.79,
      "recommendedQuantity": "1.0",
      "quantityPrice": 2.68,
      "quantityPriceQuantity": "3.0",
      "measurementUnitPrice": 11.16,
      "measurementUnitQuantityPrice": 10.72,
      "measurementUnit": "K",
      "isRedPrice": false,
      "pricePerUOM": 11.16,
      "activationDate": "08-03-2023",
      "isPromoActive": "N",
      "priceChangeCode": "H",
      "quantityPricePerUOM": 10.72,
      "quantityActivationDate": "08-03-2023",
      "quantityPriceChangeCode": "H"
    },
    "isAvailable": true,
    "isPriceAvailable": true,
    "inPromo": false,
    "gtin": [
      "05411361154014"
    ],
    "topCategoryName": "Diepvries",
    "topCategoryId": "129",
    "businessDomain": "RETAIL_BE",
    "IsPrivateLabel": false,
    "IsBiffe": false,
    "WeightconversionFactor": "0",
    "IsWeightArticle": false,
    "nutriscoreLabel": "B",
    "IsBio": false,
    "CountryOfOrigin": "BELGIË",
    "IsExclusivelySoldInLuxembourg": false,
    "OrderUnit": "P",
    "ShortName": "ARDO KRUIDEN MEXIC.250G",
    "IsNew": false,
    "EcoscoreLabel": "E",
    "RecentQuanityOfStockUnits": "1",
    "LongName": "ARDO kruidenmix in mexicaanse stijl 250g",
    "FicCode": "E",
    "EcoscoreValue": "2"
  },
  {
    "productId": "863582",
    "technicalArticleNumber": "4715128",
    "commercialArticleNumber": "31930",
    "name": "gehaktstaaf",
    "brand": "BECKERS",
    "seoBrand": "Beckers",
    "thumbNail": "https://static.colruytgroup.com/images/200x200/std.lang.all/62/73/asset-3196273.jpg",
    "fullImage": "https://static.colruytgroup.com/images/500x500/std.lang.all/62/73/asset-3196273.jpg",
    "squareImage": "https://static.colruytgroup.com/images/500x500sq/std.lang.all/62/73/asset-3196273.jpg",
    "content": "4x90g",
    "walkRouteSequenceNumber": 17568,
    "price": {
      "basicPrice": 3.5,
      "recommendedQuantity": "1.0",
      "measurementUnitPrice": 9.73,
      "measurementUnit": "K",
      "isRedPrice": false,
      "pricePerUOM": 9.73,
      "activationDate": "09-03-2023",
      "isPromoActive": "N",
      "priceChangeCode": "E"
    },
    "isAvailable": true,
    "isPriceAvailable": true,
    "inPromo": false,
    "gtin": [
      "08710555693085"
    ],
    "topCategoryName": "Diepvries",
    "topCategoryId": "129",
    "businessDomain": "RETAIL_BE",
    "IsPrivateLabel": false,
    "IsBiffe": false,
    "WeightconversionFactor": "0",
    "IsWeightArticle": false,
    "nutriscoreLabel": "D",
    "IsBio": false,
    "CountryOfOrigin": "BELGIË",
    "IsExclusivelySoldInLuxembourg": false,
    "OrderUnit": "P",
    "ShortName": "BECK GEHAKTSTAAF 4X90G",
    "IsNew": false,
    "EcoscoreLabel": "E",
    "RecentQuanityOfStockUnits": "1",
    "LongName": "BECKERS gehaktstaaf 4x90g",
    "FicCode": "E",
    "EcoscoreValue": "0"
  },
  {
    "productId": "882830",
    "technicalArticleNumber": "4740761",
    "commercialArticleNumber": "15572",
    "name": "Gepaneerde kaapse heek",
    "brand": "BONI",
    "seoBrand": "Boni Selection",
    "thumbNail": "https://static.colruytgroup.com/images/200x200/std.lang.all/86/90/asset-3278690.jpg",
    "fullImage": "https://static.colruytgroup.com/images/500x500/std.lang.all/86/90/asset-3278690.jpg",
    "squareImage": "https://static.colruytgroup.com/images/500x500sq/std.lang.all/86/90/asset-3278690.jpg",
    "content": "1kg",
    "walkRouteSequenceNumber": 16901,
    "price": {
      "basicPrice": 8.95,
      "recommendedQuantity": "1.0",
      "measurementUnitPrice": 8.95,
      "measurementUnit": "K",
      "isRedPrice": false,
      "pricePerUOM": 8.95,
      "activationDate": "28-06-2023",
      "isPromoActive": "N",
      "priceChangeCode": "E"
    },
    "isAvailable": true,
    "isPriceAvailable": true,
    "inPromo": false,
    "gtin": [
      "05400141750874"
    ],
    "topCategoryName": "Diepvries",
    "topCategoryId": "129",
    "businessDomain": "RETAIL_BE",
    "IsPrivateLabel": true,
    "IsBiffe": false,
    "WeightconversionFactor": "0",
    "IsWeightArticle": false,
    "nutriscoreLabel": "B",
    "IsBio": false,
    "CountryOfOrigin": "ZUID-AFRIKA",
    "IsExclusivelySoldInLuxembourg": false,
    "OrderUnit": "P",
    "ShortName": "BONI GEP.KAAPSE HEEK1KG",
    "IsNew": false,
    "EcoscoreLabel": "E",
    "RecentQuanityOfStockUnits": "1",
    "LongName": "BONI Gepaneerde kaapse heek 1kg",
    "FicCode": "I",
    "EcoscoreValue": "11"
  },
  {
    "productId": "782395",
    "technicalArticleNumber": "4579494",
    "commercialArticleNumber": "1076",
    "name": "Cornetto Caramel",
    "description": "*Ijshoorntje\n*Karamelsmaak\n*Krokante hoorn\n*Italiaans ijs\n*Dessert",
    "brand": "OLA",
    "seoBrand": "Ola Cornetto",
    "thumbNail": "https://static.colruytgroup.com/images/200x200/std.lang.all/89/26/asset-3208926.jpg",
    "fullImage": "https://static.colruytgroup.com/images/500x500/std.lang.all/89/26/asset-3208926.jpg",
    "squareImage": "https://static.colruytgroup.com/images/500x500sq/std.lang.all/89/26/asset-3208926.jpg",
    "content": "5x125ml",
    "walkRouteSequenceNumber": 17217,
    "price": {
      "basicPrice": 4.99,
      "recommendedQuantity": "1.0",
      "quantityPrice": 4.79,
      "quantityPriceQuantity": "3.0",
      "measurementUnitPrice": 7.99,
      "measurementUnitQuantityPrice": 7.67,
      "measurementUnit": "L",
      "isRedPrice": false,
      "pricePerUOM": 7.99,
      "activationDate": "20-03-2024",
      "recordSource": "Offline",
      "isPromoActive": "N",
      "priceChangeCode": "H",
      "quantityPricePerUOM": 7.67,
      "quantityActivationDate": "20-03-2024",
      "quantityPriceChangeCode": "H"
    },
    "isAvailable": true,
    "isPriceAvailable": true,
    "inPromo": false,
    "gtin": [
      "08711327535992",
      "08711327535985"
    ],
    "topCategoryName": "Diepvries",
    "topCategoryId": "129",
    "businessDomain": "RETAIL_BE",
    "IsPrivateLabel": false,
    "IsBiffe": false,
    "WeightconversionFactor": "0",
    "IsWeightArticle": false,
    "nutriscoreLabel": "D",
    "IsBio": false,
    "CountryOfOrigin": "ITALIË",
    "IsExclusivelySoldInLuxembourg": false,
    "OrderUnit": "P",
    "ShortName": "OLA CORN CARAMEL5X125ML",
    "IsNew": false,
    "EcoscoreLabel": "B",
    "RecentQuanityOfStockUnits": "1",
    "LongName": "OLA Cornetto Caramel 5x125ml",
    "FicCode": "E",
    "EcoscoreValue": "67"
  },
  {
    "productId": "1033742",
    "technicalArticleNumber": "4795387",
    "commercialArticleNumber": "35728",
    "name": "Pizza Sensazione Hawaï",
    "brand": "WAGNER",
    "seoBrand": "Original Wagner",
    "thumbNail": "https://static.colruytgroup.com/images/200x200/std.lang.all/43/84/asset-3434384.jpg",
    "fullImage": "https://static.colruytgroup.com/images/500x500/std.lang.all/43/84/asset-3434384.jpg",
    "squareImage": "https://static.colruytgroup.com/images/500x500sq/std.lang.all/43/84/asset-3434384.jpg",
    "content": "350g",
    "walkRouteSequenceNumber": 18162,
    "price": {
      "basicPrice": 3.85,
      "recommendedQuantity": "1.0",
      "quantityPrice": 3.54,
      "quantityPriceQuantity": "3.0",
      "measurementUnitPrice": 10.41,
      "measurementUnitQuantityPrice": 9.57,
      "measurementUnit": "K",
      "isRedPrice": false,
      "pricePerUOM": 10.41,
      "activationDate": "14-03-2024",
      "recordSource": "Offline",
      "isPromoActive": "N",
      "priceChangeCode": "H",
      "quantityPricePerUOM": 9.57,
      "quantityActivationDate": "14-03-2024",
      "quantityPriceChangeCode": "H"
    },
    "isAvailable": true,
    "isPriceAvailable": true,
    "inPromo": false,
    "gtin": [
      "08445290799487"
    ],
    "topCategoryName": "Diepvries",
    "topCategoryId": "129",
    "businessDomain": "RETAIL_BE",
    "IsPrivateLabel": false,
    "IsBiffe": false,
    "WeightconversionFactor": "0",
    "IsWeightArticle": false,
    "nutriscoreLabel": "B",
    "IsBio": false,
    "CountryOfOrigin": "DUITSLAND",
    "IsExclusivelySoldInLuxembourg": false,
    "OrderUnit": "P",
    "ShortName": "WAGN SEN.HAWAI350G",
    "IsNew": true,
    "RecentQuanityOfStockUnits": "1",
    "LongName": "WAGNER Pizza Sensazione Hawaï 350g",
    "FicCode": "E"
  },
  {
    "productId": "772266",
    "technicalArticleNumber": "4560676",
    "commercialArticleNumber": "28427",
    "name": "pint double billionaire",
    "description": "*Roomijs\n*Karamelsmaak\n*Krokante chocolat\n*Bevroren sticks\n*Dessert",
    "brand": "MAGNUM",
    "seoBrand": "Ola Magnum",
    "thumbNail": "https://static.colruytgroup.com/images/200x200/std.lang.all/90/07/asset-2749007.jpg",
    "fullImage": "https://static.colruytgroup.com/images/500x500/std.lang.all/90/07/asset-2749007.jpg",
    "squareImage": "https://static.colruytgroup.com/images/500x500sq/std.lang.all/90/07/asset-2749007.jpg",
    "content": "440ml",
    "walkRouteSequenceNumber": 17434,
    "price": {
      "basicPrice": 5.99,
      "recommendedQuantity": "1.0",
      "quantityPrice": 5.75,
      "quantityPriceQuantity": "3.0",
      "measurementUnitPrice": 13.62,
      "measurementUnitQuantityPrice": 13.07,
      "measurementUnit": "L",
      "isRedPrice": false,
      "pricePerUOM": 13.62,
      "activationDate": "06-03-2024",
      "recordSource": "Offline",
      "isPromoActive": "N",
      "priceChangeCode": "L",
      "quantityPricePerUOM": 13.07,
      "quantityActivationDate": "06-03-2024",
      "quantityPriceChangeCode": "L"
    },
    "isAvailable": true,
    "isPriceAvailable": true,
    "inPromo": false,
    "gtin": [
      "08711327480438",
      "08711327480452"
    ],
    "topCategoryName": "Diepvries",
    "topCategoryId": "129",
    "businessDomain": "RETAIL_BE",
    "IsPrivateLabel": false,
    "IsBiffe": false,
    "WeightconversionFactor": "0",
    "IsWeightArticle": false,
    "nutriscoreLabel": "D",
    "IsBio": false,
    "CountryOfOrigin": "HONGARIJE",
    "IsExclusivelySoldInLuxembourg": false,
    "OrderUnit": "P",
    "ShortName": "MAGN DOUBLE BILLIO440ML",
    "InSeason": true,
    "IsNew": false,
    "EcoscoreLabel": "B",
    "RecentQuanityOfStockUnits": "1",
    "LongName": "MAGNUM pint double billionaire 440ml",
    "StartSeasonDate": "27/10/2022",
    "FicCode": "E",
    "EcoscoreValue": "67"
  },
  {
    "productId": "1020306",
    "technicalArticleNumber": "4789170",
    "commercialArticleNumber": "11862",
    "name": "Cookie Bite Brownie",
    "brand": "ICENACK",
    "seoBrand": "icenack",
    "thumbNail": "https://static.colruytgroup.com/images/200x200/std.lang.all/62/68/asset-3436268.jpg",
    "fullImage": "https://static.colruytgroup.com/images/500x500/std.lang.all/62/68/asset-3436268.jpg",
    "squareImage": "https://static.colruytgroup.com/images/500x500sq/std.lang.all/62/68/asset-3436268.jpg",
    "content": "6st",
    "walkRouteSequenceNumber": 17420,
    "price": {
      "basicPrice": 4.49,
      "recommendedQuantity": "1.0",
      "quantityPrice": 4.31,
      "quantityPriceQuantity": "3.0",
      "measurementUnitPrice": 21.39,
      "measurementUnitQuantityPrice": 20.53,
      "measurementUnit": "K",
      "isRedPrice": false,
      "pricePerUOM": 21.39,
      "activationDate": "17-02-2024",
      "isPromoActive": "N",
      "priceChangeCode": "E",
      "quantityPricePerUOM": 20.53,
      "quantityActivationDate": "17-02-2024",
      "quantityPriceChangeCode": "E"
    },
    "isAvailable": true,
    "isPriceAvailable": true,
    "inPromo": false,
    "gtin": [
      "08421826604012"
    ],
    "topCategoryName": "Diepvries",
    "topCategoryId": "129",
    "businessDomain": "RETAIL_BE",
    "IsPrivateLabel": false,
    "IsBiffe": false,
    "WeightconversionFactor": "0",
    "IsWeightArticle": false,
    "IsBio": false,
    "CountryOfOrigin": "SPANJE",
    "IsExclusivelySoldInLuxembourg": false,
    "OrderUnit": "P",
    "ShortName": "ICEN CO.BIT.BROWNIE 6ST",
    "IsNew": true,
    "RecentQuanityOfStockUnits": "1",
    "LongName": "ICENACK Cookie Bite Brownie 6st",
    "FicCode": "E"
  },
  {
    "productId": "861413",
    "technicalArticleNumber": "4712636",
    "commercialArticleNumber": "22866",
    "name": "Kruidenmix op Aziatesche wijze",
    "brand": "ARDO",
    "seoBrand": "Ardo",
    "thumbNail": "https://static.colruytgroup.com/images/200x200/std.lang.all/45/13/asset-3204513.jpg",
    "fullImage": "https://static.colruytgroup.com/images/500x500/std.lang.all/45/13/asset-3204513.jpg",
    "squareImage": "https://static.colruytgroup.com/images/500x500sq/std.lang.all/45/13/asset-3204513.jpg",
    "content": "250g",
    "walkRouteSequenceNumber": 17109,
    "price": {
      "basicPrice": 2.79,
      "recommendedQuantity": "1.0",
      "quantityPrice": 2.57,
      "quantityPriceQuantity": "3.0",
      "measurementUnitPrice": 11.16,
      "measurementUnitQuantityPrice": 10.28,
      "measurementUnit": "K",
      "isRedPrice": false,
      "pricePerUOM": 11.16,
      "activationDate": "18-10-2023",
      "isPromoActive": "N",
      "priceChangeCode": "E",
      "quantityPricePerUOM": 10.28,
      "quantityActivationDate": "18-10-2023",
      "quantityPriceChangeCode": "E"
    },
    "isAvailable": true,
    "isPriceAvailable": true,
    "inPromo": false,
    "gtin": [
      "05411361154052"
    ],
    "topCategoryName": "Diepvries",
    "topCategoryId": "129",
    "businessDomain": "RETAIL_BE",
    "IsPrivateLabel": false,
    "IsBiffe": false,
    "WeightconversionFactor": "0",
    "IsWeightArticle": false,
    "nutriscoreLabel": "B",
    "IsBio": false,
    "CountryOfOrigin": "BELGIË",
    "IsExclusivelySoldInLuxembourg": false,
    "OrderUnit": "P",
    "ShortName": "ARDO KRUIDMIX AZIA.250G",
    "IsNew": false,
    "EcoscoreLabel": "E",
    "RecentQuanityOfStockUnits": "1",
    "LongName": "ARDO Kruidenmix op Aziatesche wijze 250g",
    "FicCode": "E",
    "EcoscoreValue": "2"
  },
  {
    "productId": "891978",
    "technicalArticleNumber": "4753222",
    "commercialArticleNumber": "21188",
    "name": "Zalm haas",
    "brand": "BONI",
    "seoBrand": "Boni Selection",
    "thumbNail": "https://static.colruytgroup.com/images/200x200/std.lang.all/27/12/asset-3372712.jpg",
    "fullImage": "https://static.colruytgroup.com/images/500x500/std.lang.all/27/12/asset-3372712.jpg",
    "squareImage": "https://static.colruytgroup.com/images/500x500sq/std.lang.all/27/12/asset-3372712.jpg",
    "content": "180g",
    "walkRouteSequenceNumber": 16802,
    "price": {
      "basicPrice": 9.95,
      "recommendedQuantity": "1.0",
      "measurementUnitPrice": 55.28,
      "measurementUnit": "K",
      "isRedPrice": false,
      "pricePerUOM": 55.28,
      "activationDate": "03-11-2023",
      "isPromoActive": "N",
      "priceChangeCode": "L"
    },
    "isAvailable": true,
    "isPriceAvailable": true,
    "inPromo": false,
    "gtin": [
      "05400141427691",
      "15400141427698"
    ],
    "topCategoryName": "Diepvries",
    "topCategoryId": "129",
    "businessDomain": "RETAIL_BE",
    "IsPrivateLabel": true,
    "IsBiffe": false,
    "WeightconversionFactor": "0",
    "IsWeightArticle": false,
    "nutriscoreLabel": "A",
    "IsBio": false,
    "CountryOfOrigin": "NOORWEGEN",
    "IsExclusivelySoldInLuxembourg": false,
    "OrderUnit": "P",
    "ShortName": "BONI ZALM HAAS 180G",
    "IsNew": false,
    "RecentQuanityOfStockUnits": "1",
    "LongName": "BONI Zalm haas 180g",
    "AlcoholVolume": "0",
    "FicCode": "I"
  },
  {
    "productId": "852761",
    "technicalArticleNumber": "4701107",
    "commercialArticleNumber": "31117",
    "name": "Macar.Double Chocolate",
    "description": "*Smeuïg chocolade-\nroomijs met licht\ngezouten chocolade-\nsaus en echt stukjes\nchocolademacaron",
    "brand": "HÄAGEN-DAZS",
    "seoBrand": "Häagen-Dazs Pierre Hermé Paris",
    "thumbNail": "https://static.colruytgroup.com/images/200x200/std.lang.all/97/62/asset-3149762.jpg",
    "fullImage": "https://static.colruytgroup.com/images/500x500/std.lang.all/97/62/asset-3149762.jpg",
    "squareImage": "https://static.colruytgroup.com/images/500x500sq/std.lang.all/97/62/asset-3149762.jpg",
    "content": "420ml",
    "walkRouteSequenceNumber": 17437,
    "price": {
      "basicPrice": 7.89,
      "recommendedQuantity": "1.0",
      "quantityPrice": 7.26,
      "quantityPriceQuantity": "3.0",
      "measurementUnitPrice": 18.79,
      "measurementUnitQuantityPrice": 17.29,
      "measurementUnit": "L",
      "isRedPrice": false,
      "pricePerUOM": 18.79,
      "activationDate": "20-02-2024",
      "recordSource": "Offline",
      "isPromoActive": "N",
      "priceChangeCode": "H",
      "quantityPricePerUOM": 17.29,
      "quantityActivationDate": "20-02-2024",
      "quantityPriceChangeCode": "H"
    },
    "isAvailable": true,
    "isPriceAvailable": true,
    "inPromo": false,
    "gtin": [
      "03415583000717"
    ],
    "topCategoryName": "Diepvries",
    "topCategoryId": "129",
    "businessDomain": "RETAIL_BE",
    "IsPrivateLabel": false,
    "IsBiffe": false,
    "WeightconversionFactor": "0",
    "IsWeightArticle": false,
    "nutriscoreLabel": "E",
    "IsBio": false,
    "CountryOfOrigin": "FRANKRIJK",
    "IsExclusivelySoldInLuxembourg": false,
    "OrderUnit": "P",
    "ShortName": "HADA MAC.DOUB.CHOC420ML",
    "IsNew": false,
    "EcoscoreLabel": "B",
    "RecentQuanityOfStockUnits": "1",
    "LongName": "HÄAGEN-DAZS Macar.Double Chocolate 420ml",
    "FicCode": "E",
    "EcoscoreValue": "67"
  },
  {
    "productId": "879545",
    "technicalArticleNumber": "4735993",
    "commercialArticleNumber": "25977",
    "name": "prosecco perzik",
    "brand": "BONI",
    "seoBrand": "Boni Selection",
    "thumbNail": "https://static.colruytgroup.com/images/200x200/std.lang.all/25/78/asset-3372578.jpg",
    "fullImage": "https://static.colruytgroup.com/images/500x500/std.lang.all/25/78/asset-3372578.jpg",
    "squareImage": "https://static.colruytgroup.com/images/500x500sq/std.lang.all/25/78/asset-3372578.jpg",
    "content": "500ml",
    "walkRouteSequenceNumber": 17151,
    "price": {
      "basicPrice": 5,
      "recommendedQuantity": "1.0",
      "quantityPrice": 4.8,
      "quantityPriceQuantity": "3.0",
      "measurementUnitPrice": 10,
      "measurementUnitQuantityPrice": 9.6,
      "measurementUnit": "L",
      "isRedPrice": false,
      "pricePerUOM": 10,
      "activationDate": "21-03-2024",
      "recordSource": "Offline",
      "isPromoActive": "Y",
      "priceChangeCode": "E",
      "quantityPricePerUOM": 9.6,
      "quantityActivationDate": "21-03-2024",
      "quantityPriceChangeCode": "E"
    },
    "isAvailable": true,
    "isPriceAvailable": true,
    "inPromo": true,
    "promotion": [
      {
        "techPromoId": "100924COLR",
        "promotionId": "100924",
        "promotionType": "3",
        "isPersonalized": "N",
        "publicationStartDate": "13-03-2024",
        "publicationEndDate": "26-03-2024"
      }
    ],
    "gtin": [
      "15400141512486",
      "05400141512489"
    ],
    "topCategoryName": "Diepvries",
    "topCategoryId": "129",
    "businessDomain": "RETAIL_BE",
    "IsPrivateLabel": true,
    "IsBiffe": false,
    "WeightconversionFactor": "0",
    "IsWeightArticle": false,
    "nutriscoreLabel": "C",
    "IsBio": false,
    "CountryOfOrigin": "BELGIË",
    "IsExclusivelySoldInLuxembourg": false,
    "OrderUnit": "P",
    "ShortName": "BONI PROSEC.PERZIK500ML",
    "IsNew": false,
    "EcoscoreLabel": "B",
    "RecentQuanityOfStockUnits": "1",
    "LongName": "BONI prosecco perzik 500ml",
    "FicCode": "I",
    "EcoscoreValue": "68"
  },
  {
    "productId": "1020335",
    "technicalArticleNumber": "4789199",
    "commercialArticleNumber": "11958",
    "name": "Cookie Bite | Black Cookie",
    "brand": "ICENACK",
    "seoBrand": "icenack",
    "thumbNail": "https://static.colruytgroup.com/images/200x200/std.lang.all/84/83/asset-3438483.jpg",
    "fullImage": "https://static.colruytgroup.com/images/500x500/std.lang.all/84/83/asset-3438483.jpg",
    "squareImage": "https://static.colruytgroup.com/images/500x500sq/std.lang.all/84/83/asset-3438483.jpg",
    "content": "6st",
    "walkRouteSequenceNumber": 17419,
    "price": {
      "basicPrice": 4.49,
      "recommendedQuantity": "1.0",
      "quantityPrice": 4.31,
      "quantityPriceQuantity": "3.0",
      "measurementUnitPrice": 21.39,
      "measurementUnitQuantityPrice": 20.53,
      "measurementUnit": "K",
      "isRedPrice": false,
      "pricePerUOM": 21.39,
      "activationDate": "17-02-2024",
      "isPromoActive": "N",
      "priceChangeCode": "E",
      "quantityPricePerUOM": 20.53,
      "quantityActivationDate": "17-02-2024",
      "quantityPriceChangeCode": "E"
    },
    "isAvailable": true,
    "isPriceAvailable": true,
    "inPromo": false,
    "gtin": [
      "08421826602018"
    ],
    "topCategoryName": "Diepvries",
    "topCategoryId": "129",
    "businessDomain": "RETAIL_BE",
    "IsPrivateLabel": false,
    "IsBiffe": false,
    "WeightconversionFactor": "0",
    "IsWeightArticle": false,
    "IsBio": false,
    "CountryOfOrigin": "SPANJE",
    "IsExclusivelySoldInLuxembourg": false,
    "OrderUnit": "P",
    "ShortName": "ICEN BLACK COOKIE 6ST",
    "IsNew": true,
    "RecentQuanityOfStockUnits": "1",
    "LongName": "ICENACK Cookie Bite | Black Cookie 6st",
    "FicCode": "E"
  },
  {
    "productId": "819540",
    "technicalArticleNumber": "4651987",
    "commercialArticleNumber": "8423",
    "name": "acerola",
    "brand": "BONI",
    "seoBrand": "Boni Selection",
    "thumbNail": "https://static.colruytgroup.com/images/200x200/std.lang.all/53/93/asset-3215393.jpg",
    "fullImage": "https://static.colruytgroup.com/images/500x500/std.lang.all/53/93/asset-3215393.jpg",
    "squareImage": "https://static.colruytgroup.com/images/500x500sq/std.lang.all/53/93/asset-3215393.jpg",
    "content": "250g",
    "walkRouteSequenceNumber": 17283,
    "price": {
      "basicPrice": 5.99,
      "recommendedQuantity": "1.0",
      "quantityPrice": 5.75,
      "quantityPriceQuantity": "3.0",
      "measurementUnitPrice": 23.96,
      "measurementUnitQuantityPrice": 23,
      "measurementUnit": "K",
      "isRedPrice": false,
      "pricePerUOM": 23.96,
      "activationDate": "13-03-2024",
      "isPromoActive": "Y",
      "priceChangeCode": "E",
      "quantityPricePerUOM": 23,
      "quantityActivationDate": "13-03-2024",
      "quantityPriceChangeCode": "E"
    },
    "isAvailable": true,
    "isPriceAvailable": true,
    "inPromo": true,
    "promotion": [
      {
        "techPromoId": "100859COLR",
        "promotionId": "100859",
        "promotionType": "3",
        "isPersonalized": "N",
        "publicationStartDate": "13-03-2024",
        "publicationEndDate": "26-03-2024"
      }
    ],
    "gtin": [
      "05400141711271"
    ],
    "topCategoryName": "Diepvries",
    "topCategoryId": "129",
    "businessDomain": "RETAIL_BE",
    "IsPrivateLabel": true,
    "IsBiffe": false,
    "WeightconversionFactor": "0",
    "IsWeightArticle": false,
    "nutriscoreLabel": "A",
    "IsBio": false,
    "CountryOfOrigin": "BRAZILIË",
    "IsExclusivelySoldInLuxembourg": false,
    "OrderUnit": "P",
    "ShortName": "BONI ACEROLA 250G",
    "IsNew": false,
    "EcoscoreLabel": "A",
    "RecentQuanityOfStockUnits": "1",
    "LongName": "BONI acerola 250g",
    "FicCode": "I",
    "EcoscoreValue": "86"
  },
  {
    "productId": "883896",
    "technicalArticleNumber": "4742442",
    "commercialArticleNumber": "32428",
    "name": "Zeevruchtenco. Classics",
    "brand": "ALFRIO",
    "seoBrand": "Alfrio",
    "thumbNail": "https://static.colruytgroup.com/images/200x200/std.lang.all/58/12/asset-3325812.jpg",
    "fullImage": "https://static.colruytgroup.com/images/500x500/std.lang.all/58/12/asset-3325812.jpg",
    "squareImage": "https://static.colruytgroup.com/images/500x500sq/std.lang.all/58/12/asset-3325812.jpg",
    "content": "800g",
    "walkRouteSequenceNumber": 16658,
    "price": {
      "basicPrice": 13.95,
      "recommendedQuantity": "1.0",
      "quantityPrice": 13.39,
      "quantityPriceQuantity": "3.0",
      "measurementUnitPrice": 17.44,
      "measurementUnitQuantityPrice": 16.74,
      "measurementUnit": "K",
      "isRedPrice": false,
      "pricePerUOM": 17.44,
      "activationDate": "16-11-2023",
      "isPromoActive": "N",
      "priceChangeCode": "H",
      "quantityPricePerUOM": 16.74,
      "quantityActivationDate": "16-11-2023",
      "quantityPriceChangeCode": "E"
    },
    "isAvailable": true,
    "isPriceAvailable": true,
    "inPromo": false,
    "gtin": [
      "08422733312298",
      "18422733312295"
    ],
    "topCategoryName": "Diepvries",
    "topCategoryId": "129",
    "businessDomain": "RETAIL_BE",
    "IsPrivateLabel": false,
    "IsBiffe": false,
    "WeightconversionFactor": "0",
    "IsWeightArticle": false,
    "IsBio": false,
    "CountryOfOrigin": "SPANJE",
    "IsExclusivelySoldInLuxembourg": false,
    "OrderUnit": "P",
    "ShortName": "ALFR ZEEVR.CLASSICS800G",
    "IsNew": false,
    "RecentQuanityOfStockUnits": "1",
    "LongName": "ALFRIO Zeevruchtenco. Classics 800g",
    "FicCode": "E"
  },
  {
    "productId": "802696",
    "technicalArticleNumber": "4618731",
    "commercialArticleNumber": "11545",
    "name": "Staartvisfilet MSC",
    "description": "*MSC\n*Diepvries",
    "brand": "BONI",
    "seoBrand": "Boni Selection",
    "thumbNail": "https://static.colruytgroup.com/images/200x200/std.lang.all/59/03/asset-3035903.jpg",
    "fullImage": "https://static.colruytgroup.com/images/500x500/std.lang.all/59/03/asset-3035903.jpg",
    "squareImage": "https://static.colruytgroup.com/images/500x500sq/std.lang.all/59/03/asset-3035903.jpg",
    "content": "750g",
    "walkRouteSequenceNumber": 16787,
    "price": {
      "basicPrice": 24.99,
      "recommendedQuantity": "1.0",
      "quantityPrice": 23.99,
      "quantityPriceQuantity": "3.0",
      "measurementUnitPrice": 33.32,
      "measurementUnitQuantityPrice": 31.99,
      "measurementUnit": "K",
      "isRedPrice": false,
      "pricePerUOM": 33.32,
      "activationDate": "03-05-2023",
      "isPromoActive": "N",
      "priceChangeCode": "H",
      "quantityPricePerUOM": 31.99,
      "quantityActivationDate": "03-05-2023",
      "quantityPriceChangeCode": "E"
    },
    "isAvailable": true,
    "isPriceAvailable": true,
    "inPromo": false,
    "gtin": [
      "05400141510348",
      "15400141510345"
    ],
    "topCategoryName": "Diepvries",
    "topCategoryId": "129",
    "businessDomain": "RETAIL_BE",
    "IsPrivateLabel": true,
    "IsBiffe": false,
    "WeightconversionFactor": "0",
    "IsWeightArticle": false,
    "nutriscoreLabel": "A",
    "IsBio": false,
    "CountryOfOrigin": "IJSLAND",
    "IsExclusivelySoldInLuxembourg": false,
    "OrderUnit": "P",
    "ShortName": "BONI STAARTVISFILET750G",
    "IsNew": false,
    "EcoscoreLabel": "E",
    "RecentQuanityOfStockUnits": "1",
    "LongName": "BONI Staartvisfilet MSC 750g",
    "FicCode": "I",
    "EcoscoreValue": "4"
  },
  {
    "productId": "781256",
    "technicalArticleNumber": "4577843",
    "commercialArticleNumber": "28902",
    "name": "kersen",
    "description": "*Diepvries",
    "brand": "BONI",
    "seoBrand": "Boni Selection",
    "thumbNail": "https://static.colruytgroup.com/images/200x200/std.lang.all/16/00/asset-3391600.jpg",
    "fullImage": "https://static.colruytgroup.com/images/500x500/std.lang.all/16/00/asset-3391600.jpg",
    "squareImage": "https://static.colruytgroup.com/images/500x500sq/std.lang.all/16/00/asset-3391600.jpg",
    "content": "450g",
    "walkRouteSequenceNumber": 17499,
    "price": {
      "basicPrice": 2.27,
      "recommendedQuantity": "1.0",
      "quantityPrice": 1.7,
      "quantityPriceQuantity": "3.0",
      "measurementUnitPrice": 5.05,
      "measurementUnitQuantityPrice": 3.78,
      "measurementUnit": "K",
      "isRedPrice": false,
      "pricePerUOM": 5.05,
      "activationDate": "20-03-2024",
      "recordSource": "Offline",
      "isPromoActive": "N",
      "priceChangeCode": "E",
      "quantityPricePerUOM": 3.78,
      "quantityActivationDate": "20-03-2024",
      "quantityPriceChangeCode": "L"
    },
    "isAvailable": true,
    "isPriceAvailable": true,
    "inPromo": false,
    "gtin": [
      "05400141472448",
      "15400141472445"
    ],
    "topCategoryName": "Diepvries",
    "topCategoryId": "129",
    "businessDomain": "RETAIL_BE",
    "IsPrivateLabel": true,
    "IsBiffe": false,
    "WeightconversionFactor": "0",
    "IsWeightArticle": false,
    "nutriscoreLabel": "A",
    "IsBio": false,
    "CountryOfOrigin": "BELGIË",
    "IsExclusivelySoldInLuxembourg": false,
    "OrderUnit": "P",
    "ShortName": "BONI KERSEN 450G",
    "IsNew": false,
    "EcoscoreLabel": "C",
    "RecentQuanityOfStockUnits": "1",
    "LongName": "BONI kersen 450g",
    "FicCode": "I",
    "EcoscoreValue": "54"
  },
  {
    "productId": "863613",
    "technicalArticleNumber": "4715161",
    "commercialArticleNumber": "31934",
    "name": "worstenbrood",
    "brand": "BECKERS",
    "seoBrand": "Beckers",
    "thumbNail": "https://static.colruytgroup.com/images/200x200/std.lang.all/55/02/asset-3215502.jpg",
    "fullImage": "https://static.colruytgroup.com/images/500x500/std.lang.all/55/02/asset-3215502.jpg",
    "squareImage": "https://static.colruytgroup.com/images/500x500sq/std.lang.all/55/02/asset-3215502.jpg",
    "content": "2x80g",
    "walkRouteSequenceNumber": 17571,
    "price": {
      "basicPrice": 2.65,
      "recommendedQuantity": "1.0",
      "quantityPrice": 2.54,
      "quantityPriceQuantity": "3.0",
      "measurementUnitPrice": 16.57,
      "measurementUnitQuantityPrice": 15.88,
      "measurementUnit": "K",
      "isRedPrice": false,
      "pricePerUOM": 16.57,
      "activationDate": "09-03-2023",
      "isPromoActive": "N",
      "priceChangeCode": "E",
      "quantityPricePerUOM": 15.88,
      "quantityActivationDate": "09-03-2023",
      "quantityPriceChangeCode": "E"
    },
    "isAvailable": true,
    "isPriceAvailable": true,
    "inPromo": false,
    "gtin": [
      "08710555680061",
      "08710555468003"
    ],
    "topCategoryName": "Diepvries",
    "topCategoryId": "129",
    "businessDomain": "RETAIL_BE",
    "IsPrivateLabel": false,
    "IsBiffe": false,
    "WeightconversionFactor": "0",
    "IsWeightArticle": false,
    "nutriscoreLabel": "D",
    "IsBio": false,
    "CountryOfOrigin": "NEDERLAND",
    "IsExclusivelySoldInLuxembourg": false,
    "OrderUnit": "P",
    "ShortName": "BECK WORSTENBROOD 2X80G",
    "IsNew": false,
    "EcoscoreLabel": "E",
    "RecentQuanityOfStockUnits": "1",
    "LongName": "BECKERS worstenbrood 2x80g",
    "FicCode": "E",
    "EcoscoreValue": "3"
  },
  {
    "productId": "857425",
    "technicalArticleNumber": "4707416",
    "commercialArticleNumber": "31510",
    "name": "spinazie",
    "brand": "IGLO",
    "seoBrand": "Iglo Alpro",
    "thumbNail": "https://static.colruytgroup.com/images/200x200/std.lang.all/47/30/asset-3374730.jpg",
    "fullImage": "https://static.colruytgroup.com/images/500x500/std.lang.all/47/30/asset-3374730.jpg",
    "squareImage": "https://static.colruytgroup.com/images/500x500sq/std.lang.all/47/30/asset-3374730.jpg",
    "content": "550g",
    "walkRouteSequenceNumber": 16990,
    "price": {
      "basicPrice": 3.49,
      "recommendedQuantity": "1.0",
      "measurementUnitPrice": 6.35,
      "measurementUnit": "K",
      "isRedPrice": false,
      "pricePerUOM": 6.35,
      "activationDate": "15-03-2024",
      "recordSource": "Offline",
      "isPromoActive": "N",
      "priceChangeCode": "E"
    },
    "isAvailable": true,
    "isPriceAvailable": true,
    "inPromo": false,
    "gtin": [
      "05414807606658",
      "05414807007561"
    ],
    "topCategoryName": "Diepvries",
    "topCategoryId": "129",
    "businessDomain": "RETAIL_BE",
    "IsPrivateLabel": false,
    "IsBiffe": false,
    "WeightconversionFactor": "0",
    "IsWeightArticle": false,
    "nutriscoreLabel": "A",
    "IsBio": false,
    "CountryOfOrigin": "DUITSLAND",
    "IsExclusivelySoldInLuxembourg": false,
    "OrderUnit": "P",
    "ShortName": "IGLO SPINAZIE ALPRO550G",
    "IsNew": false,
    "RecentQuanityOfStockUnits": "1",
    "LongName": "IGLO spinazie 550g",
    "AlcoholVolume": "0",
    "FicCode": "E"
  },
  {
    "productId": "596517",
    "technicalArticleNumber": "4258638",
    "commercialArticleNumber": "22810",
    "name": "raket",
    "description": "*Waterijs\n*Ananassmaak\n*Frambozensmaak\n*Kinderijs\n*Dessert",
    "brand": "OLA",
    "seoBrand": "Ola",
    "thumbNail": "https://static.colruytgroup.com/images/200x200/std.lang.all/04/93/asset-2430493.jpg",
    "fullImage": "https://static.colruytgroup.com/images/500x500/std.lang.all/04/93/asset-2430493.jpg",
    "squareImage": "https://static.colruytgroup.com/images/500x500sq/std.lang.all/04/93/asset-2430493.jpg",
    "content": "12x55ml",
    "walkRouteSequenceNumber": 17304,
    "price": {
      "basicPrice": 3.98,
      "recommendedQuantity": "1.0",
      "quantityPrice": 3.82,
      "quantityPriceQuantity": "3.0",
      "measurementUnitPrice": 6.04,
      "measurementUnitQuantityPrice": 5.79,
      "measurementUnit": "L",
      "isRedPrice": false,
      "pricePerUOM": 6.04,
      "activationDate": "16-03-2024",
      "recordSource": "Offline",
      "isPromoActive": "N",
      "priceChangeCode": "H",
      "quantityPricePerUOM": 5.79,
      "quantityActivationDate": "16-03-2024",
      "quantityPriceChangeCode": "E"
    },
    "isAvailable": true,
    "isPriceAvailable": true,
    "inPromo": false,
    "gtin": [
      "08711327417007",
      "08712100340666"
    ],
    "topCategoryName": "Diepvries",
    "topCategoryId": "129",
    "businessDomain": "RETAIL_BE",
    "IsPrivateLabel": false,
    "IsBiffe": false,
    "WeightconversionFactor": "0",
    "IsWeightArticle": false,
    "nutriscoreLabel": "C",
    "IsBio": false,
    "CountryOfOrigin": "BELGIË",
    "IsExclusivelySoldInLuxembourg": false,
    "OrderUnit": "P",
    "ShortName": "OLA RAKET 12X55ML",
    "InSeason": true,
    "IsNew": false,
    "EcoscoreLabel": "B",
    "RecentQuanityOfStockUnits": "1",
    "LongName": "OLA raket 12x55ml",
    "StartSeasonDate": "12/01/2024",
    "FicCode": "E",
    "EcoscoreValue": "73"
  },
  {
    "productId": "54334",
    "technicalArticleNumber": "2456529",
    "commercialArticleNumber": "26016",
    "name": "rode soepmix",
    "description": "*Samenstelling:\ntomaten, wortelen,\nrode uien, witte\nuien, rode bieten",
    "brand": "BONI",
    "seoBrand": "Boni Selection",
    "thumbNail": "https://static.colruytgroup.com/images/200x200/std.lang.all/92/92/asset-2319292.jpg",
    "fullImage": "https://static.colruytgroup.com/images/500x500/std.lang.all/92/92/asset-2319292.jpg",
    "squareImage": "https://static.colruytgroup.com/images/500x500sq/std.lang.all/92/92/asset-2319292.jpg",
    "content": "1kg",
    "walkRouteSequenceNumber": 17094,
    "price": {
      "basicPrice": 1.25,
      "recommendedQuantity": "1.0",
      "measurementUnitPrice": 1.25,
      "measurementUnit": "K",
      "isRedPrice": false,
      "pricePerUOM": 1.25,
      "activationDate": "05-03-2024",
      "isPromoActive": "N",
      "priceChangeCode": "E"
    },
    "isAvailable": true,
    "isPriceAvailable": true,
    "inPromo": false,
    "gtin": [
      "05400141987577",
      "05400141252651",
      "05400141146790",
      "15400141855811",
      "05400141260168",
      "05400141392814",
      "15400141392811"
    ],
    "topCategoryName": "Diepvries",
    "topCategoryId": "129",
    "businessDomain": "RETAIL_BE",
    "IsPrivateLabel": true,
    "IsBiffe": false,
    "WeightconversionFactor": "0",
    "IsWeightArticle": false,
    "nutriscoreLabel": "A",
    "IsBio": false,
    "CountryOfOrigin": "BELGIË",
    "IsExclusivelySoldInLuxembourg": false,
    "OrderUnit": "P",
    "ShortName": "BONI SOEPMIX ROOD 1K",
    "IsNew": false,
    "EcoscoreLabel": "B",
    "RecentQuanityOfStockUnits": "1",
    "LongName": "BONI rode soepmix 1kg",
    "AlcoholVolume": "0",
    "FicCode": "I",
    "EcoscoreValue": "77"
  },
  {
    "productId": "852722",
    "technicalArticleNumber": "4701035",
    "commercialArticleNumber": "31108",
    "name": "twister pineapple",
    "description": "*Ananas-ijs op\nplantaardige basis\nmet aardbeien-\ncitroenwaterijs\ncitroen-limoensmaak.",
    "brand": "OLA",
    "seoBrand": "Ola",
    "thumbNail": "https://static.colruytgroup.com/images/200x200/std.lang.all/97/81/asset-3149781.jpg",
    "fullImage": "https://static.colruytgroup.com/images/500x500/std.lang.all/97/81/asset-3149781.jpg",
    "squareImage": "https://static.colruytgroup.com/images/500x500sq/std.lang.all/97/81/asset-3149781.jpg",
    "content": "8x50ml",
    "walkRouteSequenceNumber": 17305,
    "price": {
      "basicPrice": 3.85,
      "recommendedQuantity": "1.0",
      "measurementUnitPrice": 9.63,
      "measurementUnit": "L",
      "isRedPrice": false,
      "pricePerUOM": 9.63,
      "activationDate": "19-03-2024",
      "recordSource": "Offline",
      "isPromoActive": "N",
      "priceChangeCode": "H"
    },
    "isAvailable": true,
    "isPriceAvailable": true,
    "inPromo": false,
    "gtin": [
      "08711327576810",
      "08711327576827"
    ],
    "topCategoryName": "Diepvries",
    "topCategoryId": "129",
    "businessDomain": "RETAIL_BE",
    "IsPrivateLabel": false,
    "IsBiffe": false,
    "WeightconversionFactor": "0",
    "IsWeightArticle": false,
    "nutriscoreLabel": "C",
    "IsBio": false,
    "CountryOfOrigin": "VERENIGD KONINKRIJK",
    "IsExclusivelySoldInLuxembourg": false,
    "OrderUnit": "P",
    "ShortName": "OLA TWIST.PINEAPP8X50ML",
    "InSeason": true,
    "IsNew": false,
    "EcoscoreLabel": "B",
    "RecentQuanityOfStockUnits": "1",
    "LongName": "OLA twister pineapple 8x50ml",
    "StartSeasonDate": "12/01/2024",
    "FicCode": "E",
    "EcoscoreValue": "73"
  },
  {
    "productId": "772261",
    "technicalArticleNumber": "4560671",
    "commercialArticleNumber": "28424",
    "name": "Cornetto Soft Chocolate 4s",
    "description": "*Ijshoorntje\n*Chocoladesmaak\n*Krokante hoorn\n*Italiaans ijs\n*Dessert",
    "brand": "OLA",
    "seoBrand": "Ola Cornetto",
    "thumbNail": "https://static.colruytgroup.com/images/200x200/std.lang.all/88/77/asset-2748877.jpg",
    "fullImage": "https://static.colruytgroup.com/images/500x500/std.lang.all/88/77/asset-2748877.jpg",
    "squareImage": "https://static.colruytgroup.com/images/500x500sq/std.lang.all/88/77/asset-2748877.jpg",
    "content": "4x140ml",
    "walkRouteSequenceNumber": 17218,
    "price": {
      "basicPrice": 4.49,
      "recommendedQuantity": "1.0",
      "quantityPrice": 4.31,
      "quantityPriceQuantity": "3.0",
      "measurementUnitPrice": 8.02,
      "measurementUnitQuantityPrice": 7.7,
      "measurementUnit": "L",
      "isRedPrice": false,
      "pricePerUOM": 8.02,
      "activationDate": "01-03-2024",
      "recordSource": "Offline",
      "isPromoActive": "N",
      "priceChangeCode": "L",
      "quantityPricePerUOM": 7.7,
      "quantityActivationDate": "01-03-2024",
      "quantityPriceChangeCode": "L"
    },
    "isAvailable": true,
    "isPriceAvailable": true,
    "inPromo": false,
    "gtin": [
      "08711327489479",
      "08711327489448"
    ],
    "topCategoryName": "Diepvries",
    "topCategoryId": "129",
    "businessDomain": "RETAIL_BE",
    "IsPrivateLabel": false,
    "IsBiffe": false,
    "WeightconversionFactor": "0",
    "IsWeightArticle": false,
    "nutriscoreLabel": "E",
    "IsBio": false,
    "CountryOfOrigin": "HONGARIJE",
    "IsExclusivelySoldInLuxembourg": false,
    "OrderUnit": "P",
    "ShortName": "OLA CORN.SOF.CH.4S560ML",
    "InSeason": true,
    "IsNew": false,
    "EcoscoreLabel": "B",
    "RecentQuanityOfStockUnits": "1",
    "LongName": "OLA Cornetto Soft Chocolate 4s 4x140ml",
    "StartSeasonDate": "12/01/2024",
    "FicCode": "E",
    "EcoscoreValue": "67"
  },
  {
    "productId": "655337",
    "technicalArticleNumber": "4355157",
    "commercialArticleNumber": "17223",
    "name": "ramen soep",
    "description": "*Diepvries\nramennoedels met\nkippenvlees\ngroenten.",
    "brand": "ORIENBITES",
    "seoBrand": "OrienBites",
    "thumbNail": "https://static.colruytgroup.com/images/200x200/std.lang.all/40/37/asset-2394037.jpg",
    "fullImage": "https://static.colruytgroup.com/images/500x500/std.lang.all/40/37/asset-2394037.jpg",
    "squareImage": "https://static.colruytgroup.com/images/500x500sq/std.lang.all/40/37/asset-2394037.jpg",
    "content": "350g",
    "walkRouteSequenceNumber": 16745,
    "price": {
      "basicPrice": 5.45,
      "recommendedQuantity": "1.0",
      "quantityPrice": 5.01,
      "quantityPriceQuantity": "3.0",
      "measurementUnitPrice": 15.58,
      "measurementUnitQuantityPrice": 14.32,
      "measurementUnit": "K",
      "isRedPrice": false,
      "pricePerUOM": 15.58,
      "activationDate": "17-02-2024",
      "isPromoActive": "N",
      "priceChangeCode": "E",
      "quantityPricePerUOM": 14.32,
      "quantityActivationDate": "17-02-2024",
      "quantityPriceChangeCode": "E"
    },
    "isAvailable": true,
    "isPriceAvailable": true,
    "inPromo": false,
    "gtin": [
      "08886300760019",
      "08886300090062",
      "08886300090031"
    ],
    "topCategoryName": "Diepvries",
    "topCategoryId": "129",
    "businessDomain": "RETAIL_BE",
    "IsPrivateLabel": false,
    "IsBiffe": false,
    "WeightconversionFactor": "0",
    "IsWeightArticle": false,
    "nutriscoreLabel": "B",
    "IsBio": false,
    "CountryOfOrigin": "THAILAND",
    "IsExclusivelySoldInLuxembourg": false,
    "OrderUnit": "P",
    "ShortName": "ORIE RAMEN SOEP 350G",
    "IsNew": false,
    "EcoscoreLabel": "B",
    "RecentQuanityOfStockUnits": "1",
    "LongName": "ORIENBITES ramen soep 350g",
    "FicCode": "E",
    "EcoscoreValue": "61"
  },
  {
    "productId": "16706",
    "technicalArticleNumber": "1434047",
    "commercialArticleNumber": "30627",
    "name": "Sito Gold kalkoenbrochette",
    "description": "*Met 20%kippenvlees,\n20% ui,\n8% kalkoenvlees\n*In de frituurpan",
    "brand": "MORA",
    "seoBrand": "Mora Sito",
    "thumbNail": "https://static.colruytgroup.com/images/200x200/std.lang.all/43/81/asset-614381.jpg",
    "fullImage": "https://static.colruytgroup.com/images/500x500/std.lang.all/43/81/asset-614381.jpg",
    "squareImage": "https://static.colruytgroup.com/images/500x500sq/std.lang.all/43/81/asset-614381.jpg",
    "content": "10x125g",
    "walkRouteSequenceNumber": 17570,
    "price": {
      "basicPrice": 22.5,
      "recommendedQuantity": "1.0",
      "quantityPrice": 21.6,
      "quantityPriceQuantity": "3.0",
      "measurementUnitPrice": 18,
      "measurementUnitQuantityPrice": 17.28,
      "measurementUnit": "K",
      "isRedPrice": false,
      "pricePerUOM": 18,
      "activationDate": "04-01-2024",
      "isPromoActive": "N",
      "priceChangeCode": "H",
      "quantityPricePerUOM": 17.28,
      "quantityActivationDate": "04-01-2024",
      "quantityPriceChangeCode": "H"
    },
    "isAvailable": true,
    "isPriceAvailable": true,
    "inPromo": false,
    "gtin": [
      "08711681311140"
    ],
    "topCategoryName": "Diepvries",
    "topCategoryId": "129",
    "businessDomain": "RETAIL_BE",
    "IsPrivateLabel": false,
    "IsBiffe": false,
    "WeightconversionFactor": "0",
    "IsWeightArticle": false,
    "nutriscoreLabel": "D",
    "IsBio": false,
    "CountryOfOrigin": "BELGIË",
    "IsExclusivelySoldInLuxembourg": false,
    "OrderUnit": "P",
    "ShortName": "MORA SITO GOLD 10X125 G",
    "IsNew": false,
    "EcoscoreLabel": "E",
    "RecentQuanityOfStockUnits": "1",
    "LongName": "MORA Sito Gold kalkoenbrochette 10x125g",
    "AlcoholVolume": "0",
    "FicCode": "E",
    "EcoscoreValue": "6"
  },
  {
    "productId": "42331",
    "technicalArticleNumber": "2446009",
    "commercialArticleNumber": "24169",
    "name": "mango stukjes",
    "description": "*Mango in blokjes",
    "brand": "BONI",
    "seoBrand": "Boni Selection",
    "thumbNail": "https://static.colruytgroup.com/images/200x200/std.lang.all/35/02/asset-3413502.jpg",
    "fullImage": "https://static.colruytgroup.com/images/500x500/std.lang.all/35/02/asset-3413502.jpg",
    "squareImage": "https://static.colruytgroup.com/images/500x500sq/std.lang.all/35/02/asset-3413502.jpg",
    "content": "1kg",
    "walkRouteSequenceNumber": 17505,
    "price": {
      "basicPrice": 4.48,
      "recommendedQuantity": "1.0",
      "quantityPrice": 4.12,
      "quantityPriceQuantity": "3.0",
      "measurementUnitPrice": 4.48,
      "measurementUnitQuantityPrice": 4.12,
      "measurementUnit": "K",
      "isRedPrice": false,
      "pricePerUOM": 4.48,
      "activationDate": "20-03-2024",
      "recordSource": "Folder",
      "isPromoActive": "N",
      "priceChangeCode": "L",
      "quantityPricePerUOM": 4.12,
      "quantityActivationDate": "20-03-2024",
      "quantityPriceChangeCode": "L"
    },
    "isAvailable": true,
    "isPriceAvailable": true,
    "inPromo": false,
    "gtin": [
      "15400141272960",
      "05400141272963",
      "05400141161977",
      "05400141058710",
      "15400141241690",
      "15400141342342",
      "05400141342345",
      "05400141241693",
      "05400141199765"
    ],
    "topCategoryName": "Diepvries",
    "topCategoryId": "129",
    "businessDomain": "RETAIL_BE",
    "IsPrivateLabel": true,
    "IsBiffe": false,
    "WeightconversionFactor": "0",
    "IsWeightArticle": false,
    "nutriscoreLabel": "A",
    "IsBio": false,
    "CountryOfOrigin": "PERU",
    "IsExclusivelySoldInLuxembourg": false,
    "OrderUnit": "P",
    "ShortName": "BONI KUBUS MANGO 1K",
    "IsNew": false,
    "EcoscoreLabel": "B",
    "RecentQuanityOfStockUnits": "1",
    "LongName": "BONI mango stukjes 1kg",
    "AlcoholVolume": "0",
    "FicCode": "I",
    "EcoscoreValue": "74"
  },
  {
    "productId": "1040553",
    "technicalArticleNumber": "4797167",
    "commercialArticleNumber": "3595",
    "name": "Macaron Vanille Blueb.",
    "brand": "HÄAGEN-DAZS",
    "seoBrand": "Häagen-Dazs",
    "thumbNail": "https://ecgproductmw.colruytgroup.com/ecgproductmw/noPicForArticle_2.jpg",
    "fullImage": "https://ecgproductmw.colruytgroup.com/ecgproductmw/noPicForArticle_5.jpg",
    "squareImage": "https://ecgproductmw.colruytgroup.com/ecgproductmw/noPicForArticle_5.jpg",
    "content": "420ml",
    "walkRouteSequenceNumber": 17436,
    "price": {
      "basicPrice": 6.99,
      "recommendedQuantity": "1.0",
      "quantityPrice": 6.71,
      "quantityPriceQuantity": "3.0",
      "measurementUnitPrice": 16.65,
      "measurementUnitQuantityPrice": 15.98,
      "measurementUnit": "L",
      "isRedPrice": false,
      "pricePerUOM": 16.65,
      "activationDate": "16-02-2024",
      "isPromoActive": "N",
      "priceChangeCode": "E",
      "quantityPricePerUOM": 15.98,
      "quantityActivationDate": "16-02-2024",
      "quantityPriceChangeCode": "E"
    },
    "isAvailable": true,
    "isPriceAvailable": true,
    "inPromo": false,
    "gtin": [
      "03415583005712"
    ],
    "topCategoryName": "Diepvries",
    "topCategoryId": "129",
    "businessDomain": "RETAIL_BE",
    "IsPrivateLabel": false,
    "IsBiffe": false,
    "WeightconversionFactor": "0",
    "IsWeightArticle": false,
    "nutriscoreLabel": "D",
    "IsBio": false,
    "CountryOfOrigin": "FRANKRIJK",
    "IsExclusivelySoldInLuxembourg": false,
    "OrderUnit": "P",
    "ShortName": "HAAG MAC.VAN.BLUE.420ML",
    "IsNew": true,
    "EcoscoreLabel": "B",
    "RecentQuanityOfStockUnits": "1",
    "LongName": "HÄAGEN-DAZS Macaron Vanille Blueb. 420ml",
    "FicCode": "E",
    "EcoscoreValue": "67"
  },
  {
    "productId": "806156",
    "technicalArticleNumber": "4626452",
    "commercialArticleNumber": "5787",
    "name": "Veggie mix Nordic style",
    "description": "*Groentenmengeling\nmet saus op Noorse\nwijze",
    "brand": "BONI",
    "seoBrand": "Boni Selection",
    "thumbNail": "https://static.colruytgroup.com/images/200x200/std.lang.all/19/08/asset-3141908.jpg",
    "fullImage": "https://static.colruytgroup.com/images/500x500/std.lang.all/19/08/asset-3141908.jpg",
    "squareImage": "https://static.colruytgroup.com/images/500x500sq/std.lang.all/19/08/asset-3141908.jpg",
    "content": "1kg",
    "walkRouteSequenceNumber": 17128,
    "price": {
      "basicPrice": 4.19,
      "recommendedQuantity": "1.0",
      "quantityPrice": 4.02,
      "quantityPriceQuantity": "3.0",
      "measurementUnitPrice": 4.19,
      "measurementUnitQuantityPrice": 4.02,
      "measurementUnit": "K",
      "isRedPrice": false,
      "pricePerUOM": 4.19,
      "activationDate": "20-09-2023",
      "isPromoActive": "N",
      "priceChangeCode": "H",
      "quantityPricePerUOM": 4.02,
      "quantityActivationDate": "20-09-2023",
      "quantityPriceChangeCode": "H"
    },
    "isAvailable": true,
    "isPriceAvailable": true,
    "inPromo": false,
    "gtin": [
      "15400141427322",
      "05400141427325"
    ],
    "topCategoryName": "Diepvries",
    "topCategoryId": "129",
    "businessDomain": "RETAIL_BE",
    "IsPrivateLabel": true,
    "IsBiffe": false,
    "WeightconversionFactor": "0",
    "IsWeightArticle": false,
    "nutriscoreLabel": "A",
    "IsBio": false,
    "CountryOfOrigin": "EUROPA",
    "IsExclusivelySoldInLuxembourg": false,
    "OrderUnit": "P",
    "ShortName": "BONI NOORSE MIX 1KG",
    "IsNew": false,
    "EcoscoreLabel": "A",
    "RecentQuanityOfStockUnits": "1",
    "LongName": "BONI Veggie mix Nordic style 1kg",
    "FicCode": "I",
    "EcoscoreValue": "100"
  },
  {
    "productId": "1020404",
    "technicalArticleNumber": "4789268",
    "commercialArticleNumber": "12277",
    "name": "Almond",
    "description": "*Roomijs\n*Amandelsmaak\n*Krokante chocolat\n*Bevroren sticks\n*Dessert",
    "brand": "MAGNUM",
    "seoBrand": "Ola Magnum",
    "thumbNail": "https://ecgproductmw.colruytgroup.com/ecgproductmw/noPicForArticle_2.jpg",
    "fullImage": "https://ecgproductmw.colruytgroup.com/ecgproductmw/noPicForArticle_5.jpg",
    "squareImage": "https://ecgproductmw.colruytgroup.com/ecgproductmw/noPicForArticle_5.jpg",
    "content": "8x100ml",
    "price": {
      "basicPrice": 7.99,
      "recommendedQuantity": "1.0",
      "measurementUnitPrice": 9.99,
      "measurementUnit": "K",
      "isRedPrice": false,
      "pricePerUOM": 9.99,
      "activationDate": "20-03-2024",
      "recordSource": "Offline",
      "isPromoActive": "N",
      "priceChangeCode": "E"
    },
    "isAvailable": true,
    "isPriceAvailable": true,
    "inPromo": false,
    "gtin": [
      "08711327609648"
    ],
    "topCategoryName": "Diepvries",
    "topCategoryId": "129",
    "businessDomain": "RETAIL_BE",
    "IsPrivateLabel": false,
    "IsBiffe": false,
    "WeightconversionFactor": "0",
    "IsWeightArticle": false,
    "IsBio": false,
    "CountryOfOrigin": "FRANKRIJK",
    "IsExclusivelySoldInLuxembourg": false,
    "OrderUnit": "P",
    "ShortName": "MAGN ALMOND 8X100ML",
    "IsNew": true,
    "RecentQuanityOfStockUnits": "1",
    "LongName": "MAGNUM Almond 8x100ml",
    "AlcoholVolume": "0",
    "FicCode": "E"
  }
]