[
  {
    "productId": "13305",
    "technicalArticleNumber": "1331384",
    "commercialArticleNumber": "5125",
    "name": "Plat water",
    "description": "*Bronwater\n*Niet-bruisend",
    "brand": "EVERYDAY",
    "seoBrand": "Everyday",
    "thumbNail": "https://static.colruytgroup.com/images/200x200/std.lang.all/59/67/asset-3435967.jpg",
    "fullImage": "https://static.colruytgroup.com/images/500x500/std.lang.all/59/67/asset-3435967.jpg",
    "squareImage": "https://static.colruytgroup.com/images/500x500sq/std.lang.all/59/67/asset-3435967.jpg",
    "content": "2L",
    "walkRouteSequenceNumber": 3966,
    "price": {
      "basicPrice": 0.39,
      "recommendedQuantity": "6.0",
      "measurementUnitPrice": 0.195,
      "measurementUnit": "L",
      "isRedPrice": false,
      "pricePerUOM": 0.195,
      "activationDate": "14-11-2023",
      "recordSource": "Offline",
      "isPromoActive": "N",
      "priceChangeCode": "E"
    },
    "isAvailable": true,
    "isPriceAvailable": true,
    "inPromo": false,
    "gtin": [
      "15400141649182",
      "05400141026849",
      "05400141026856",
      "15400141971672",
      "05400141087482",
      "05400141087505",
      "05400141182408",
      "05400141080148",
      "05400141649185"
    ],
    "topCategoryName": "Dranken",
    "topCategoryId": "354",
    "businessDomain": "RETAIL_BE",
    "IsPrivateLabel": true,
    "IsBiffe": false,
    "WeightconversionFactor": "0",
    "IsWeightArticle": false,
    "nutriscoreLabel": "A",
    "IsBio": false,
    "CountryOfOrigin": "FRANKRIJK",
    "IsExclusivelySoldInLuxembourg": false,
    "OrderUnit": "P",
    "ShortName": "EVD BRONWATER PLAT 2L",
    "IsNew": false,
    "RecentQuanityOfStockUnits": "6,1,1,6",
    "LongName": "EVERYDAY Plat water 2L",
    "AlcoholVolume": "0",
    "FicCode": "I"
  },
  {
    "productId": "11168",
    "technicalArticleNumber": "1350957",
    "commercialArticleNumber": "5336",
    "name": "plat water",
    "description": "*Bronwater\n*Niet-bruisend",
    "brand": "EVERYDAY",
    "seoBrand": "Everyday",
    "thumbNail": "https://static.colruytgroup.com/images/200x200/std.lang.all/31/71/asset-1493171.jpg",
    "fullImage": "https://static.colruytgroup.com/images/500x500/std.lang.all/31/71/asset-1493171.jpg",
    "squareImage": "https://static.colruytgroup.com/images/500x500sq/std.lang.all/31/71/asset-1493171.jpg",
    "content": "50cl",
    "walkRouteSequenceNumber": 3965,
    "price": {
      "basicPrice": 0.149,
      "recommendedQuantity": "12.0",
      "measurementUnitPrice": 0.299,
      "measurementUnit": "L",
      "isRedPrice": false,
      "pricePerUOM": 0.299,
      "activationDate": "16-11-2023",
      "recordSource": "Offline",
      "isPromoActive": "N",
      "priceChangeCode": "L"
    },
    "isAvailable": true,
    "isPriceAvailable": true,
    "inPromo": false,
    "gtin": [
      "05400141953367",
      "15400141637141",
      "05400141637144",
      "05400141182385",
      "05400141415971",
      "05400141053364",
      "05400141087604",
      "05400141004182"
    ],
    "topCategoryName": "Dranken",
    "topCategoryId": "354",
    "businessDomain": "RETAIL_BE",
    "IsPrivateLabel": true,
    "IsBiffe": false,
    "WeightconversionFactor": "0",
    "IsWeightArticle": false,
    "nutriscoreLabel": "A",
    "IsBio": false,
    "CountryOfOrigin": "FRANKRIJK",
    "IsExclusivelySoldInLuxembourg": false,
    "OrderUnit": "P",
    "ShortName": "EVD PLAT WATER 50CL",
    "IsNew": false,
    "RecentQuanityOfStockUnits": "1,12,1,1728",
    "LongName": "EVERYDAY plat water 50cl",
    "AlcoholVolume": "0",
    "FicCode": "I"
  },
  {
    "productId": "574",
    "technicalArticleNumber": "5572",
    "commercialArticleNumber": "5572",
    "name": "Halfvolle melk brik",
    "description": "*Halfvolle melk\n*België",
    "brand": "EVERYDAY",
    "seoBrand": "Everyday",
    "thumbNail": "https://static.colruytgroup.com/images/200x200/std.lang.all/09/94/asset-2080994.jpg",
    "fullImage": "https://static.colruytgroup.com/images/500x500/std.lang.all/09/94/asset-2080994.jpg",
    "squareImage": "https://static.colruytgroup.com/images/500x500sq/std.lang.all/09/94/asset-2080994.jpg",
    "content": "1L",
    "walkRouteSequenceNumber": 6297,
    "price": {
      "basicPrice": 0.79,
      "recommendedQuantity": "12.0",
      "measurementUnitPrice": 0.79,
      "measurementUnit": "L",
      "isRedPrice": false,
      "pricePerUOM": 0.79,
      "activationDate": "19-03-2024",
      "recordSource": "Offline",
      "isPromoActive": "N",
      "priceChangeCode": "E"
    },
    "isAvailable": true,
    "isPriceAvailable": true,
    "inPromo": false,
    "gtin": [
      "05400141055214",
      "05400141167887",
      "05400141255768",
      "05400141404630",
      "05400141433586",
      "15400141433583",
      "15400141975526",
      "05400141058970"
    ],
    "topCategoryName": "Zuivel",
    "topCategoryId": "65",
    "businessDomain": "RETAIL_BE",
    "IsPrivateLabel": true,
    "IsBiffe": false,
    "WeightconversionFactor": "0",
    "IsWeightArticle": false,
    "nutriscoreLabel": "B",
    "IsBio": false,
    "CountryOfOrigin": "BELGIË",
    "IsExclusivelySoldInLuxembourg": false,
    "OrderUnit": "P",
    "ShortName": "EVD HALFV MELK 1L",
    "IsNew": false,
    "EcoscoreLabel": "C",
    "RecentQuanityOfStockUnits": "1,12",
    "LongName": "EVERYDAY Halfvolle melk brik 1L",
    "AlcoholVolume": "0",
    "FicCode": "I",
    "EcoscoreValue": "47"
  },
  {
    "productId": "329659",
    "technicalArticleNumber": "3802584",
    "commercialArticleNumber": "42104",
    "name": "plat water",
    "description": "*Mineraalwater\n*Niet-bruisend\n*Droogrest: 33 mg/l\n*Geschikt voor babyvoeding",
    "brand": "SPA REINE",
    "seoBrand": "Spa Reine",
    "thumbNail": "https://static.colruytgroup.com/images/200x200/std.lang.all/99/87/asset-2079987.jpg",
    "fullImage": "https://static.colruytgroup.com/images/500x500/std.lang.all/99/87/asset-2079987.jpg",
    "squareImage": "https://static.colruytgroup.com/images/500x500sq/std.lang.all/99/87/asset-2079987.jpg",
    "content": "1,5L",
    "walkRouteSequenceNumber": 3888,
    "price": {
      "basicPrice": 0.85,
      "recommendedQuantity": "8.0",
      "measurementUnitPrice": 0.57,
      "measurementUnit": "L",
      "isRedPrice": false,
      "pricePerUOM": 0.57,
      "activationDate": "13-03-2024",
      "isPromoActive": "Y",
      "priceChangeCode": "E"
    },
    "isAvailable": true,
    "isPriceAvailable": true,
    "inPromo": true,
    "promotion": [
      {
        "techPromoId": "100884COLR",
        "promotionId": "100884",
        "promotionType": "4",
        "isPersonalized": "N",
        "publicationStartDate": "13-03-2024",
        "publicationEndDate": "26-03-2024"
      }
    ],
    "gtin": [
      "05410013109747",
      "05410013100027",
      "05410013100003"
    ],
    "topCategoryName": "Dranken",
    "topCategoryId": "354",
    "businessDomain": "RETAIL_BE",
    "IsPrivateLabel": false,
    "IsBiffe": false,
    "WeightconversionFactor": "0",
    "IsWeightArticle": false,
    "nutriscoreLabel": "A",
    "IsBio": false,
    "CountryOfOrigin": "BELGIË",
    "IsExclusivelySoldInLuxembourg": false,
    "OrderUnit": "P",
    "ShortName": "SPA REINE PET 1.5L",
    "IsNew": false,
    "RecentQuanityOfStockUnits": "8,1,672,6",
    "LongName": "SPA REINE plat water 1,5L",
    "AlcoholVolume": "0",
    "FicCode": "E"
  },
  {
    "productId": "395",
    "technicalArticleNumber": "5331",
    "commercialArticleNumber": "5331",
    "name": "Regular Original Taste",
    "description": "*Bruisend\n*Bevat cafeïne",
    "brand": "COCA-COLA",
    "seoBrand": "Coca-Cola Original Taste",
    "thumbNail": "https://static.colruytgroup.com/images/200x200/std.lang.all/11/39/asset-2531139.jpg",
    "fullImage": "https://static.colruytgroup.com/images/500x500/std.lang.all/11/39/asset-2531139.jpg",
    "squareImage": "https://static.colruytgroup.com/images/500x500sq/std.lang.all/11/39/asset-2531139.jpg",
    "content": "33cl",
    "walkRouteSequenceNumber": 4280,
    "price": {
      "basicPrice": 0.79,
      "recommendedQuantity": "15.0",
      "measurementUnitPrice": 2.4,
      "measurementUnit": "L",
      "isRedPrice": false,
      "pricePerUOM": 2.4,
      "activationDate": "22-03-2024",
      "recordSource": "Offline",
      "isPromoActive": "N",
      "priceChangeCode": "H"
    },
    "isAvailable": true,
    "isPriceAvailable": true,
    "inPromo": false,
    "gtin": [
      "05000112638776",
      "05449000000279",
      "05449000000996",
      "05449000009333",
      "05449000142535",
      "05449000288639",
      "05449000288578",
      "05000112638769"
    ],
    "topCategoryName": "Dranken",
    "topCategoryId": "354",
    "businessDomain": "RETAIL_BE",
    "IsPrivateLabel": false,
    "IsBiffe": false,
    "WeightconversionFactor": "0",
    "IsWeightArticle": false,
    "nutriscoreLabel": "E",
    "IsBio": false,
    "CountryOfOrigin": "BELGIË",
    "IsExclusivelySoldInLuxembourg": false,
    "OrderUnit": "P",
    "ShortName": "COCA REGULAR 33CL",
    "IsNew": false,
    "RecentQuanityOfStockUnits": "15,1,30",
    "LongName": "COCA-COLA Regular Original Taste 33cl",
    "FicCode": "E"
  },
  {
    "productId": "18574",
    "technicalArticleNumber": "1716117",
    "commercialArticleNumber": "5656",
    "name": "Zero Sugar",
    "description": "*Bruisend\n*Met zoetstoffen\n*Bevat cafeïne",
    "brand": "COCA-COLA",
    "seoBrand": "Coca-Cola Zero Sugar",
    "thumbNail": "https://static.colruytgroup.com/images/200x200/std.lang.all/16/51/asset-2511651.jpg",
    "fullImage": "https://static.colruytgroup.com/images/500x500/std.lang.all/16/51/asset-2511651.jpg",
    "squareImage": "https://static.colruytgroup.com/images/500x500sq/std.lang.all/16/51/asset-2511651.jpg",
    "content": "33cl",
    "walkRouteSequenceNumber": 4341,
    "price": {
      "basicPrice": 0.79,
      "recommendedQuantity": "15.0",
      "measurementUnitPrice": 2.4,
      "measurementUnit": "L",
      "isRedPrice": false,
      "pricePerUOM": 2.4,
      "activationDate": "22-03-2024",
      "recordSource": "Offline",
      "isPromoActive": "N",
      "priceChangeCode": "H"
    },
    "isAvailable": true,
    "isPriceAvailable": true,
    "inPromo": false,
    "gtin": [
      "05000112638752",
      "05449000131805",
      "05449000171474",
      "05449000154750",
      "05449000131812",
      "05000112638745",
      "05449000288622",
      "05449000288561"
    ],
    "topCategoryName": "Dranken",
    "topCategoryId": "354",
    "businessDomain": "RETAIL_BE",
    "IsPrivateLabel": false,
    "IsBiffe": false,
    "WeightconversionFactor": "0",
    "IsWeightArticle": false,
    "nutriscoreLabel": "C",
    "IsBio": false,
    "CountryOfOrigin": "BELGIË",
    "IsExclusivelySoldInLuxembourg": false,
    "OrderUnit": "P",
    "ShortName": "COCA ZERO 33CL",
    "IsNew": false,
    "RecentQuanityOfStockUnits": "1,30,15",
    "LongName": "COCA-COLA Zero Sugar 33cl",
    "FicCode": "E"
  },
  {
    "productId": "30202",
    "technicalArticleNumber": "1647524",
    "commercialArticleNumber": "5531",
    "name": "energiedrank blik",
    "description": "*Energiedrank\n*Taurine/cafeïne",
    "brand": "RODEO",
    "seoBrand": "Rodeo",
    "thumbNail": "https://static.colruytgroup.com/images/200x200/std.lang.all/66/18/asset-956618.jpg",
    "fullImage": "https://static.colruytgroup.com/images/500x500/std.lang.all/66/18/asset-956618.jpg",
    "squareImage": "https://static.colruytgroup.com/images/500x500sq/std.lang.all/66/18/asset-956618.jpg",
    "content": "25cl",
    "walkRouteSequenceNumber": 4361,
    "price": {
      "basicPrice": 0.33,
      "recommendedQuantity": "6.0",
      "measurementUnitPrice": 1.32,
      "measurementUnit": "L",
      "isRedPrice": false,
      "pricePerUOM": 1.32,
      "activationDate": "20-02-2024",
      "recordSource": "Offline",
      "isPromoActive": "N",
      "priceChangeCode": "E"
    },
    "isAvailable": true,
    "isPriceAvailable": true,
    "inPromo": false,
    "gtin": [
      "08711900014012",
      "08711900014005",
      "08711900000794",
      "08711900013992"
    ],
    "topCategoryName": "Dranken",
    "topCategoryId": "354",
    "businessDomain": "RETAIL_BE",
    "IsPrivateLabel": false,
    "IsBiffe": false,
    "WeightconversionFactor": "0",
    "IsWeightArticle": false,
    "nutriscoreLabel": "E",
    "IsBio": false,
    "CountryOfOrigin": "NEDERLAND",
    "IsExclusivelySoldInLuxembourg": false,
    "OrderUnit": "P",
    "ShortName": "RODEO ENERGY DR.25CL",
    "IsNew": false,
    "RecentQuanityOfStockUnits": "24,6,1",
    "LongName": "RODEO energiedrank blik 25cl",
    "AlcoholVolume": "0",
    "FicCode": "E"
  },
  {
    "productId": "422",
    "technicalArticleNumber": "5091",
    "commercialArticleNumber": "5091",
    "name": "plat water",
    "description": "*Mineraalwater\n*Niet-bruisend\n*Droogrest: 872 mg/l",
    "brand": "BONI",
    "seoBrand": "Boni Selection",
    "thumbNail": "https://static.colruytgroup.com/images/200x200/nl_be/89/47/asset-2778947.jpg",
    "fullImage": "https://static.colruytgroup.com/images/500x500/nl_be/89/47/asset-2778947.jpg",
    "squareImage": "https://static.colruytgroup.com/images/500x500sq/nl_be/89/47/asset-2778947.jpg",
    "content": "1,5L",
    "walkRouteSequenceNumber": 3920,
    "price": {
      "basicPrice": 0.39,
      "recommendedQuantity": "6.0",
      "measurementUnitPrice": 0.26,
      "measurementUnit": "L",
      "isRedPrice": false,
      "pricePerUOM": 0.26,
      "activationDate": "13-12-2023",
      "recordSource": "Offline",
      "isPromoActive": "N",
      "priceChangeCode": "H"
    },
    "isAvailable": true,
    "isPriceAvailable": true,
    "inPromo": false,
    "gtin": [
      "05400141420067",
      "15400141420064",
      "05400141295191",
      "15400141103615",
      "15400141295198",
      "05400141015164",
      "05400141038330",
      "05400141038491",
      "05400141050912",
      "05400141103618",
      "05400141033915"
    ],
    "topCategoryName": "Dranken",
    "topCategoryId": "354",
    "businessDomain": "RETAIL_BE",
    "IsPrivateLabel": true,
    "IsBiffe": false,
    "WeightconversionFactor": "0",
    "IsWeightArticle": false,
    "nutriscoreLabel": "A",
    "IsBio": false,
    "CountryOfOrigin": "FRANKRIJK",
    "IsExclusivelySoldInLuxembourg": false,
    "OrderUnit": "P",
    "ShortName": "BONI MINERAAL WATER1.5L",
    "IsNew": false,
    "RecentQuanityOfStockUnits": "6,1",
    "LongName": "BONI plat water 1,5L",
    "AlcoholVolume": "0",
    "FicCode": "I"
  },
  {
    "productId": "473232",
    "technicalArticleNumber": "4066706",
    "commercialArticleNumber": "1610",
    "name": "halfvolle melk PET",
    "brand": "BONI",
    "seoBrand": "Boni Selection",
    "thumbNail": "https://static.colruytgroup.com/images/200x200/nl_be/83/58/asset-3028358.jpg",
    "fullImage": "https://static.colruytgroup.com/images/500x500/nl_be/83/58/asset-3028358.jpg",
    "squareImage": "https://static.colruytgroup.com/images/500x500sq/nl_be/83/58/asset-3028358.jpg",
    "content": "1L",
    "walkRouteSequenceNumber": 6259,
    "price": {
      "basicPrice": 1.09,
      "recommendedQuantity": "1.0",
      "quantityPrice": 1.05,
      "quantityPriceQuantity": "6.0",
      "measurementUnitPrice": 1.09,
      "measurementUnitQuantityPrice": 1.05,
      "measurementUnit": "L",
      "isRedPrice": false,
      "pricePerUOM": 1.09,
      "activationDate": "12-03-2024",
      "recordSource": "Offline",
      "isPromoActive": "N",
      "priceChangeCode": "H",
      "quantityPricePerUOM": 1.05,
      "quantityActivationDate": "12-03-2024",
      "quantityPriceChangeCode": "H"
    },
    "isAvailable": true,
    "isPriceAvailable": true,
    "inPromo": false,
    "gtin": [
      "05400141269536",
      "15400141269533",
      "35400141269537"
    ],
    "topCategoryName": "Zuivel",
    "topCategoryId": "65",
    "businessDomain": "RETAIL_BE",
    "IsPrivateLabel": true,
    "IsBiffe": false,
    "WeightconversionFactor": "0",
    "IsWeightArticle": false,
    "nutriscoreLabel": "B",
    "IsBio": false,
    "CountryOfOrigin": "BELGIË",
    "IsExclusivelySoldInLuxembourg": false,
    "OrderUnit": "P",
    "ShortName": "BONI HV MELK 1L",
    "IsNew": false,
    "EcoscoreLabel": "B",
    "RecentQuanityOfStockUnits": "1,6",
    "LongName": "BONI halfvolle melk PET 1L",
    "FicCode": "I",
    "EcoscoreValue": "63"
  },
  {
    "productId": "473225",
    "technicalArticleNumber": "4066699",
    "commercialArticleNumber": "1599",
    "name": "halfvolle melk PET",
    "brand": "BONI",
    "seoBrand": "Boni Selection",
    "thumbNail": "https://static.colruytgroup.com/images/200x200/nl_be/98/96/asset-3209896.jpg",
    "fullImage": "https://static.colruytgroup.com/images/500x500/nl_be/98/96/asset-3209896.jpg",
    "squareImage": "https://static.colruytgroup.com/images/500x500sq/nl_be/98/96/asset-3209896.jpg",
    "content": "50cl",
    "walkRouteSequenceNumber": 6258,
    "price": {
      "basicPrice": 0.69,
      "recommendedQuantity": "1.0",
      "quantityPrice": 0.665,
      "quantityPriceQuantity": "6.0",
      "measurementUnitPrice": 1.38,
      "measurementUnitQuantityPrice": 1.33,
      "measurementUnit": "L",
      "isRedPrice": false,
      "pricePerUOM": 1.38,
      "activationDate": "19-03-2024",
      "recordSource": "Offline",
      "isPromoActive": "N",
      "priceChangeCode": "E",
      "quantityPricePerUOM": 1.33,
      "quantityActivationDate": "19-03-2024",
      "quantityPriceChangeCode": "H"
    },
    "isAvailable": true,
    "isPriceAvailable": true,
    "inPromo": false,
    "gtin": [
      "05400141269512",
      "15400141269519"
    ],
    "topCategoryName": "Zuivel",
    "topCategoryId": "65",
    "businessDomain": "RETAIL_BE",
    "IsPrivateLabel": true,
    "IsBiffe": false,
    "WeightconversionFactor": "0",
    "IsWeightArticle": false,
    "nutriscoreLabel": "B",
    "IsBio": false,
    "CountryOfOrigin": "BELGIË",
    "IsExclusivelySoldInLuxembourg": false,
    "OrderUnit": "P",
    "ShortName": "BONI HV MELK 50CL",
    "IsNew": false,
    "EcoscoreLabel": "B",
    "RecentQuanityOfStockUnits": "1,6",
    "LongName": "BONI halfvolle melk PET 50cl",
    "AlcoholVolume": "0",
    "FicCode": "I",
    "EcoscoreValue": "63"
  },
  {
    "productId": "103333",
    "technicalArticleNumber": "3096343",
    "commercialArticleNumber": "42810",
    "name": "Regular Original Taste",
    "description": "*Bruisend\n*Bevat cafeïne",
    "brand": "COCA-COLA",
    "seoBrand": "Coca-Cola Original Taste",
    "thumbNail": "https://static.colruytgroup.com/images/200x200/std.lang.all/24/06/asset-3182406.jpg",
    "fullImage": "https://static.colruytgroup.com/images/500x500/std.lang.all/24/06/asset-3182406.jpg",
    "squareImage": "https://static.colruytgroup.com/images/500x500sq/std.lang.all/24/06/asset-3182406.jpg",
    "content": "1,5L",
    "walkRouteSequenceNumber": 4296,
    "price": {
      "basicPrice": 2.24,
      "recommendedQuantity": "8.0",
      "measurementUnitPrice": 1.5,
      "measurementUnit": "L",
      "isRedPrice": false,
      "pricePerUOM": 1.5,
      "activationDate": "20-03-2024",
      "recordSource": "Offline",
      "isPromoActive": "Y",
      "priceChangeCode": "H"
    },
    "isAvailable": true,
    "isPriceAvailable": true,
    "inPromo": true,
    "promotion": [
      {
        "techPromoId": "100842COLR",
        "promotionId": "100842",
        "promotionType": "3",
        "isPersonalized": "N",
        "publicationStartDate": "13-03-2024",
        "publicationEndDate": "26-03-2024"
      }
    ],
    "gtin": [
      "05449000107190",
      "05449000000439",
      "05449000702982"
    ],
    "topCategoryName": "Dranken",
    "topCategoryId": "354",
    "businessDomain": "RETAIL_BE",
    "IsPrivateLabel": false,
    "IsBiffe": false,
    "WeightconversionFactor": "0",
    "IsWeightArticle": false,
    "nutriscoreLabel": "E",
    "IsBio": false,
    "CountryOfOrigin": "BELGIË",
    "IsExclusivelySoldInLuxembourg": false,
    "OrderUnit": "P",
    "ShortName": "COCA REGULAR 1.5L",
    "IsNew": false,
    "RecentQuanityOfStockUnits": "1,8,600",
    "LongName": "COCA-COLA Regular Original Taste 1,5L",
    "AlcoholVolume": "0",
    "FicCode": "E"
  },
  {
    "productId": "158778",
    "technicalArticleNumber": "3247240",
    "commercialArticleNumber": "37990",
    "name": "Zero Sugar",
    "description": "*Met zoetstoffen\n*Bevat cafeïne",
    "brand": "COCA-COLA",
    "seoBrand": "Coca-Cola Zero Sugar",
    "thumbNail": "https://static.colruytgroup.com/images/200x200/std.lang.all/48/62/asset-3324862.jpg",
    "fullImage": "https://static.colruytgroup.com/images/500x500/std.lang.all/48/62/asset-3324862.jpg",
    "squareImage": "https://static.colruytgroup.com/images/500x500sq/std.lang.all/48/62/asset-3324862.jpg",
    "content": "1,5L",
    "walkRouteSequenceNumber": 4339,
    "price": {
      "basicPrice": 2.22,
      "recommendedQuantity": "8.0",
      "measurementUnitPrice": 1.48,
      "measurementUnit": "L",
      "isRedPrice": false,
      "pricePerUOM": 1.48,
      "activationDate": "13-03-2024",
      "isPromoActive": "Y",
      "priceChangeCode": "L"
    },
    "isAvailable": true,
    "isPriceAvailable": true,
    "inPromo": true,
    "promotion": [
      {
        "techPromoId": "100842COLR",
        "promotionId": "100842",
        "promotionType": "3",
        "isPersonalized": "N",
        "publicationStartDate": "13-03-2024",
        "publicationEndDate": "26-03-2024"
      }
    ],
    "gtin": [
      "05449000133335",
      "05449000180667",
      "05449000994776"
    ],
    "topCategoryName": "Dranken",
    "topCategoryId": "354",
    "businessDomain": "RETAIL_BE",
    "IsPrivateLabel": false,
    "IsBiffe": false,
    "WeightconversionFactor": "0",
    "IsWeightArticle": false,
    "nutriscoreLabel": "C",
    "IsBio": false,
    "CountryOfOrigin": "BELGIË",
    "IsExclusivelySoldInLuxembourg": false,
    "OrderUnit": "P",
    "ShortName": "COCA COLA ZERO 1L5",
    "IsNew": false,
    "RecentQuanityOfStockUnits": "8,1,600",
    "LongName": "COCA-COLA Zero Sugar 1,5L",
    "AlcoholVolume": "0",
    "FicCode": "E"
  },
  {
    "productId": "156700",
    "technicalArticleNumber": "3279136",
    "commercialArticleNumber": "44390",
    "name": "Sinaasappelsap zonder pulp",
    "description": "*Vers sinaasappelsap\n*Puur sap\n*100 % vruchten\n*Zonder pulp",
    "brand": "EVERYDAY",
    "seoBrand": "Everyday",
    "thumbNail": "https://static.colruytgroup.com/images/200x200/std.lang.all/26/89/asset-582689.jpg",
    "fullImage": "https://static.colruytgroup.com/images/500x500/std.lang.all/26/89/asset-582689.jpg",
    "squareImage": "https://static.colruytgroup.com/images/500x500sq/std.lang.all/26/89/asset-582689.jpg",
    "content": "2L",
    "walkRouteSequenceNumber": 5051,
    "price": {
      "basicPrice": 2.99,
      "recommendedQuantity": "6.0",
      "measurementUnitPrice": 1.5,
      "measurementUnit": "L",
      "isRedPrice": false,
      "pricePerUOM": 1.5,
      "activationDate": "12-03-2024",
      "recordSource": "Offline",
      "isPromoActive": "N",
      "priceChangeCode": "H"
    },
    "isAvailable": true,
    "isPriceAvailable": true,
    "inPromo": false,
    "gtin": [
      "05400141864007",
      "15400141864004",
      "05400141087680",
      "15400141966630"
    ],
    "topCategoryName": "Dranken",
    "topCategoryId": "354",
    "businessDomain": "RETAIL_BE",
    "IsPrivateLabel": true,
    "IsBiffe": false,
    "WeightconversionFactor": "0",
    "IsWeightArticle": false,
    "nutriscoreLabel": "C",
    "IsBio": false,
    "CountryOfOrigin": "DUITSLAND",
    "IsExclusivelySoldInLuxembourg": false,
    "OrderUnit": "P",
    "ShortName": "EVD VERS SINAAS Z.PUL2L",
    "IsNew": false,
    "EcoscoreLabel": "C",
    "RecentQuanityOfStockUnits": "1,6",
    "LongName": "EVERYDAY Sinaasappelsap zonder pulp 2L",
    "AlcoholVolume": "0",
    "FicCode": "I",
    "EcoscoreValue": "45"
  },
  {
    "productId": "455",
    "technicalArticleNumber": "5214",
    "commercialArticleNumber": "5214",
    "name": "energiedrank",
    "description": "*Energiedrank\n*Taurine/Cafeïne",
    "brand": "RED BULL",
    "seoBrand": "Red Bull",
    "thumbNail": "https://static.colruytgroup.com/images/200x200/std.lang.all/71/79/asset-387179.jpg",
    "fullImage": "https://static.colruytgroup.com/images/500x500/std.lang.all/71/79/asset-387179.jpg",
    "squareImage": "https://static.colruytgroup.com/images/500x500sq/std.lang.all/71/79/asset-387179.jpg",
    "content": "25cl",
    "walkRouteSequenceNumber": 4360,
    "price": {
      "basicPrice": 0.996,
      "recommendedQuantity": "6.0",
      "measurementUnitPrice": 3.99,
      "measurementUnit": "L",
      "isRedPrice": false,
      "pricePerUOM": 3.99,
      "activationDate": "23-03-2024",
      "recordSource": "Folder",
      "isPromoActive": "N",
      "priceChangeCode": "E"
    },
    "isAvailable": true,
    "isPriceAvailable": true,
    "inPromo": false,
    "gtin": [
      "00000090162909",
      "00000090162916",
      "09002490100032",
      "09002490100193",
      "09002490100490",
      "09002490208325",
      "09002490213749",
      "09002490215996"
    ],
    "topCategoryName": "Dranken",
    "topCategoryId": "354",
    "businessDomain": "RETAIL_BE",
    "IsPrivateLabel": false,
    "IsBiffe": false,
    "WeightconversionFactor": "0",
    "IsWeightArticle": false,
    "nutriscoreLabel": "E",
    "IsBio": false,
    "CountryOfOrigin": "OOSTENRIJK",
    "IsExclusivelySoldInLuxembourg": false,
    "OrderUnit": "P",
    "ShortName": "REDB ENERGIEDRANK 25CL",
    "IsNew": false,
    "RecentQuanityOfStockUnits": "1,24,6",
    "LongName": "RED BULL energiedrank 25cl",
    "AlcoholVolume": "0",
    "FicCode": "E"
  },
  {
    "productId": "9745",
    "technicalArticleNumber": "1124241",
    "commercialArticleNumber": "5039",
    "name": "plat water",
    "description": "*Bronwater\n*Niet-bruisend\n*Droogrest: 265 mg/l",
    "brand": "EVERYDAY",
    "seoBrand": "Everyday",
    "thumbNail": "https://static.colruytgroup.com/images/200x200/nl_be/05/71/asset-540571.jpg",
    "fullImage": "https://static.colruytgroup.com/images/500x500/nl_be/05/71/asset-540571.jpg",
    "squareImage": "https://static.colruytgroup.com/images/500x500sq/nl_be/05/71/asset-540571.jpg",
    "content": "5L",
    "walkRouteSequenceNumber": 3967,
    "price": {
      "basicPrice": 1.19,
      "recommendedQuantity": "1.0",
      "measurementUnitPrice": 0.238,
      "measurementUnit": "L",
      "isRedPrice": false,
      "pricePerUOM": 0.238,
      "activationDate": "29-11-2023",
      "recordSource": "Offline",
      "isPromoActive": "N",
      "priceChangeCode": "E"
    },
    "isAvailable": true,
    "isPriceAvailable": true,
    "inPromo": false,
    "gtin": [
      "05400141056303",
      "15400141105145",
      "05400141420005",
      "05400141122411",
      "05400141105148",
      "05400141087208"
    ],
    "topCategoryName": "Dranken",
    "topCategoryId": "354",
    "businessDomain": "RETAIL_BE",
    "IsPrivateLabel": true,
    "IsBiffe": false,
    "WeightconversionFactor": "0",
    "IsWeightArticle": false,
    "nutriscoreLabel": "A",
    "IsBio": false,
    "CountryOfOrigin": "FRANKRIJK",
    "IsExclusivelySoldInLuxembourg": false,
    "OrderUnit": "P",
    "ShortName": "EVD BRONWATER PLAT 5L",
    "IsNew": false,
    "RecentQuanityOfStockUnits": "1",
    "LongName": "EVERYDAY plat water 5L",
    "AlcoholVolume": "0",
    "FicCode": "I"
  },
  {
    "productId": "605647",
    "technicalArticleNumber": "4275702",
    "commercialArticleNumber": "23112",
    "name": "bruisend water",
    "description": "*Mineraalwater\n*Bruisend\n*Droogrest: 872 mg/l",
    "brand": "EVERYDAY",
    "seoBrand": "Everyday",
    "thumbNail": "https://static.colruytgroup.com/images/200x200/std.lang.all/11/68/asset-2201168.jpg",
    "fullImage": "https://static.colruytgroup.com/images/500x500/std.lang.all/11/68/asset-2201168.jpg",
    "squareImage": "https://static.colruytgroup.com/images/500x500sq/std.lang.all/11/68/asset-2201168.jpg",
    "content": "50cl",
    "walkRouteSequenceNumber": 3972,
    "price": {
      "basicPrice": 0.22,
      "recommendedQuantity": "12.0",
      "measurementUnitPrice": 0.442,
      "measurementUnit": "L",
      "isRedPrice": false,
      "pricePerUOM": 0.442,
      "activationDate": "02-03-2024",
      "recordSource": "Offline",
      "isPromoActive": "N",
      "priceChangeCode": "L"
    },
    "isAvailable": true,
    "isPriceAvailable": true,
    "inPromo": false,
    "gtin": [
      "05400141409451",
      "15400141409458"
    ],
    "topCategoryName": "Dranken",
    "topCategoryId": "354",
    "businessDomain": "RETAIL_BE",
    "IsPrivateLabel": true,
    "IsBiffe": false,
    "WeightconversionFactor": "0",
    "IsWeightArticle": false,
    "nutriscoreLabel": "A",
    "IsBio": false,
    "CountryOfOrigin": "FRANKRIJK",
    "IsExclusivelySoldInLuxembourg": false,
    "OrderUnit": "P",
    "ShortName": "EVD BRUISEND WATER 50CL",
    "IsNew": false,
    "RecentQuanityOfStockUnits": "1,12",
    "LongName": "EVERYDAY bruisend water 50cl",
    "AlcoholVolume": "0",
    "FicCode": "I"
  },
  {
    "productId": "1455",
    "technicalArticleNumber": "19668",
    "commercialArticleNumber": "19668",
    "name": "Sinaasappelsap brik",
    "description": "*Sinaasappelsap\n*Uit sapconcentraat\n*Met 100 % vruchten\n*Zonder pulp",
    "brand": "EVERYDAY",
    "seoBrand": "Everyday",
    "thumbNail": "https://static.colruytgroup.com/images/200x200/std.lang.all/95/28/asset-3359528.jpg",
    "fullImage": "https://static.colruytgroup.com/images/500x500/std.lang.all/95/28/asset-3359528.jpg",
    "squareImage": "https://static.colruytgroup.com/images/500x500sq/std.lang.all/95/28/asset-3359528.jpg",
    "content": "1L",
    "walkRouteSequenceNumber": 4857,
    "price": {
      "basicPrice": 0.89,
      "recommendedQuantity": "12.0",
      "measurementUnitPrice": 0.89,
      "measurementUnit": "L",
      "isRedPrice": false,
      "pricePerUOM": 0.89,
      "activationDate": "09-01-2024",
      "recordSource": "Offline",
      "isPromoActive": "N",
      "priceChangeCode": "H"
    },
    "isAvailable": true,
    "isPriceAvailable": true,
    "inPromo": false,
    "gtin": [
      "15400141616221",
      "05400141616224",
      "15400141906933",
      "05400141079647",
      "05400141123951",
      "05400141396683",
      "15400141015628"
    ],
    "topCategoryName": "Dranken",
    "topCategoryId": "354",
    "businessDomain": "RETAIL_BE",
    "IsPrivateLabel": true,
    "IsBiffe": false,
    "WeightconversionFactor": "0",
    "IsWeightArticle": false,
    "nutriscoreLabel": "C",
    "IsBio": false,
    "CountryOfOrigin": "NEDERLAND",
    "IsExclusivelySoldInLuxembourg": false,
    "OrderUnit": "P",
    "ShortName": "EVD SINAASSAP 1L",
    "IsNew": false,
    "EcoscoreLabel": "A",
    "RecentQuanityOfStockUnits": "12,1,12,1",
    "LongName": "EVERYDAY Sinaasappelsap brik 1L",
    "AlcoholVolume": "0",
    "FicCode": "I",
    "EcoscoreValue": "90"
  },
  {
    "productId": "3968",
    "technicalArticleNumber": "1006113",
    "commercialArticleNumber": "5563",
    "name": "magere melk brik",
    "description": "*Magere melk\n*België",
    "brand": "EVERYDAY",
    "seoBrand": "Everyday",
    "thumbNail": "https://static.colruytgroup.com/images/200x200/std.lang.all/38/66/asset-2513866.jpg",
    "fullImage": "https://static.colruytgroup.com/images/500x500/std.lang.all/38/66/asset-2513866.jpg",
    "squareImage": "https://static.colruytgroup.com/images/500x500sq/std.lang.all/38/66/asset-2513866.jpg",
    "content": "1L",
    "walkRouteSequenceNumber": 6265,
    "price": {
      "basicPrice": 0.75,
      "recommendedQuantity": "12.0",
      "measurementUnitPrice": 0.75,
      "measurementUnit": "L",
      "isRedPrice": false,
      "pricePerUOM": 0.75,
      "activationDate": "08-12-2023",
      "recordSource": "Offline",
      "isPromoActive": "N",
      "priceChangeCode": "L"
    },
    "isAvailable": true,
    "isPriceAvailable": true,
    "inPromo": false,
    "gtin": [
      "15400141975533",
      "05400141147056",
      "05400141002256",
      "05400141404685",
      "05400141167894"
    ],
    "topCategoryName": "Zuivel",
    "topCategoryId": "65",
    "businessDomain": "RETAIL_BE",
    "IsPrivateLabel": true,
    "IsBiffe": false,
    "WeightconversionFactor": "0",
    "IsWeightArticle": false,
    "nutriscoreLabel": "B",
    "IsBio": false,
    "CountryOfOrigin": "BELGIË",
    "IsExclusivelySoldInLuxembourg": false,
    "OrderUnit": "P",
    "ShortName": "EVD MAG MELK 1L",
    "IsNew": false,
    "EcoscoreLabel": "B",
    "RecentQuanityOfStockUnits": "12,1",
    "LongName": "EVERYDAY magere melk brik 1L",
    "AlcoholVolume": "0",
    "FicCode": "I",
    "EcoscoreValue": "73"
  },
  {
    "productId": "432",
    "technicalArticleNumber": "5135",
    "commercialArticleNumber": "5135",
    "name": "bruisend water",
    "description": "*Bronwater\n*Bruisend\n*Droogrest: 550 mg/l",
    "brand": "EVERYDAY",
    "seoBrand": "Everyday",
    "thumbNail": "https://static.colruytgroup.com/images/200x200/nl_be/05/70/asset-540570.jpg",
    "fullImage": "https://static.colruytgroup.com/images/500x500/nl_be/05/70/asset-540570.jpg",
    "squareImage": "https://static.colruytgroup.com/images/500x500sq/nl_be/05/70/asset-540570.jpg",
    "content": "1,5L",
    "walkRouteSequenceNumber": 3968,
    "price": {
      "basicPrice": 0.32,
      "recommendedQuantity": "6.0",
      "measurementUnitPrice": 0.214,
      "measurementUnit": "L",
      "isRedPrice": false,
      "pricePerUOM": 0.214,
      "activationDate": "14-11-2023",
      "recordSource": "Offline",
      "isPromoActive": "N",
      "priceChangeCode": "E"
    },
    "isAvailable": true,
    "isPriceAvailable": true,
    "inPromo": false,
    "gtin": [
      "05400141351354",
      "05400141025996",
      "05400141051353",
      "05400141123753",
      "05400141123760",
      "05400141026009"
    ],
    "topCategoryName": "Dranken",
    "topCategoryId": "354",
    "businessDomain": "RETAIL_BE",
    "IsPrivateLabel": true,
    "IsBiffe": false,
    "WeightconversionFactor": "0",
    "IsWeightArticle": false,
    "nutriscoreLabel": "A",
    "IsBio": false,
    "CountryOfOrigin": "BELGIË",
    "IsExclusivelySoldInLuxembourg": false,
    "OrderUnit": "P",
    "ShortName": "EVD BRUISEND WATER 1.5L",
    "IsNew": false,
    "RecentQuanityOfStockUnits": "6,1",
    "LongName": "EVERYDAY bruisend water 1,5L",
    "AlcoholVolume": "0",
    "FicCode": "I"
  },
  {
    "productId": "16887",
    "technicalArticleNumber": "1473493",
    "commercialArticleNumber": "19579",
    "name": "multivruchtendrink brik",
    "description": "*Multivruchtensap\n*Uit sapconcentraat\n*Met 55 % vruchten\n*Met zoetstoffen\n*Zonder pulp",
    "brand": "EVERYDAY",
    "seoBrand": "Everyday",
    "thumbNail": "https://static.colruytgroup.com/images/200x200/std.lang.all/10/04/asset-2081004.jpg",
    "fullImage": "https://static.colruytgroup.com/images/500x500/std.lang.all/10/04/asset-2081004.jpg",
    "squareImage": "https://static.colruytgroup.com/images/500x500sq/std.lang.all/10/04/asset-2081004.jpg",
    "content": "1L",
    "walkRouteSequenceNumber": 4855,
    "price": {
      "basicPrice": 0.793,
      "recommendedQuantity": "12.0",
      "measurementUnitPrice": 0.8,
      "measurementUnit": "L",
      "isRedPrice": false,
      "pricePerUOM": 0.8,
      "activationDate": "23-03-2024",
      "recordSource": "Offline",
      "isPromoActive": "N",
      "priceChangeCode": "L"
    },
    "isAvailable": true,
    "isPriceAvailable": true,
    "inPromo": false,
    "gtin": [
      "05400141395792",
      "15400141907008",
      "15400141979432",
      "05400141979435",
      "15400141981374",
      "05400141124019",
      "15400141301509"
    ],
    "topCategoryName": "Dranken",
    "topCategoryId": "354",
    "businessDomain": "RETAIL_BE",
    "IsPrivateLabel": true,
    "IsBiffe": false,
    "WeightconversionFactor": "0",
    "IsWeightArticle": false,
    "nutriscoreLabel": "C",
    "IsBio": false,
    "CountryOfOrigin": "NEDERLAND",
    "IsExclusivelySoldInLuxembourg": false,
    "OrderUnit": "P",
    "ShortName": "EVD MULTIVRUCHTDRINK 1L",
    "InSeason": true,
    "IsNew": false,
    "EcoscoreLabel": "E",
    "RecentQuanityOfStockUnits": "1,12",
    "LongName": "EVERYDAY multivruchtendrink brik 1L",
    "StartSeasonDate": "13/12/2006",
    "FicCode": "I",
    "EcoscoreValue": "14"
  },
  {
    "productId": "504991",
    "technicalArticleNumber": "4063374",
    "commercialArticleNumber": "7054",
    "name": "melk lactosevrij brik",
    "description": "*UHT\n*Zonder lactose",
    "brand": "BONI",
    "seoBrand": "Boni Selection",
    "thumbNail": "https://static.colruytgroup.com/images/200x200/std.lang.all/28/32/asset-2112832.jpg",
    "fullImage": "https://static.colruytgroup.com/images/500x500/std.lang.all/28/32/asset-2112832.jpg",
    "squareImage": "https://static.colruytgroup.com/images/500x500sq/std.lang.all/28/32/asset-2112832.jpg",
    "content": "1L",
    "walkRouteSequenceNumber": 6298,
    "price": {
      "basicPrice": 1.15,
      "recommendedQuantity": "1.0",
      "measurementUnitPrice": 1.15,
      "measurementUnit": "L",
      "isRedPrice": false,
      "pricePerUOM": 1.15,
      "activationDate": "14-11-2023",
      "recordSource": "Offline",
      "isPromoActive": "N",
      "priceChangeCode": "E"
    },
    "isAvailable": true,
    "isPriceAvailable": true,
    "inPromo": false,
    "gtin": [
      "05400141266757",
      "15400141266754"
    ],
    "topCategoryName": "Zuivel",
    "topCategoryId": "65",
    "businessDomain": "RETAIL_BE",
    "IsPrivateLabel": true,
    "IsBiffe": false,
    "WeightconversionFactor": "0",
    "IsWeightArticle": false,
    "nutriscoreLabel": "B",
    "IsBio": false,
    "CountryOfOrigin": "BELGIË",
    "IsExclusivelySoldInLuxembourg": false,
    "OrderUnit": "P",
    "ShortName": "BONI LAC.VR MELK 1L",
    "IsNew": false,
    "EcoscoreLabel": "B",
    "RecentQuanityOfStockUnits": "1,12",
    "LongName": "BONI melk lactosevrij brik 1L",
    "AlcoholVolume": "0",
    "FicCode": "I",
    "EcoscoreValue": "69"
  },
  {
    "productId": "1457",
    "technicalArticleNumber": "19670",
    "commercialArticleNumber": "19670",
    "name": "Appelsap brik",
    "description": "*Appelsap\n*Uit sapconcentraat\n*Met 100 % vruchten\n*Zonder pulp",
    "brand": "EVERYDAY",
    "seoBrand": "Everyday",
    "thumbNail": "https://static.colruytgroup.com/images/200x200/std.lang.all/42/77/asset-3334277.jpg",
    "fullImage": "https://static.colruytgroup.com/images/500x500/std.lang.all/42/77/asset-3334277.jpg",
    "squareImage": "https://static.colruytgroup.com/images/500x500sq/std.lang.all/42/77/asset-3334277.jpg",
    "content": "1L",
    "walkRouteSequenceNumber": 4856,
    "price": {
      "basicPrice": 0.593,
      "recommendedQuantity": "12.0",
      "measurementUnitPrice": 0.6,
      "measurementUnit": "L",
      "isRedPrice": false,
      "pricePerUOM": 0.6,
      "activationDate": "17-02-2024",
      "recordSource": "Offline",
      "isPromoActive": "N",
      "priceChangeCode": "E"
    },
    "isAvailable": true,
    "isPriceAvailable": true,
    "inPromo": false,
    "gtin": [
      "15400141907626",
      "15400141970156",
      "05400141015614",
      "05400141079678",
      "05400141124224",
      "15400141616238",
      "05400141616231"
    ],
    "topCategoryName": "Dranken",
    "topCategoryId": "354",
    "businessDomain": "RETAIL_BE",
    "IsPrivateLabel": true,
    "IsBiffe": false,
    "WeightconversionFactor": "0",
    "IsWeightArticle": false,
    "nutriscoreLabel": "C",
    "IsBio": false,
    "CountryOfOrigin": "NEDERLAND",
    "IsExclusivelySoldInLuxembourg": false,
    "OrderUnit": "P",
    "ShortName": "EVD APPELSAP 1L",
    "IsNew": false,
    "EcoscoreLabel": "C",
    "RecentQuanityOfStockUnits": "12,1,1",
    "LongName": "EVERYDAY Appelsap brik 1L",
    "AlcoholVolume": "0",
    "FicCode": "I",
    "EcoscoreValue": "59"
  },
  {
    "productId": "375",
    "technicalArticleNumber": "5030",
    "commercialArticleNumber": "5030",
    "name": "pils 5,2% bak",
    "description": "*Pilsbier\n*5,2 % vol",
    "brand": "JUPILER",
    "seoBrand": "Jupiler",
    "thumbNail": "https://static.colruytgroup.com/images/200x200/std.lang.all/91/04/asset-3159104.jpg",
    "fullImage": "https://static.colruytgroup.com/images/500x500/std.lang.all/91/04/asset-3159104.jpg",
    "squareImage": "https://static.colruytgroup.com/images/500x500sq/std.lang.all/91/04/asset-3159104.jpg",
    "content": "24x25cl",
    "walkRouteSequenceNumber": 3894,
    "price": {
      "basicPrice": 15.49,
      "recommendedQuantity": "1.0",
      "measurementUnitPrice": 2.59,
      "measurementUnit": "L",
      "isRedPrice": false,
      "pricePerUOM": 2.59,
      "activationDate": "21-03-2024",
      "recordSource": "Offline",
      "isPromoActive": "N",
      "priceChangeCode": "E"
    },
    "isAvailable": true,
    "isPriceAvailable": true,
    "inPromo": false,
    "gtin": [
      "05410228134527",
      "05410228142027",
      "05410228206293",
      "05410228213185"
    ],
    "topCategoryName": "Dranken",
    "topCategoryId": "354",
    "businessDomain": "RETAIL_BE",
    "IsPrivateLabel": false,
    "IsBiffe": false,
    "WeightconversionFactor": "0",
    "IsWeightArticle": false,
    "IsBio": false,
    "CountryOfOrigin": "BELGIË",
    "IsExclusivelySoldInLuxembourg": false,
    "OrderUnit": "P",
    "ShortName": "JUPI PILS 24X25CL",
    "IsNew": false,
    "RecentQuanityOfStockUnits": "1",
    "LongName": "JUPILER pils 5,2% bak 24x25cl",
    "AlcoholVolume": "5.2",
    "FicCode": "E",
    "DepositValue": [
      4.5
    ]
  },
  {
    "productId": "843036",
    "technicalArticleNumber": "4688115",
    "commercialArticleNumber": "30631",
    "name": "Volle melk brik",
    "brand": "EVERYDAY",
    "seoBrand": "Everyday",
    "thumbNail": "https://static.colruytgroup.com/images/200x200/std.lang.all/42/81/asset-2844281.jpg",
    "fullImage": "https://static.colruytgroup.com/images/500x500/std.lang.all/42/81/asset-2844281.jpg",
    "squareImage": "https://static.colruytgroup.com/images/500x500sq/std.lang.all/42/81/asset-2844281.jpg",
    "content": "1L",
    "walkRouteSequenceNumber": 6249,
    "price": {
      "basicPrice": 0.85,
      "recommendedQuantity": "12.0",
      "measurementUnitPrice": 0.85,
      "measurementUnit": "L",
      "isRedPrice": false,
      "pricePerUOM": 0.85,
      "activationDate": "19-03-2024",
      "recordSource": "Offline",
      "isPromoActive": "N",
      "priceChangeCode": "E"
    },
    "isAvailable": true,
    "isPriceAvailable": true,
    "inPromo": false,
    "gtin": [
      "15400141701927",
      "05400141701920"
    ],
    "topCategoryName": "Zuivel",
    "topCategoryId": "65",
    "businessDomain": "RETAIL_BE",
    "IsPrivateLabel": true,
    "IsBiffe": false,
    "WeightconversionFactor": "0",
    "IsWeightArticle": false,
    "IsBio": false,
    "CountryOfOrigin": "BELGIË",
    "IsExclusivelySoldInLuxembourg": false,
    "OrderUnit": "P",
    "ShortName": "EVD VOLLE MELK 1L",
    "IsNew": false,
    "RecentQuanityOfStockUnits": "1,12",
    "LongName": "EVERYDAY Volle melk brik 1L",
    "AlcoholVolume": "0",
    "FicCode": "I"
  },
  {
    "productId": "394",
    "technicalArticleNumber": "5329",
    "commercialArticleNumber": "5329",
    "name": "cola",
    "description": "*Frisdrank\n*Cola\n*Met zoetstoffen",
    "brand": "PEPSI ZERO SUGAR",
    "seoBrand": "Pepsi Zero Sugar",
    "thumbNail": "https://static.colruytgroup.com/images/200x200/std.lang.all/82/80/asset-3428280.jpg",
    "fullImage": "https://static.colruytgroup.com/images/500x500/std.lang.all/82/80/asset-3428280.jpg",
    "squareImage": "https://static.colruytgroup.com/images/500x500sq/std.lang.all/82/80/asset-3428280.jpg",
    "content": "33cl",
    "walkRouteSequenceNumber": 4304,
    "price": {
      "basicPrice": 0.44,
      "recommendedQuantity": "6.0",
      "measurementUnitPrice": 1.34,
      "measurementUnit": "L",
      "isRedPrice": false,
      "pricePerUOM": 1.34,
      "activationDate": "19-03-2024",
      "recordSource": "Offline",
      "isPromoActive": "N",
      "priceChangeCode": "L"
    },
    "isAvailable": true,
    "isPriceAvailable": true,
    "inPromo": false,
    "gtin": [
      "04060800104045",
      "05410188033663",
      "05410188034073",
      "05410188034080",
      "03051800016491",
      "05410188033694",
      "05410188033687"
    ],
    "topCategoryName": "Dranken",
    "topCategoryId": "354",
    "businessDomain": "RETAIL_BE",
    "IsPrivateLabel": false,
    "IsBiffe": false,
    "WeightconversionFactor": "0",
    "IsWeightArticle": false,
    "nutriscoreLabel": "B",
    "IsBio": false,
    "CountryOfOrigin": "EUROPA",
    "IsExclusivelySoldInLuxembourg": false,
    "OrderUnit": "P",
    "ShortName": "PEPSI ZS 33CL BLIK",
    "IsNew": false,
    "RecentQuanityOfStockUnits": "24,6,1",
    "LongName": "PEPSI ZERO SUGAR cola 33cl",
    "AlcoholVolume": "0",
    "FicCode": "E"
  },
  {
    "productId": "7899",
    "technicalArticleNumber": "1174457",
    "commercialArticleNumber": "5038",
    "name": "plat water",
    "description": "*Mineraalwater\n*Niet-bruisend\n*Droogrest: 360 mg/l\n*Geschikt voor babyvoeding",
    "brand": "BONI",
    "seoBrand": "Boni Selection",
    "thumbNail": "https://static.colruytgroup.com/images/200x200/nl_be/82/79/asset-2788279.jpg",
    "fullImage": "https://static.colruytgroup.com/images/500x500/nl_be/82/79/asset-2788279.jpg",
    "squareImage": "https://static.colruytgroup.com/images/500x500sq/nl_be/82/79/asset-2788279.jpg",
    "content": "2L",
    "walkRouteSequenceNumber": 3921,
    "price": {
      "basicPrice": 0.52,
      "recommendedQuantity": "6.0",
      "measurementUnitPrice": 0.26,
      "measurementUnit": "L",
      "isRedPrice": false,
      "pricePerUOM": 0.26,
      "activationDate": "14-11-2023",
      "recordSource": "Offline",
      "isPromoActive": "N",
      "priceChangeCode": "E"
    },
    "isAvailable": true,
    "isPriceAvailable": true,
    "inPromo": false,
    "gtin": [
      "15400141089803",
      "15400141295211",
      "05400141038521",
      "05400141087611",
      "05400141420050",
      "05400141089806",
      "15400141420057",
      "15400141988076",
      "05400141295214",
      "05400141087628"
    ],
    "topCategoryName": "Dranken",
    "topCategoryId": "354",
    "businessDomain": "RETAIL_BE",
    "IsPrivateLabel": true,
    "IsBiffe": false,
    "WeightconversionFactor": "0",
    "IsWeightArticle": false,
    "nutriscoreLabel": "A",
    "IsBio": false,
    "CountryOfOrigin": "LUXEMBURG",
    "IsExclusivelySoldInLuxembourg": false,
    "OrderUnit": "P",
    "ShortName": "BONI PLAT WATER 2L",
    "IsNew": false,
    "RecentQuanityOfStockUnits": "6,1",
    "LongName": "BONI plat water 2L",
    "AlcoholVolume": "0",
    "FicCode": "I"
  },
  {
    "productId": "12596",
    "technicalArticleNumber": "1315937",
    "commercialArticleNumber": "5475",
    "name": "Plat water",
    "description": "*Mineraalwater\n*Niet-bruisend\n*Droogrest: 33 mg/l\n*Babyvoeding",
    "brand": "SPA REINE",
    "seoBrand": "Spa Reine",
    "thumbNail": "https://static.colruytgroup.com/images/200x200/std.lang.all/92/48/asset-3349248.jpg",
    "fullImage": "https://static.colruytgroup.com/images/500x500/std.lang.all/92/48/asset-3349248.jpg",
    "squareImage": "https://static.colruytgroup.com/images/500x500sq/std.lang.all/92/48/asset-3349248.jpg",
    "content": "1L",
    "walkRouteSequenceNumber": 3889,
    "price": {
      "basicPrice": 0.731,
      "recommendedQuantity": "6.0",
      "measurementUnitPrice": 0.74,
      "measurementUnit": "L",
      "isRedPrice": false,
      "pricePerUOM": 0.74,
      "activationDate": "17-02-2024",
      "recordSource": "Offline",
      "isPromoActive": "N",
      "priceChangeCode": "E"
    },
    "isAvailable": true,
    "isPriceAvailable": true,
    "inPromo": false,
    "gtin": [
      "05410013101888",
      "05410013101703",
      "05410013101710",
      "05410013136064",
      "00084357101719"
    ],
    "topCategoryName": "Dranken",
    "topCategoryId": "354",
    "businessDomain": "RETAIL_BE",
    "IsPrivateLabel": false,
    "IsBiffe": false,
    "WeightconversionFactor": "0",
    "IsWeightArticle": false,
    "nutriscoreLabel": "A",
    "IsBio": false,
    "CountryOfOrigin": "BELGIË",
    "IsExclusivelySoldInLuxembourg": false,
    "OrderUnit": "P",
    "ShortName": "SPA REINE PET 1L",
    "IsNew": false,
    "RecentQuanityOfStockUnits": "6,1",
    "LongName": "SPA REINE Plat water 1L",
    "AlcoholVolume": "0",
    "FicCode": "E"
  },
  {
    "productId": "46274",
    "technicalArticleNumber": "2454887",
    "commercialArticleNumber": "1189",
    "name": "Iced Tea Peach niet-bruisend",
    "description": "*Smaak: perzik\n*Niet-bruisend",
    "brand": "BONI",
    "seoBrand": "Boni Selection",
    "thumbNail": "https://static.colruytgroup.com/images/200x200/std.lang.all/41/55/asset-3224155.jpg",
    "fullImage": "https://static.colruytgroup.com/images/500x500/std.lang.all/41/55/asset-3224155.jpg",
    "squareImage": "https://static.colruytgroup.com/images/500x500sq/std.lang.all/41/55/asset-3224155.jpg",
    "content": "1,5L",
    "walkRouteSequenceNumber": 3971,
    "price": {
      "basicPrice": 0.82,
      "recommendedQuantity": "6.0",
      "measurementUnitPrice": 0.55,
      "measurementUnit": "L",
      "isRedPrice": false,
      "pricePerUOM": 0.55,
      "activationDate": "16-03-2024",
      "recordSource": "Offline",
      "isPromoActive": "N",
      "priceChangeCode": "L"
    },
    "isAvailable": true,
    "isPriceAvailable": true,
    "inPromo": false,
    "gtin": [
      "05400141819243",
      "05400141011890",
      "15400141295129",
      "05400141205657",
      "05400141295122",
      "15400141038658",
      "05400141038651",
      "15400141819240"
    ],
    "topCategoryName": "Dranken",
    "topCategoryId": "354",
    "businessDomain": "RETAIL_BE",
    "IsPrivateLabel": true,
    "IsBiffe": false,
    "WeightconversionFactor": "0",
    "IsWeightArticle": false,
    "nutriscoreLabel": "D",
    "IsBio": false,
    "CountryOfOrigin": "DUITSLAND",
    "IsExclusivelySoldInLuxembourg": false,
    "OrderUnit": "P",
    "ShortName": "BONI ICE TEA PERZIK1.5L",
    "IsNew": false,
    "RecentQuanityOfStockUnits": "1,6,1",
    "LongName": "BONI Iced Tea Peach niet-bruisend 1,5L",
    "AlcoholVolume": "0",
    "FicCode": "I"
  },
  {
    "productId": "161628",
    "technicalArticleNumber": "3288694",
    "commercialArticleNumber": "43915",
    "name": "plat water",
    "description": "*Mineraal water\n*Niet-bruisend\n*Droogrest: 105 mg/l\n*Geschikt voor babyvoeding",
    "brand": "BONI",
    "seoBrand": "Boni Selection",
    "thumbNail": "https://static.colruytgroup.com/images/200x200/nl_be/89/52/asset-2778952.jpg",
    "fullImage": "https://static.colruytgroup.com/images/500x500/nl_be/89/52/asset-2778952.jpg",
    "squareImage": "https://static.colruytgroup.com/images/500x500sq/nl_be/89/52/asset-2778952.jpg",
    "content": "1L",
    "walkRouteSequenceNumber": 3939,
    "price": {
      "basicPrice": 0.47,
      "recommendedQuantity": "6.0",
      "measurementUnitPrice": 0.47,
      "measurementUnit": "L",
      "isRedPrice": false,
      "pricePerUOM": 0.47,
      "activationDate": "15-03-2024",
      "recordSource": "Offline",
      "isPromoActive": "N",
      "priceChangeCode": "H"
    },
    "isAvailable": true,
    "isPriceAvailable": true,
    "inPromo": false,
    "gtin": [
      "05400141420128",
      "15400141420125",
      "35400141420129",
      "15400141089766",
      "15400141295600",
      "05400141087727",
      "05400141089769",
      "05400141295603",
      "05400141087734"
    ],
    "topCategoryName": "Dranken",
    "topCategoryId": "354",
    "businessDomain": "RETAIL_BE",
    "IsPrivateLabel": true,
    "IsBiffe": false,
    "WeightconversionFactor": "0",
    "IsWeightArticle": false,
    "nutriscoreLabel": "A",
    "IsBio": false,
    "CountryOfOrigin": "ITALIË",
    "IsExclusivelySoldInLuxembourg": false,
    "OrderUnit": "P",
    "ShortName": "BONI PLAT WATER 1L",
    "IsNew": false,
    "RecentQuanityOfStockUnits": "1,6",
    "LongName": "BONI plat water 1L",
    "AlcoholVolume": "0",
    "FicCode": "I"
  },
  {
    "productId": "39844",
    "technicalArticleNumber": "1802414",
    "commercialArticleNumber": "5225",
    "name": "limonade Orange",
    "description": "*Smaak: sinaasappel\n*Bruisend\n*Met suiker",
    "brand": "EVERYDAY",
    "seoBrand": "Everyday",
    "thumbNail": "https://static.colruytgroup.com/images/200x200/std.lang.all/46/15/asset-2834615.jpg",
    "fullImage": "https://static.colruytgroup.com/images/500x500/std.lang.all/46/15/asset-2834615.jpg",
    "squareImage": "https://static.colruytgroup.com/images/500x500sq/std.lang.all/46/15/asset-2834615.jpg",
    "content": "1,5L",
    "walkRouteSequenceNumber": 3993,
    "price": {
      "basicPrice": 0.681,
      "recommendedQuantity": "6.0",
      "measurementUnitPrice": 0.455,
      "measurementUnit": "L",
      "isRedPrice": false,
      "pricePerUOM": 0.455,
      "activationDate": "21-02-2024",
      "recordSource": "Offline",
      "isPromoActive": "N",
      "priceChangeCode": "L"
    },
    "isAvailable": true,
    "isPriceAvailable": true,
    "inPromo": false,
    "gtin": [
      "15400141966272",
      "05400141086911",
      "05400141052251",
      "05400141015713"
    ],
    "topCategoryName": "Dranken",
    "topCategoryId": "354",
    "businessDomain": "RETAIL_BE",
    "IsPrivateLabel": true,
    "IsBiffe": false,
    "WeightconversionFactor": "0",
    "IsWeightArticle": false,
    "nutriscoreLabel": "E",
    "IsBio": false,
    "CountryOfOrigin": "FRANKRIJK",
    "IsExclusivelySoldInLuxembourg": false,
    "OrderUnit": "P",
    "ShortName": "EVD SINAAS LIMO SAP 1L5",
    "IsNew": false,
    "RecentQuanityOfStockUnits": "1,6",
    "LongName": "EVERYDAY limonade Orange 1,5L",
    "AlcoholVolume": "0",
    "FicCode": "I"
  },
  {
    "productId": "33296",
    "technicalArticleNumber": "1651905",
    "commercialArticleNumber": "5373",
    "name": "Regular Original Taste",
    "description": "*Bruisend\n*Bevat cafeïne",
    "brand": "COCA-COLA",
    "seoBrand": "Coca-Cola Original Taste",
    "thumbNail": "https://static.colruytgroup.com/images/200x200/std.lang.all/24/04/asset-3182404.jpg",
    "fullImage": "https://static.colruytgroup.com/images/500x500/std.lang.all/24/04/asset-3182404.jpg",
    "squareImage": "https://static.colruytgroup.com/images/500x500sq/std.lang.all/24/04/asset-3182404.jpg",
    "content": "1L",
    "walkRouteSequenceNumber": 4250,
    "price": {
      "basicPrice": 1.78,
      "recommendedQuantity": "6.0",
      "measurementUnitPrice": 1.78,
      "measurementUnit": "L",
      "isRedPrice": false,
      "pricePerUOM": 1.78,
      "activationDate": "23-03-2024",
      "recordSource": "Offline",
      "isPromoActive": "N",
      "priceChangeCode": "H"
    },
    "isAvailable": true,
    "isPriceAvailable": true,
    "inPromo": false,
    "gtin": [
      "05449000053060",
      "05449000054227",
      "03383260011403"
    ],
    "topCategoryName": "Dranken",
    "topCategoryId": "354",
    "businessDomain": "RETAIL_BE",
    "IsPrivateLabel": false,
    "IsBiffe": false,
    "WeightconversionFactor": "0",
    "IsWeightArticle": false,
    "nutriscoreLabel": "E",
    "IsBio": false,
    "CountryOfOrigin": "BELGIË",
    "IsExclusivelySoldInLuxembourg": false,
    "OrderUnit": "P",
    "ShortName": "COCA REGULAR 1L",
    "IsNew": false,
    "RecentQuanityOfStockUnits": "1,6",
    "LongName": "COCA-COLA Regular Original Taste 1L",
    "AlcoholVolume": "0",
    "FicCode": "E"
  },
  {
    "productId": "11170",
    "technicalArticleNumber": "1350960",
    "commercialArticleNumber": "5405",
    "name": "Regular Original Taste",
    "description": "*Bruisend\n*Bevat cafeïne",
    "brand": "COCA-COLA",
    "seoBrand": "Coca-Cola Original Taste",
    "thumbNail": "https://static.colruytgroup.com/images/200x200/std.lang.all/90/15/asset-3209015.jpg",
    "fullImage": "https://static.colruytgroup.com/images/500x500/std.lang.all/90/15/asset-3209015.jpg",
    "squareImage": "https://static.colruytgroup.com/images/500x500sq/std.lang.all/90/15/asset-3209015.jpg",
    "content": "50cl",
    "walkRouteSequenceNumber": 4251,
    "price": {
      "basicPrice": 1.24,
      "recommendedQuantity": "8.0",
      "measurementUnitPrice": 2.48,
      "measurementUnit": "L",
      "isRedPrice": false,
      "pricePerUOM": 2.48,
      "activationDate": "20-02-2024",
      "recordSource": "Offline",
      "isPromoActive": "N",
      "priceChangeCode": "E"
    },
    "isAvailable": true,
    "isPriceAvailable": true,
    "inPromo": false,
    "gtin": [
      "00000054491472",
      "05449000021199",
      "05449000175878",
      "05449000645951",
      "05449000977007",
      "05449000175885"
    ],
    "topCategoryName": "Dranken",
    "topCategoryId": "354",
    "businessDomain": "RETAIL_BE",
    "IsPrivateLabel": false,
    "IsBiffe": false,
    "WeightconversionFactor": "0",
    "IsWeightArticle": false,
    "nutriscoreLabel": "E",
    "IsBio": false,
    "CountryOfOrigin": "BELGIË",
    "IsExclusivelySoldInLuxembourg": false,
    "OrderUnit": "P",
    "ShortName": "COCA REGULAR 50CL",
    "IsNew": false,
    "RecentQuanityOfStockUnits": "8,24,1",
    "LongName": "COCA-COLA Regular Original Taste 50cl",
    "AlcoholVolume": "0",
    "FicCode": "E"
  },
  {
    "productId": "320578",
    "technicalArticleNumber": "3765103",
    "commercialArticleNumber": "16163",
    "name": "plat water",
    "description": "*Mineraalwater\n*Niet-bruisend\n*Droogrest: 309 mg/l\n*Babyvoeding",
    "brand": "EVIAN",
    "seoBrand": "Evian",
    "thumbNail": "https://static.colruytgroup.com/images/200x200/std.lang.all/63/31/asset-1336331.jpg",
    "fullImage": "https://static.colruytgroup.com/images/500x500/std.lang.all/63/31/asset-1336331.jpg",
    "squareImage": "https://static.colruytgroup.com/images/500x500sq/std.lang.all/63/31/asset-1336331.jpg",
    "content": "1,5L",
    "walkRouteSequenceNumber": 3982,
    "price": {
      "basicPrice": 0.881,
      "recommendedQuantity": "6.0",
      "measurementUnitPrice": 0.59,
      "measurementUnit": "L",
      "isRedPrice": false,
      "pricePerUOM": 0.59,
      "activationDate": "13-03-2024",
      "recordSource": "Offline",
      "isPromoActive": "N",
      "priceChangeCode": "L"
    },
    "isAvailable": true,
    "isPriceAvailable": true,
    "inPromo": false,
    "gtin": [
      "03068320110578",
      "03068320120263",
      "03068320120348",
      "03068320120355",
      "03068320120256"
    ],
    "topCategoryName": "Dranken",
    "topCategoryId": "354",
    "businessDomain": "RETAIL_BE",
    "IsPrivateLabel": false,
    "IsBiffe": false,
    "WeightconversionFactor": "0",
    "IsWeightArticle": false,
    "nutriscoreLabel": "A",
    "IsBio": false,
    "CountryOfOrigin": "FRANKRIJK",
    "IsExclusivelySoldInLuxembourg": false,
    "OrderUnit": "P",
    "ShortName": "EVIA PLAT WATER 1.5L",
    "IsNew": false,
    "RecentQuanityOfStockUnits": "6,1",
    "LongName": "EVIAN plat water 1,5L",
    "AlcoholVolume": "0",
    "FicCode": "E"
  },
  {
    "productId": "69485",
    "technicalArticleNumber": "2775636",
    "commercialArticleNumber": "31668",
    "name": "bier blond 8,5%",
    "description": "*Sterk blond bier\n*8,5 % vol\n*Nagisting op fles",
    "brand": "DUVEL",
    "seoBrand": "Duvel",
    "thumbNail": "https://static.colruytgroup.com/images/200x200/std.lang.all/03/70/asset-3160370.jpg",
    "fullImage": "https://static.colruytgroup.com/images/500x500/std.lang.all/03/70/asset-3160370.jpg",
    "squareImage": "https://static.colruytgroup.com/images/500x500sq/std.lang.all/03/70/asset-3160370.jpg",
    "content": "8x33cl",
    "walkRouteSequenceNumber": 3951,
    "price": {
      "basicPrice": 11.58,
      "recommendedQuantity": "1.0",
      "measurementUnitPrice": 4.39,
      "measurementUnit": "L",
      "isRedPrice": false,
      "pricePerUOM": 4.39,
      "activationDate": "13-03-2024",
      "recordSource": "Offline",
      "isPromoActive": "N",
      "priceChangeCode": "E"
    },
    "isAvailable": true,
    "isPriceAvailable": true,
    "inPromo": false,
    "gtin": [
      "05400141015669"
    ],
    "topCategoryName": "Dranken",
    "topCategoryId": "354",
    "businessDomain": "RETAIL_BE",
    "IsPrivateLabel": false,
    "IsBiffe": false,
    "WeightconversionFactor": "0",
    "IsWeightArticle": false,
    "IsBio": false,
    "CountryOfOrigin": "BELGIË",
    "IsExclusivelySoldInLuxembourg": false,
    "OrderUnit": "P",
    "ShortName": "DUVE 8.5% SHRINK 8X33CL",
    "IsNew": false,
    "EcoscoreLabel": "D",
    "RecentQuanityOfStockUnits": "1",
    "LongName": "DUVEL bier blond 8,5% 8x33cl",
    "AlcoholVolume": "8.5",
    "FicCode": "I",
    "DepositValue": [
      0.8
    ],
    "EcoscoreValue": "37"
  },
  {
    "productId": "10212",
    "technicalArticleNumber": "1147478",
    "commercialArticleNumber": "5341",
    "name": "4,4% blik",
    "description": "*Pilsbier\n*4,4 % vol",
    "brand": "CARA PILS",
    "seoBrand": "Cara Pils",
    "thumbNail": "https://static.colruytgroup.com/images/200x200/std.lang.all/93/34/asset-2099334.jpg",
    "fullImage": "https://static.colruytgroup.com/images/500x500/std.lang.all/93/34/asset-2099334.jpg",
    "squareImage": "https://static.colruytgroup.com/images/500x500sq/std.lang.all/93/34/asset-2099334.jpg",
    "content": "50cl",
    "walkRouteSequenceNumber": 3879,
    "price": {
      "basicPrice": 0.457,
      "recommendedQuantity": "24.0",
      "measurementUnitPrice": 0.92,
      "measurementUnit": "L",
      "isRedPrice": false,
      "pricePerUOM": 0.92,
      "activationDate": "19-03-2024",
      "recordSource": "Offline",
      "isPromoActive": "N",
      "priceChangeCode": "L"
    },
    "isAvailable": true,
    "isPriceAvailable": true,
    "inPromo": false,
    "gtin": [
      "05400141266894",
      "15400141030133",
      "15400141266891",
      "05400141030136",
      "05400141080339"
    ],
    "topCategoryName": "Dranken",
    "topCategoryId": "354",
    "businessDomain": "RETAIL_BE",
    "IsPrivateLabel": true,
    "IsBiffe": false,
    "WeightconversionFactor": "0",
    "IsWeightArticle": false,
    "IsBio": false,
    "CountryOfOrigin": "BELGIË",
    "IsExclusivelySoldInLuxembourg": false,
    "OrderUnit": "P",
    "ShortName": "CARA PILS BLIK 50CL",
    "IsNew": false,
    "EcoscoreLabel": "B",
    "RecentQuanityOfStockUnits": "1,24",
    "LongName": "CARA PILS 4,4% blik 50cl",
    "AlcoholVolume": "4.4",
    "FicCode": "I",
    "EcoscoreValue": "67"
  },
  {
    "productId": "584813",
    "technicalArticleNumber": "4240163",
    "commercialArticleNumber": "19308",
    "name": "Pils 5,2% blik",
    "description": "*Pilsbier\n*5,2 % vol",
    "brand": "JUPILER",
    "seoBrand": "Jupiler",
    "thumbNail": "https://static.colruytgroup.com/images/200x200/std.lang.all/35/58/asset-2033558.jpg",
    "fullImage": "https://static.colruytgroup.com/images/500x500/std.lang.all/35/58/asset-2033558.jpg",
    "squareImage": "https://static.colruytgroup.com/images/500x500sq/std.lang.all/35/58/asset-2033558.jpg",
    "content": "35,5cl",
    "walkRouteSequenceNumber": 3884,
    "price": {
      "basicPrice": 0.986,
      "recommendedQuantity": "15.0",
      "measurementUnitPrice": 2.78,
      "measurementUnit": "L",
      "isRedPrice": false,
      "pricePerUOM": 2.78,
      "activationDate": "04-03-2024",
      "recordSource": "Offline",
      "isPromoActive": "N",
      "priceChangeCode": "H"
    },
    "isAvailable": true,
    "isPriceAvailable": true,
    "inPromo": false,
    "gtin": [
      "05410228269946",
      "05410228279907",
      "05410228269861",
      "05410228279914",
      "05410228269922",
      "05410228269779",
      "05410228269809"
    ],
    "topCategoryName": "Dranken",
    "topCategoryId": "354",
    "businessDomain": "RETAIL_BE",
    "IsPrivateLabel": false,
    "IsBiffe": false,
    "WeightconversionFactor": "0",
    "IsWeightArticle": false,
    "IsBio": false,
    "CountryOfOrigin": "BELGIË",
    "IsExclusivelySoldInLuxembourg": false,
    "OrderUnit": "P",
    "ShortName": "JUPI PILS BLIK 35.5CL",
    "IsNew": false,
    "RecentQuanityOfStockUnits": "1,15,30",
    "LongName": "JUPILER Pils 5,2% blik 35,5cl",
    "AlcoholVolume": "5.2",
    "FicCode": "E"
  },
  {
    "productId": "2603",
    "technicalArticleNumber": "1100356",
    "commercialArticleNumber": "5661",
    "name": "chocomelk brik",
    "description": "*Halfvolle melk\n*België",
    "brand": "CÉCÉMEL",
    "seoBrand": "Cécémel",
    "thumbNail": "https://static.colruytgroup.com/images/200x200/nl_be/06/56/asset-2400656.jpg",
    "fullImage": "https://static.colruytgroup.com/images/500x500/nl_be/06/56/asset-2400656.jpg",
    "squareImage": "https://static.colruytgroup.com/images/500x500sq/nl_be/06/56/asset-2400656.jpg",
    "content": "6x20cl",
    "walkRouteSequenceNumber": 6360,
    "price": {
      "basicPrice": 2.49,
      "recommendedQuantity": "1.0",
      "measurementUnitPrice": 2.08,
      "measurementUnit": "L",
      "isRedPrice": false,
      "pricePerUOM": 2.08,
      "activationDate": "14-03-2024",
      "recordSource": "Offline",
      "isPromoActive": "N",
      "priceChangeCode": "E"
    },
    "isAvailable": true,
    "isPriceAvailable": true,
    "inPromo": false,
    "gtin": [
      "05414150042783",
      "05414150215255"
    ],
    "topCategoryName": "Zuivel",
    "topCategoryId": "65",
    "businessDomain": "RETAIL_BE",
    "IsPrivateLabel": false,
    "IsBiffe": false,
    "WeightconversionFactor": "0",
    "IsWeightArticle": false,
    "nutriscoreLabel": "E",
    "IsBio": false,
    "CountryOfOrigin": "DUITSLAND",
    "IsExclusivelySoldInLuxembourg": false,
    "OrderUnit": "P",
    "ShortName": "CECEMEL DE ECHTE 6X20CL",
    "IsNew": false,
    "EcoscoreLabel": "B",
    "RecentQuanityOfStockUnits": "1,5",
    "LongName": "CÉCÉMEL chocomelk brik 6x20cl",
    "AlcoholVolume": "0",
    "FicCode": "E",
    "EcoscoreValue": "71"
  },
  {
    "productId": "443",
    "technicalArticleNumber": "5169",
    "commercialArticleNumber": "5169",
    "name": "Pils 5,2% blik",
    "description": "*Pilsbier\n*5,2 % vol",
    "brand": "JUPILER",
    "seoBrand": "Jupiler",
    "thumbNail": "https://static.colruytgroup.com/images/200x200/std.lang.all/67/35/asset-2416735.jpg",
    "fullImage": "https://static.colruytgroup.com/images/500x500/std.lang.all/67/35/asset-2416735.jpg",
    "squareImage": "https://static.colruytgroup.com/images/500x500sq/std.lang.all/67/35/asset-2416735.jpg",
    "content": "50cl",
    "walkRouteSequenceNumber": 3896,
    "price": {
      "basicPrice": 1.14,
      "recommendedQuantity": "8.0",
      "measurementUnitPrice": 2.28,
      "measurementUnit": "L",
      "isRedPrice": false,
      "pricePerUOM": 2.28,
      "activationDate": "08-03-2024",
      "recordSource": "Offline",
      "isPromoActive": "N",
      "priceChangeCode": "H"
    },
    "isAvailable": true,
    "isPriceAvailable": true,
    "inPromo": false,
    "gtin": [
      "05410228121169",
      "05410228203223",
      "05410228203261",
      "05410228202523",
      "05410228202530"
    ],
    "topCategoryName": "Dranken",
    "topCategoryId": "354",
    "businessDomain": "RETAIL_BE",
    "IsPrivateLabel": false,
    "IsBiffe": false,
    "WeightconversionFactor": "0",
    "IsWeightArticle": false,
    "IsBio": false,
    "CountryOfOrigin": "BELGIË",
    "IsExclusivelySoldInLuxembourg": false,
    "OrderUnit": "P",
    "ShortName": "JUPI PILS BLIK 50CL",
    "IsNew": false,
    "RecentQuanityOfStockUnits": "8,1,24",
    "LongName": "JUPILER Pils 5,2% blik 50cl",
    "AlcoholVolume": "5.2",
    "FicCode": "E"
  },
  {
    "productId": "160887",
    "technicalArticleNumber": "3276200",
    "commercialArticleNumber": "44474",
    "name": "Orange",
    "description": "*Smaak: sinaasappel\n*Bruisend",
    "brand": "FANTA",
    "seoBrand": "Fanta",
    "thumbNail": "https://static.colruytgroup.com/images/200x200/std.lang.all/92/23/asset-1279223.jpg",
    "fullImage": "https://static.colruytgroup.com/images/500x500/std.lang.all/92/23/asset-1279223.jpg",
    "squareImage": "https://static.colruytgroup.com/images/500x500sq/std.lang.all/92/23/asset-1279223.jpg",
    "content": "1,5L",
    "walkRouteSequenceNumber": 4208,
    "price": {
      "basicPrice": 1.87,
      "recommendedQuantity": "6.0",
      "measurementUnitPrice": 1.25,
      "measurementUnit": "L",
      "isRedPrice": false,
      "pricePerUOM": 1.25,
      "activationDate": "14-03-2024",
      "recordSource": "Offline",
      "isPromoActive": "N",
      "priceChangeCode": "E"
    },
    "isAvailable": true,
    "isPriceAvailable": true,
    "inPromo": false,
    "gtin": [
      "05449000022042",
      "05449000053527",
      "05449000672100",
      "05449000052926"
    ],
    "topCategoryName": "Dranken",
    "topCategoryId": "354",
    "businessDomain": "RETAIL_BE",
    "IsPrivateLabel": false,
    "IsBiffe": false,
    "WeightconversionFactor": "0",
    "IsWeightArticle": false,
    "nutriscoreLabel": "E",
    "IsBio": false,
    "CountryOfOrigin": "BELGIË",
    "IsExclusivelySoldInLuxembourg": false,
    "OrderUnit": "P",
    "ShortName": "FANTA ORANGE 1L5",
    "IsNew": false,
    "RecentQuanityOfStockUnits": "1,6,660",
    "LongName": "FANTA Orange 1,5L",
    "AlcoholVolume": "0",
    "FicCode": "E"
  },
  {
    "productId": "26410",
    "technicalArticleNumber": "2235559",
    "commercialArticleNumber": "4393",
    "name": "Halfvolle melk PET",
    "description": "*Halfvolle melk\n*België",
    "brand": "CAMPINA",
    "seoBrand": "Campina",
    "thumbNail": "https://static.colruytgroup.com/images/200x200/nl_be/82/39/asset-3388239.jpg",
    "fullImage": "https://static.colruytgroup.com/images/500x500/nl_be/82/39/asset-3388239.jpg",
    "squareImage": "https://static.colruytgroup.com/images/500x500sq/nl_be/82/39/asset-3388239.jpg",
    "content": "50cl",
    "walkRouteSequenceNumber": 6267,
    "price": {
      "basicPrice": 0.89,
      "recommendedQuantity": "6.0",
      "measurementUnitPrice": 1.78,
      "measurementUnit": "L",
      "isRedPrice": false,
      "pricePerUOM": 1.78,
      "activationDate": "02-02-2024",
      "recordSource": "Offline",
      "isPromoActive": "N",
      "priceChangeCode": "E"
    },
    "isAvailable": true,
    "isPriceAvailable": true,
    "inPromo": false,
    "gtin": [
      "05410438027435",
      "05410438026322",
      "05410438026360",
      "05410438001633",
      "05410438046498"
    ],
    "topCategoryName": "Zuivel",
    "topCategoryId": "65",
    "businessDomain": "RETAIL_BE",
    "IsPrivateLabel": false,
    "IsBiffe": false,
    "WeightconversionFactor": "0",
    "IsWeightArticle": false,
    "nutriscoreLabel": "A",
    "IsBio": false,
    "CountryOfOrigin": "BELGIË",
    "IsExclusivelySoldInLuxembourg": false,
    "OrderUnit": "P",
    "ShortName": "CAMP HV MELK PET 50CL",
    "IsNew": false,
    "EcoscoreLabel": "B",
    "RecentQuanityOfStockUnits": "24,1,6",
    "LongName": "CAMPINA Halfvolle melk PET 50cl",
    "AlcoholVolume": "0",
    "FicCode": "E",
    "EcoscoreValue": "69"
  },
  {
    "productId": "6109",
    "technicalArticleNumber": "1161562",
    "commercialArticleNumber": "5671",
    "name": "Halfvolle melk brik",
    "description": "*Halfvolle melk\n*België",
    "brand": "BONI BIO",
    "seoBrand": "Boni Selection Bio",
    "thumbNail": "https://static.colruytgroup.com/images/200x200/std.lang.all/83/76/asset-3028376.jpg",
    "fullImage": "https://static.colruytgroup.com/images/500x500/std.lang.all/83/76/asset-3028376.jpg",
    "squareImage": "https://static.colruytgroup.com/images/500x500sq/std.lang.all/83/76/asset-3028376.jpg",
    "content": "1L",
    "walkRouteSequenceNumber": 6248,
    "price": {
      "basicPrice": 1.29,
      "recommendedQuantity": "1.0",
      "measurementUnitPrice": 1.29,
      "measurementUnit": "L",
      "isRedPrice": false,
      "pricePerUOM": 1.29,
      "activationDate": "12-03-2024",
      "recordSource": "Offline",
      "isPromoActive": "N",
      "priceChangeCode": "E"
    },
    "isAvailable": true,
    "isPriceAvailable": true,
    "inPromo": false,
    "gtin": [
      "05400141056716",
      "05400141219746",
      "05400141354355",
      "15400141354352",
      "15400141894285"
    ],
    "topCategoryName": "Zuivel",
    "topCategoryId": "65",
    "businessDomain": "RETAIL_BE",
    "IsPrivateLabel": true,
    "IsBiffe": false,
    "WeightconversionFactor": "0",
    "IsWeightArticle": false,
    "nutriscoreLabel": "B",
    "IsBio": true,
    "CountryOfOrigin": "BELGIË",
    "IsExclusivelySoldInLuxembourg": false,
    "OrderUnit": "P",
    "ShortName": "BS BIO HV.MELK BRIK 1L",
    "IsNew": false,
    "EcoscoreLabel": "A",
    "RecentQuanityOfStockUnits": "1,6",
    "LongName": "BONI BIO Halfvolle melk brik 1L",
    "AlcoholVolume": "0",
    "FicCode": "I",
    "EcoscoreValue": "81"
  },
  {
    "productId": "402",
    "technicalArticleNumber": "5350",
    "commercialArticleNumber": "5350",
    "name": "Ice Tea Original bruisend",
    "description": "*Ice tea\n*Zwarte theesmaak\n*Sparkling\n*Ijs thee\n*Soft drink",
    "brand": "LIPTON",
    "seoBrand": "Lipton",
    "thumbNail": "https://static.colruytgroup.com/images/200x200/std.lang.all/06/79/asset-3120679.jpg",
    "fullImage": "https://static.colruytgroup.com/images/500x500/std.lang.all/06/79/asset-3120679.jpg",
    "squareImage": "https://static.colruytgroup.com/images/500x500sq/std.lang.all/06/79/asset-3120679.jpg",
    "content": "33cl",
    "walkRouteSequenceNumber": 3986,
    "price": {
      "basicPrice": 0.681,
      "recommendedQuantity": "15.0",
      "measurementUnitPrice": 2.07,
      "measurementUnit": "L",
      "isRedPrice": false,
      "pricePerUOM": 2.07,
      "activationDate": "26-02-2024",
      "recordSource": "Offline",
      "isPromoActive": "N",
      "priceChangeCode": "H"
    },
    "isAvailable": true,
    "isPriceAvailable": true,
    "inPromo": false,
    "gtin": [
      "08711327518087",
      "08711327518209",
      "08711327574571",
      "08711327574755",
      "08711327574557",
      "08712100557163",
      "08712100680724",
      "08712100680748",
      "08712100987731",
      "08717163936795",
      "08717163936832",
      "08717163937327",
      "08717163940419",
      "08711327574816",
      "08711327574625"
    ],
    "topCategoryName": "Dranken",
    "topCategoryId": "354",
    "businessDomain": "RETAIL_BE",
    "IsPrivateLabel": false,
    "IsBiffe": false,
    "WeightconversionFactor": "0",
    "IsWeightArticle": false,
    "nutriscoreLabel": "D",
    "IsBio": false,
    "CountryOfOrigin": "NEDERLAND",
    "IsExclusivelySoldInLuxembourg": false,
    "OrderUnit": "P",
    "ShortName": "LIPTON ICE TEA 33 CL",
    "IsNew": false,
    "RecentQuanityOfStockUnits": "30,30,1,15",
    "LongName": "LIPTON Ice Tea Original bruisend 33cl",
    "AlcoholVolume": "0",
    "FicCode": "E"
  },
  {
    "productId": "467623",
    "technicalArticleNumber": "4066796",
    "commercialArticleNumber": "1651",
    "name": "volle melk PET",
    "brand": "BONI",
    "seoBrand": "Boni Selection",
    "thumbNail": "https://static.colruytgroup.com/images/200x200/nl_be/83/59/asset-3028359.jpg",
    "fullImage": "https://static.colruytgroup.com/images/500x500/nl_be/83/59/asset-3028359.jpg",
    "squareImage": "https://static.colruytgroup.com/images/500x500sq/nl_be/83/59/asset-3028359.jpg",
    "content": "1L",
    "walkRouteSequenceNumber": 6255,
    "price": {
      "basicPrice": 1.16,
      "recommendedQuantity": "1.0",
      "measurementUnitPrice": 1.16,
      "measurementUnit": "L",
      "isRedPrice": false,
      "pricePerUOM": 1.16,
      "activationDate": "12-03-2024",
      "recordSource": "Offline",
      "isPromoActive": "N",
      "priceChangeCode": "E"
    },
    "isAvailable": true,
    "isPriceAvailable": true,
    "inPromo": false,
    "gtin": [
      "05400141269574",
      "15400141269571",
      "35400141269575"
    ],
    "topCategoryName": "Zuivel",
    "topCategoryId": "65",
    "businessDomain": "RETAIL_BE",
    "IsPrivateLabel": true,
    "IsBiffe": false,
    "WeightconversionFactor": "0",
    "IsWeightArticle": false,
    "nutriscoreLabel": "C",
    "IsBio": false,
    "CountryOfOrigin": "BELGIË",
    "IsExclusivelySoldInLuxembourg": false,
    "OrderUnit": "P",
    "ShortName": "BONI VOLLE MELK 1L",
    "IsNew": false,
    "EcoscoreLabel": "C",
    "RecentQuanityOfStockUnits": "1,6",
    "LongName": "BONI volle melk PET 1L",
    "FicCode": "I",
    "EcoscoreValue": "59"
  },
  {
    "productId": "39113",
    "technicalArticleNumber": "1849511",
    "commercialArticleNumber": "5017",
    "name": "Zero Sugar",
    "description": "*Bruisend\n*Met zoetstoffen\n*Bevat cafeïne",
    "brand": "COCA-COLA",
    "seoBrand": "Coca-Cola Zero Sugar",
    "thumbNail": "https://static.colruytgroup.com/images/200x200/std.lang.all/90/18/asset-3209018.jpg",
    "fullImage": "https://static.colruytgroup.com/images/500x500/std.lang.all/90/18/asset-3209018.jpg",
    "squareImage": "https://static.colruytgroup.com/images/500x500sq/std.lang.all/90/18/asset-3209018.jpg",
    "content": "50cl",
    "walkRouteSequenceNumber": 4325,
    "price": {
      "basicPrice": 1.29,
      "recommendedQuantity": "8.0",
      "measurementUnitPrice": 2.58,
      "measurementUnit": "L",
      "isRedPrice": false,
      "pricePerUOM": 2.58,
      "activationDate": "20-02-2024",
      "recordSource": "Offline",
      "isPromoActive": "N",
      "priceChangeCode": "E"
    },
    "isAvailable": true,
    "isPriceAvailable": true,
    "inPromo": false,
    "gtin": [
      "05449000645982",
      "05449000134554",
      "05449000131836",
      "05449000175908",
      "05449000060860"
    ],
    "topCategoryName": "Dranken",
    "topCategoryId": "354",
    "businessDomain": "RETAIL_BE",
    "IsPrivateLabel": false,
    "IsBiffe": false,
    "WeightconversionFactor": "0",
    "IsWeightArticle": false,
    "nutriscoreLabel": "C",
    "IsBio": false,
    "CountryOfOrigin": "BELGIË",
    "IsExclusivelySoldInLuxembourg": false,
    "OrderUnit": "P",
    "ShortName": "COCA COLA ZERO 50CL",
    "IsNew": false,
    "RecentQuanityOfStockUnits": "24,8,1",
    "LongName": "COCA-COLA Zero Sugar 50cl",
    "AlcoholVolume": "0",
    "FicCode": "E"
  },
  {
    "productId": "467601",
    "technicalArticleNumber": "4066774",
    "commercialArticleNumber": "1634",
    "name": "volle melk",
    "brand": "BONI",
    "seoBrand": "Boni Selection",
    "thumbNail": "https://static.colruytgroup.com/images/200x200/nl_be/98/97/asset-3209897.jpg",
    "fullImage": "https://static.colruytgroup.com/images/500x500/nl_be/98/97/asset-3209897.jpg",
    "squareImage": "https://static.colruytgroup.com/images/500x500sq/nl_be/98/97/asset-3209897.jpg",
    "content": "50cl",
    "walkRouteSequenceNumber": 6254,
    "price": {
      "basicPrice": 0.69,
      "recommendedQuantity": "1.0",
      "measurementUnitPrice": 1.38,
      "measurementUnit": "L",
      "isRedPrice": false,
      "pricePerUOM": 1.38,
      "activationDate": "19-03-2024",
      "recordSource": "Offline",
      "isPromoActive": "N",
      "priceChangeCode": "E"
    },
    "isAvailable": true,
    "isPriceAvailable": true,
    "inPromo": false,
    "gtin": [
      "15400141269564",
      "05400141269567"
    ],
    "topCategoryName": "Zuivel",
    "topCategoryId": "65",
    "businessDomain": "RETAIL_BE",
    "IsPrivateLabel": true,
    "IsBiffe": false,
    "WeightconversionFactor": "0",
    "IsWeightArticle": false,
    "nutriscoreLabel": "C",
    "IsBio": false,
    "CountryOfOrigin": "BELGIË",
    "IsExclusivelySoldInLuxembourg": false,
    "OrderUnit": "P",
    "ShortName": "BONI VOL MELK 50CL",
    "IsNew": false,
    "EcoscoreLabel": "B",
    "RecentQuanityOfStockUnits": "1,6",
    "LongName": "BONI volle melk 50cl",
    "FicCode": "I",
    "EcoscoreValue": "68"
  },
  {
    "productId": "562",
    "technicalArticleNumber": "5383",
    "commercialArticleNumber": "5383",
    "name": "4,4% blik",
    "description": "*Pilsbier\n*4,4 % vol",
    "brand": "CARA PILS",
    "seoBrand": "Cara Pils",
    "thumbNail": "https://static.colruytgroup.com/images/200x200/std.lang.all/99/86/asset-2079986.jpg",
    "fullImage": "https://static.colruytgroup.com/images/500x500/std.lang.all/99/86/asset-2079986.jpg",
    "squareImage": "https://static.colruytgroup.com/images/500x500sq/std.lang.all/99/86/asset-2079986.jpg",
    "content": "33cl",
    "walkRouteSequenceNumber": 3878,
    "price": {
      "basicPrice": 0.387,
      "recommendedQuantity": "24.0",
      "measurementUnitPrice": 1.18,
      "measurementUnit": "L",
      "isRedPrice": false,
      "pricePerUOM": 1.18,
      "activationDate": "22-03-2024",
      "recordSource": "Offline",
      "isPromoActive": "N",
      "priceChangeCode": "E"
    },
    "isAvailable": true,
    "isPriceAvailable": true,
    "inPromo": false,
    "gtin": [
      "05400141005813",
      "05400141030129",
      "05400141053838",
      "05400141080360",
      "05400141087246",
      "05400141267105",
      "15400141030126",
      "15400141267102"
    ],
    "topCategoryName": "Dranken",
    "topCategoryId": "354",
    "businessDomain": "RETAIL_BE",
    "IsPrivateLabel": true,
    "IsBiffe": false,
    "WeightconversionFactor": "0",
    "IsWeightArticle": false,
    "IsBio": false,
    "CountryOfOrigin": "BELGIË",
    "IsExclusivelySoldInLuxembourg": false,
    "OrderUnit": "P",
    "ShortName": "CARA PILS BLIK 33CL",
    "IsNew": false,
    "EcoscoreLabel": "B",
    "RecentQuanityOfStockUnits": "24,1",
    "LongName": "CARA PILS 4,4% blik 33cl",
    "AlcoholVolume": "4.4",
    "FicCode": "I",
    "EcoscoreValue": "67"
  },
  {
    "productId": "54353",
    "technicalArticleNumber": "2157867",
    "commercialArticleNumber": "5019",
    "name": "Zero Sugar",
    "description": "*Bruisend\n*Met zoetstoffen\n*Bevat cafeïne",
    "brand": "COCA-COLA",
    "seoBrand": "Coca-Cola Zero Sugar",
    "thumbNail": "https://static.colruytgroup.com/images/200x200/std.lang.all/24/05/asset-3182405.jpg",
    "fullImage": "https://static.colruytgroup.com/images/500x500/std.lang.all/24/05/asset-3182405.jpg",
    "squareImage": "https://static.colruytgroup.com/images/500x500sq/std.lang.all/24/05/asset-3182405.jpg",
    "content": "1L",
    "walkRouteSequenceNumber": 4354,
    "price": {
      "basicPrice": 1.83,
      "recommendedQuantity": "6.0",
      "measurementUnitPrice": 1.83,
      "measurementUnit": "L",
      "isRedPrice": false,
      "pricePerUOM": 1.83,
      "activationDate": "29-02-2024",
      "recordSource": "Offline",
      "isPromoActive": "N",
      "priceChangeCode": "E"
    },
    "isAvailable": true,
    "isPriceAvailable": true,
    "inPromo": false,
    "gtin": [
      "05449000141187",
      "05449000133328"
    ],
    "topCategoryName": "Dranken",
    "topCategoryId": "354",
    "businessDomain": "RETAIL_BE",
    "IsPrivateLabel": false,
    "IsBiffe": false,
    "WeightconversionFactor": "0",
    "IsWeightArticle": false,
    "nutriscoreLabel": "C",
    "IsBio": false,
    "CountryOfOrigin": "BELGIË",
    "IsExclusivelySoldInLuxembourg": false,
    "OrderUnit": "P",
    "ShortName": "COCA ZERO 1L",
    "IsNew": false,
    "RecentQuanityOfStockUnits": "1,6",
    "LongName": "COCA-COLA Zero Sugar 1L",
    "AlcoholVolume": "0",
    "FicCode": "E"
  },
  {
    "productId": "423415",
    "technicalArticleNumber": "3933753",
    "commercialArticleNumber": "1064",
    "name": "Ice Tea Original bruisend",
    "description": "*Ice tea\n*Perziksmaak\n*Sparkling\n*Ijs thee\n*Soft drink",
    "brand": "LIPTON",
    "seoBrand": "Lipton",
    "thumbNail": "https://static.colruytgroup.com/images/200x200/nl_be/99/74/asset-2059974.jpg",
    "fullImage": "https://static.colruytgroup.com/images/500x500/nl_be/99/74/asset-2059974.jpg",
    "squareImage": "https://static.colruytgroup.com/images/500x500sq/nl_be/99/74/asset-2059974.jpg",
    "content": "1,5L",
    "walkRouteSequenceNumber": 4207,
    "price": {
      "basicPrice": 1.88,
      "recommendedQuantity": "8.0",
      "measurementUnitPrice": 1.26,
      "measurementUnit": "L",
      "isRedPrice": false,
      "pricePerUOM": 1.26,
      "activationDate": "13-03-2024",
      "recordSource": "Offline",
      "isPromoActive": "N",
      "priceChangeCode": "H"
    },
    "isAvailable": true,
    "isPriceAvailable": true,
    "inPromo": false,
    "gtin": [
      "08711327574656",
      "08712100239786",
      "08712100721892",
      "08710604776059",
      "08710522825778",
      "08711327574564"
    ],
    "topCategoryName": "Dranken",
    "topCategoryId": "354",
    "businessDomain": "RETAIL_BE",
    "IsPrivateLabel": false,
    "IsBiffe": false,
    "WeightconversionFactor": "0",
    "IsWeightArticle": false,
    "nutriscoreLabel": "D",
    "IsBio": false,
    "CountryOfOrigin": "BELGIË",
    "IsExclusivelySoldInLuxembourg": false,
    "OrderUnit": "P",
    "ShortName": "LIPT ICE TEA 1.5L",
    "InSeason": true,
    "IsNew": false,
    "RecentQuanityOfStockUnits": "8,1",
    "LongName": "LIPTON Ice Tea Original bruisend 1,5L",
    "AlcoholVolume": "0",
    "StartSeasonDate": "02/05/2022",
    "FicCode": "E"
  },
  {
    "productId": "189955",
    "technicalArticleNumber": "3465895",
    "commercialArticleNumber": "15619",
    "name": "sinaasappelsap PET",
    "description": "*Sinaasappelsap\n*Uit sapconcentraat\n*Met 100 % vruchten\n*Zonder pulp",
    "brand": "BONI",
    "seoBrand": "Boni Selection",
    "thumbNail": "https://static.colruytgroup.com/images/200x200/std.lang.all/92/57/asset-3349257.jpg",
    "fullImage": "https://static.colruytgroup.com/images/500x500/std.lang.all/92/57/asset-3349257.jpg",
    "squareImage": "https://static.colruytgroup.com/images/500x500sq/std.lang.all/92/57/asset-3349257.jpg",
    "content": "1,5L",
    "walkRouteSequenceNumber": 4826,
    "price": {
      "basicPrice": 1.39,
      "recommendedQuantity": "1.0",
      "measurementUnitPrice": 0.93,
      "measurementUnit": "L",
      "isRedPrice": false,
      "pricePerUOM": 0.93,
      "activationDate": "12-03-2024",
      "recordSource": "Offline",
      "isPromoActive": "N",
      "priceChangeCode": "E"
    },
    "isAvailable": true,
    "isPriceAvailable": true,
    "inPromo": false,
    "gtin": [
      "05400141379563",
      "05400141374902",
      "05400141304305",
      "15400141304302"
    ],
    "topCategoryName": "Dranken",
    "topCategoryId": "354",
    "businessDomain": "RETAIL_BE",
    "IsPrivateLabel": true,
    "IsBiffe": false,
    "WeightconversionFactor": "0",
    "IsWeightArticle": false,
    "nutriscoreLabel": "C",
    "IsBio": false,
    "CountryOfOrigin": "DUITSLAND",
    "IsExclusivelySoldInLuxembourg": false,
    "OrderUnit": "P",
    "ShortName": "BONI SINAASAPPELSAP 1L5",
    "IsNew": false,
    "EcoscoreLabel": "A",
    "RecentQuanityOfStockUnits": "6,1,6",
    "LongName": "BONI sinaasappelsap PET 1,5L",
    "AlcoholVolume": "0",
    "FicCode": "I",
    "EcoscoreValue": "100"
  },
  {
    "productId": "1770",
    "technicalArticleNumber": "22786",
    "commercialArticleNumber": "22786",
    "name": "Koffiefilters n°4",
    "brand": "GRAINDOR",
    "seoBrand": "Graindor",
    "thumbNail": "https://static.colruytgroup.com/images/200x200/std.lang.all/83/89/asset-2088389.jpg",
    "fullImage": "https://static.colruytgroup.com/images/500x500/std.lang.all/83/89/asset-2088389.jpg",
    "squareImage": "https://static.colruytgroup.com/images/500x500sq/std.lang.all/83/89/asset-2088389.jpg",
    "content": "100st",
    "walkRouteSequenceNumber": 1126,
    "price": {
      "basicPrice": 0.59,
      "recommendedQuantity": "1.0",
      "measurementUnitPrice": 0.006,
      "measurementUnit": "S",
      "isRedPrice": false,
      "pricePerUOM": 0.006,
      "activationDate": "20-12-2023",
      "recordSource": "Offline",
      "isPromoActive": "N",
      "priceChangeCode": "E"
    },
    "isAvailable": true,
    "isPriceAvailable": true,
    "inPromo": false,
    "gtin": [
      "05400141374247",
      "15400141144748",
      "05400141144741"
    ],
    "topCategoryName": "Dranken",
    "topCategoryId": "354",
    "businessDomain": "RETAIL_BE",
    "IsPrivateLabel": true,
    "IsBiffe": false,
    "WeightconversionFactor": "0",
    "IsWeightArticle": false,
    "IsBio": false,
    "CountryOfOrigin": "DUITSLAND",
    "IsExclusivelySoldInLuxembourg": false,
    "OrderUnit": "P",
    "ShortName": "GRAI FILTERS N4 100ST",
    "IsNew": false,
    "RecentQuanityOfStockUnits": "1,18",
    "LongName": "GRAINDOR Koffiefilters n°4 100st",
    "AlcoholVolume": "0",
    "FicCode": "N"
  },
  {
    "productId": "687361",
    "technicalArticleNumber": "4411436",
    "commercialArticleNumber": "25446",
    "name": "brik",
    "brand": "CÉCÉMEL",
    "seoBrand": "Cécémel",
    "thumbNail": "https://static.colruytgroup.com/images/200x200/nl_be/51/67/asset-2755167.jpg",
    "fullImage": "https://static.colruytgroup.com/images/500x500/nl_be/51/67/asset-2755167.jpg",
    "squareImage": "https://static.colruytgroup.com/images/500x500sq/nl_be/51/67/asset-2755167.jpg",
    "content": "1L",
    "walkRouteSequenceNumber": 6355,
    "price": {
      "basicPrice": 1.25,
      "recommendedQuantity": "1.0",
      "measurementUnitPrice": 1.25,
      "measurementUnit": "L",
      "isRedPrice": false,
      "pricePerUOM": 1.25,
      "activationDate": "01-02-2024",
      "recordSource": "Offline",
      "isPromoActive": "N",
      "priceChangeCode": "E"
    },
    "isAvailable": true,
    "isPriceAvailable": true,
    "inPromo": false,
    "gtin": [
      "05414150520700",
      "05414150631147"
    ],
    "topCategoryName": "Zuivel",
    "topCategoryId": "65",
    "businessDomain": "RETAIL_BE",
    "IsPrivateLabel": false,
    "IsBiffe": false,
    "WeightconversionFactor": "0",
    "IsWeightArticle": false,
    "nutriscoreLabel": "B",
    "IsBio": false,
    "CountryOfOrigin": "BELGIË",
    "IsExclusivelySoldInLuxembourg": false,
    "OrderUnit": "P",
    "ShortName": "CECE BRIK 1L",
    "IsNew": false,
    "EcoscoreLabel": "B",
    "RecentQuanityOfStockUnits": "1,6",
    "LongName": "CÉCÉMEL brik 1L",
    "FicCode": "E",
    "EcoscoreValue": "72"
  },
  {
    "productId": "95647",
    "technicalArticleNumber": "2917950",
    "commercialArticleNumber": "9167",
    "name": "halfvolle chocomelk brik",
    "description": "*Halfvolle melk",
    "brand": "EVERYDAY",
    "seoBrand": "Everyday",
    "thumbNail": "https://static.colruytgroup.com/images/200x200/nl_be/51/95/asset-555195.jpg",
    "fullImage": "https://static.colruytgroup.com/images/500x500/nl_be/51/95/asset-555195.jpg",
    "squareImage": "https://static.colruytgroup.com/images/500x500sq/nl_be/51/95/asset-555195.jpg",
    "content": "6x20cl",
    "walkRouteSequenceNumber": 6356,
    "price": {
      "basicPrice": 1.59,
      "recommendedQuantity": "1.0",
      "measurementUnitPrice": 1.33,
      "measurementUnit": "L",
      "isRedPrice": false,
      "pricePerUOM": 1.33,
      "activationDate": "23-03-2024",
      "recordSource": "Offline",
      "isPromoActive": "N",
      "priceChangeCode": "H"
    },
    "isAvailable": true,
    "isPriceAvailable": true,
    "inPromo": false,
    "gtin": [
      "15400141512677",
      "25400141512674",
      "15400141030522",
      "25400141966569",
      "15400141204428",
      "05400141204421",
      "05400141169553",
      "05400141035780",
      "05400141512670",
      "05400141096583",
      "05400141030525",
      "05400141966565",
      "15400141966562"
    ],
    "topCategoryName": "Zuivel",
    "topCategoryId": "65",
    "businessDomain": "RETAIL_BE",
    "IsPrivateLabel": true,
    "IsBiffe": false,
    "WeightconversionFactor": "0",
    "IsWeightArticle": false,
    "nutriscoreLabel": "D",
    "IsBio": false,
    "CountryOfOrigin": "DUITSLAND",
    "IsExclusivelySoldInLuxembourg": false,
    "OrderUnit": "P",
    "ShortName": "EVD CHOCOMELK BRIK6X20C",
    "IsNew": false,
    "EcoscoreLabel": "D",
    "RecentQuanityOfStockUnits": "5,1",
    "LongName": "EVERYDAY halfvolle chocomelk brik 6x20cl",
    "AlcoholVolume": "0",
    "FicCode": "I",
    "EcoscoreValue": "39"
  },
  {
    "productId": "18344",
    "technicalArticleNumber": "1765496",
    "commercialArticleNumber": "5035",
    "name": "plat water sportdop",
    "description": "*Mineraalwater\n*Niet-bruisend\n*Droogrest: 342 mg/l",
    "brand": "BONI",
    "seoBrand": "Boni Selection",
    "thumbNail": "https://static.colruytgroup.com/images/200x200/std.lang.all/84/48/asset-2818448.jpg",
    "fullImage": "https://static.colruytgroup.com/images/500x500/std.lang.all/84/48/asset-2818448.jpg",
    "squareImage": "https://static.colruytgroup.com/images/500x500sq/std.lang.all/84/48/asset-2818448.jpg",
    "content": "33cl",
    "walkRouteSequenceNumber": 3898,
    "price": {
      "basicPrice": 0.19,
      "recommendedQuantity": "12.0",
      "measurementUnitPrice": 0.58,
      "measurementUnit": "L",
      "isRedPrice": false,
      "pricePerUOM": 0.58,
      "activationDate": "30-01-2024",
      "recordSource": "Offline",
      "isPromoActive": "N",
      "priceChangeCode": "H"
    },
    "isAvailable": true,
    "isPriceAvailable": true,
    "inPromo": false,
    "gtin": [
      "05400141420036",
      "15400141420033",
      "15400141015130",
      "05400141015133",
      "05400141038316",
      "15400141295570",
      "05400141088618",
      "05400141089721",
      "05400141122909",
      "05400141295573",
      "05400141050356",
      "05400141452174",
      "15400141452171"
    ],
    "topCategoryName": "Dranken",
    "topCategoryId": "354",
    "businessDomain": "RETAIL_BE",
    "IsPrivateLabel": true,
    "IsBiffe": false,
    "WeightconversionFactor": "0",
    "IsWeightArticle": false,
    "nutriscoreLabel": "A",
    "IsBio": false,
    "CountryOfOrigin": "FRANKRIJK",
    "IsExclusivelySoldInLuxembourg": false,
    "OrderUnit": "P",
    "ShortName": "BONI PLAT WATER SPORT33",
    "IsNew": false,
    "RecentQuanityOfStockUnits": "1,12,1,12",
    "LongName": "BONI plat water sportdop 33cl",
    "AlcoholVolume": "0",
    "FicCode": "I"
  },
  {
    "productId": "380",
    "technicalArticleNumber": "5055",
    "commercialArticleNumber": "5055",
    "name": "Regular Original Taste",
    "description": "*Bruisend\n*Bevat cafeïne",
    "brand": "COCA-COLA",
    "seoBrand": "Coca-Cola Original Taste",
    "thumbNail": "https://static.colruytgroup.com/images/200x200/std.lang.all/90/13/asset-3209013.jpg",
    "fullImage": "https://static.colruytgroup.com/images/500x500/std.lang.all/90/13/asset-3209013.jpg",
    "squareImage": "https://static.colruytgroup.com/images/500x500sq/std.lang.all/90/13/asset-3209013.jpg",
    "content": "2L",
    "walkRouteSequenceNumber": 4227,
    "price": {
      "basicPrice": 2.89,
      "recommendedQuantity": "6.0",
      "measurementUnitPrice": 1.45,
      "measurementUnit": "L",
      "isRedPrice": false,
      "pricePerUOM": 1.45,
      "activationDate": "02-02-2024",
      "recordSource": "Offline",
      "isPromoActive": "N",
      "priceChangeCode": "E"
    },
    "isAvailable": true,
    "isPriceAvailable": true,
    "inPromo": false,
    "gtin": [
      "05449000000286",
      "05449000008862",
      "05449000656957"
    ],
    "topCategoryName": "Dranken",
    "topCategoryId": "354",
    "businessDomain": "RETAIL_BE",
    "IsPrivateLabel": false,
    "IsBiffe": false,
    "WeightconversionFactor": "0",
    "IsWeightArticle": false,
    "nutriscoreLabel": "E",
    "IsBio": false,
    "CountryOfOrigin": "BELGIË",
    "IsExclusivelySoldInLuxembourg": false,
    "OrderUnit": "P",
    "ShortName": "COCA REGULAR 2L",
    "IsNew": false,
    "RecentQuanityOfStockUnits": "1,6",
    "LongName": "COCA-COLA Regular Original Taste 2L",
    "AlcoholVolume": "0",
    "FicCode": "E"
  },
  {
    "productId": "58613",
    "technicalArticleNumber": "2349232",
    "commercialArticleNumber": "21725",
    "name": "halfvolle melk brik",
    "description": "*Halfvolle melk",
    "brand": "FAIREBEL",
    "seoBrand": "Fairebel",
    "thumbNail": "https://static.colruytgroup.com/images/200x200/std.lang.all/49/40/asset-2634940.jpg",
    "fullImage": "https://static.colruytgroup.com/images/500x500/std.lang.all/49/40/asset-2634940.jpg",
    "squareImage": "https://static.colruytgroup.com/images/500x500sq/std.lang.all/49/40/asset-2634940.jpg",
    "content": "1L",
    "walkRouteSequenceNumber": 6273,
    "price": {
      "basicPrice": 1.29,
      "recommendedQuantity": "1.0",
      "measurementUnitPrice": 1.29,
      "measurementUnit": "L",
      "isRedPrice": false,
      "pricePerUOM": 1.29,
      "activationDate": "12-03-2024",
      "recordSource": "Offline",
      "isPromoActive": "N",
      "priceChangeCode": "E"
    },
    "isAvailable": true,
    "isPriceAvailable": true,
    "inPromo": false,
    "gtin": [
      "05425027280016",
      "05425027280023"
    ],
    "topCategoryName": "Zuivel",
    "topCategoryId": "65",
    "businessDomain": "RETAIL_BE",
    "IsPrivateLabel": false,
    "IsBiffe": false,
    "WeightconversionFactor": "0",
    "IsWeightArticle": false,
    "nutriscoreLabel": "B",
    "IsBio": false,
    "CountryOfOrigin": "BELGIË",
    "IsExclusivelySoldInLuxembourg": false,
    "OrderUnit": "P",
    "ShortName": "FAIREBEL HV MELK 1L",
    "IsNew": false,
    "EcoscoreLabel": "B",
    "RecentQuanityOfStockUnits": "6,1",
    "LongName": "FAIREBEL halfvolle melk brik 1L",
    "AlcoholVolume": "0",
    "FicCode": "E",
    "EcoscoreValue": "75"
  },
  {
    "productId": "583",
    "technicalArticleNumber": "5597",
    "commercialArticleNumber": "5597",
    "name": "Halfvolle melk PET",
    "description": "*Halfvolle melk\n*België",
    "brand": "CAMPINA",
    "seoBrand": "Campina",
    "thumbNail": "https://static.colruytgroup.com/images/200x200/nl_be/58/00/asset-3405800.jpg",
    "fullImage": "https://static.colruytgroup.com/images/500x500/nl_be/58/00/asset-3405800.jpg",
    "squareImage": "https://static.colruytgroup.com/images/500x500sq/nl_be/58/00/asset-3405800.jpg",
    "content": "1L",
    "walkRouteSequenceNumber": 6271,
    "price": {
      "basicPrice": 1.28,
      "recommendedQuantity": "1.0",
      "measurementUnitPrice": 1.28,
      "measurementUnit": "L",
      "isRedPrice": false,
      "pricePerUOM": 1.28,
      "activationDate": "12-03-2024",
      "recordSource": "Offline",
      "isPromoActive": "N",
      "priceChangeCode": "E"
    },
    "isAvailable": true,
    "isPriceAvailable": true,
    "inPromo": false,
    "gtin": [
      "05410438046542",
      "05410438046443",
      "05410438000209",
      "05410438000216",
      "05410438032200"
    ],
    "topCategoryName": "Zuivel",
    "topCategoryId": "65",
    "businessDomain": "RETAIL_BE",
    "IsPrivateLabel": false,
    "IsBiffe": false,
    "WeightconversionFactor": "0",
    "IsWeightArticle": false,
    "nutriscoreLabel": "A",
    "IsBio": false,
    "CountryOfOrigin": "BELGIË",
    "IsExclusivelySoldInLuxembourg": false,
    "OrderUnit": "P",
    "ShortName": "CAMP H.V. MELK PET 1L",
    "IsNew": false,
    "EcoscoreLabel": "B",
    "RecentQuanityOfStockUnits": "8,6,1,8,1",
    "LongName": "CAMPINA Halfvolle melk PET 1L",
    "AlcoholVolume": "0",
    "FicCode": "E",
    "EcoscoreValue": "69"
  },
  {
    "productId": "396",
    "technicalArticleNumber": "5333",
    "commercialArticleNumber": "5333",
    "name": "Orange",
    "description": "*Bruisende limonade\n*Smaak: sinaasappel",
    "brand": "FANTA",
    "seoBrand": "Fanta",
    "thumbNail": "https://static.colruytgroup.com/images/200x200/std.lang.all/33/60/asset-2483360.jpg",
    "fullImage": "https://static.colruytgroup.com/images/500x500/std.lang.all/33/60/asset-2483360.jpg",
    "squareImage": "https://static.colruytgroup.com/images/500x500sq/std.lang.all/33/60/asset-2483360.jpg",
    "content": "33cl",
    "walkRouteSequenceNumber": 4210,
    "price": {
      "basicPrice": 0.798,
      "recommendedQuantity": "15.0",
      "measurementUnitPrice": 2.42,
      "measurementUnit": "L",
      "isRedPrice": false,
      "pricePerUOM": 2.42,
      "activationDate": "13-03-2024",
      "recordSource": "Offline",
      "isPromoActive": "N",
      "priceChangeCode": "H"
    },
    "isAvailable": true,
    "isPriceAvailable": true,
    "inPromo": true,
    "promotion": [
      {
        "techPromoId": "100843COLR",
        "promotionId": "100843",
        "promotionType": "3",
        "isPersonalized": "N",
        "publicationStartDate": "13-03-2024",
        "publicationEndDate": "26-03-2024"
      }
    ],
    "gtin": [
      "05449000288554",
      "05000112638783",
      "05449000288615",
      "05449000011541",
      "05449000038524",
      "05449000191915",
      "05449000011527"
    ],
    "topCategoryName": "Dranken",
    "topCategoryId": "354",
    "businessDomain": "RETAIL_BE",
    "IsPrivateLabel": false,
    "IsBiffe": false,
    "WeightconversionFactor": "0",
    "IsWeightArticle": false,
    "nutriscoreLabel": "E",
    "IsBio": false,
    "CountryOfOrigin": "BELGIË",
    "IsExclusivelySoldInLuxembourg": false,
    "OrderUnit": "P",
    "ShortName": "FANT ORANGE 33 CL",
    "IsNew": false,
    "RecentQuanityOfStockUnits": "1,30,15",
    "LongName": "FANTA Orange 33cl",
    "AlcoholVolume": "0",
    "FicCode": "E"
  },
  {
    "productId": "645570",
    "technicalArticleNumber": "4341955",
    "commercialArticleNumber": "11610",
    "name": "cola",
    "description": "*Frisdrank\n*Cola\n*Met zoetstoffen",
    "brand": "PEPSI ZERO SUGAR",
    "seoBrand": "Pepsi Zero Sugar",
    "thumbNail": "https://static.colruytgroup.com/images/200x200/std.lang.all/25/73/asset-3432573.jpg",
    "fullImage": "https://static.colruytgroup.com/images/500x500/std.lang.all/25/73/asset-3432573.jpg",
    "squareImage": "https://static.colruytgroup.com/images/500x500sq/std.lang.all/25/73/asset-3432573.jpg",
    "content": "1,5L",
    "walkRouteSequenceNumber": 4306,
    "price": {
      "basicPrice": 2.28,
      "recommendedQuantity": "6.0",
      "quantityPrice": 2.19,
      "quantityPriceQuantity": "18.0",
      "measurementUnitPrice": 1.52,
      "measurementUnitQuantityPrice": 1.46,
      "measurementUnit": "L",
      "isRedPrice": false,
      "pricePerUOM": 1.52,
      "activationDate": "23-03-2024",
      "recordSource": "Offline",
      "isPromoActive": "N",
      "priceChangeCode": "E",
      "quantityPricePerUOM": 1.46,
      "quantityActivationDate": "23-03-2024",
      "quantityPriceChangeCode": "E"
    },
    "isAvailable": true,
    "isPriceAvailable": true,
    "inPromo": false,
    "gtin": [
      "03051800015760",
      "05410188032826",
      "04060800104021",
      "08710398518934",
      "08710398518903",
      "08710398518910"
    ],
    "topCategoryName": "Dranken",
    "topCategoryId": "354",
    "businessDomain": "RETAIL_BE",
    "IsPrivateLabel": false,
    "IsBiffe": false,
    "WeightconversionFactor": "0",
    "IsWeightArticle": false,
    "nutriscoreLabel": "B",
    "IsBio": false,
    "CountryOfOrigin": "EUROPA",
    "IsExclusivelySoldInLuxembourg": false,
    "OrderUnit": "P",
    "ShortName": "PEPS MAX 1L5",
    "IsNew": false,
    "RecentQuanityOfStockUnits": "1,6",
    "LongName": "PEPSI ZERO SUGAR cola 1,5L",
    "AlcoholVolume": "0",
    "FicCode": "E"
  },
  {
    "productId": "11042",
    "technicalArticleNumber": "1299312",
    "commercialArticleNumber": "5465",
    "name": "lichtbruisend water",
    "description": "*Mineraalwater\n*Lichtbruisend\n*Droogrest: 915 mg/l",
    "brand": "SAN PELLEGRINO",
    "seoBrand": "San Pellegrino",
    "thumbNail": "https://static.colruytgroup.com/images/200x200/std.lang.all/47/69/asset-1714769.jpg",
    "fullImage": "https://static.colruytgroup.com/images/500x500/std.lang.all/47/69/asset-1714769.jpg",
    "squareImage": "https://static.colruytgroup.com/images/500x500sq/std.lang.all/47/69/asset-1714769.jpg",
    "content": "1L",
    "walkRouteSequenceNumber": 3948,
    "price": {
      "basicPrice": 0.748,
      "recommendedQuantity": "6.0",
      "measurementUnitPrice": 0.75,
      "measurementUnit": "L",
      "isRedPrice": false,
      "pricePerUOM": 0.75,
      "activationDate": "13-03-2024",
      "recordSource": "Offline",
      "isPromoActive": "N",
      "priceChangeCode": "H"
    },
    "isAvailable": true,
    "isPriceAvailable": true,
    "inPromo": false,
    "gtin": [
      "08002270986765",
      "08002270014901",
      "08002270044892"
    ],
    "topCategoryName": "Dranken",
    "topCategoryId": "354",
    "businessDomain": "RETAIL_BE",
    "IsPrivateLabel": false,
    "IsBiffe": false,
    "WeightconversionFactor": "0",
    "IsWeightArticle": false,
    "nutriscoreLabel": "A",
    "IsBio": false,
    "CountryOfOrigin": "ITALIË",
    "IsExclusivelySoldInLuxembourg": false,
    "OrderUnit": "P",
    "ShortName": "SANP LICHTBR. WATER 1L",
    "IsNew": false,
    "RecentQuanityOfStockUnits": "1,6",
    "LongName": "SAN PELLEGRINO lichtbruisend water 1L",
    "AlcoholVolume": "0",
    "FicCode": "E"
  },
  {
    "productId": "1662",
    "technicalArticleNumber": "22362",
    "commercialArticleNumber": "22362",
    "name": "Dessert gemalen",
    "description": "*Sterkte: zachte\nkoffie\n*Smaak: fijn\n*Gemalen koffie",
    "brand": "DOUWE EGBERTS",
    "seoBrand": "Douwe Egberts",
    "thumbNail": "https://static.colruytgroup.com/images/200x200/std.lang.all/08/35/asset-1370835.jpg",
    "fullImage": "https://static.colruytgroup.com/images/500x500/std.lang.all/08/35/asset-1370835.jpg",
    "squareImage": "https://static.colruytgroup.com/images/500x500sq/std.lang.all/08/35/asset-1370835.jpg",
    "content": "500g",
    "walkRouteSequenceNumber": 1186,
    "price": {
      "basicPrice": 5.99,
      "recommendedQuantity": "1.0",
      "measurementUnitPrice": 11.98,
      "measurementUnit": "K",
      "isRedPrice": false,
      "pricePerUOM": 11.98,
      "activationDate": "23-03-2024",
      "recordSource": "Folder",
      "isPromoActive": "Y",
      "priceChangeCode": "E"
    },
    "isAvailable": true,
    "isPriceAvailable": true,
    "inPromo": true,
    "promotion": [
      {
        "techPromoId": "100903COLR",
        "promotionId": "100903",
        "promotionType": "0",
        "isPersonalized": "N",
        "publicationStartDate": "13-03-2024",
        "publicationEndDate": "26-03-2024"
      }
    ],
    "gtin": [
      "05400141140118",
      "05410138002213",
      "05410138009120",
      "15410138002210"
    ],
    "topCategoryName": "Dranken",
    "topCategoryId": "354",
    "businessDomain": "RETAIL_BE",
    "IsPrivateLabel": false,
    "IsBiffe": false,
    "WeightconversionFactor": "0",
    "IsWeightArticle": false,
    "nutriscoreLabel": "B",
    "IsBio": false,
    "CountryOfOrigin": "NEDERLAND",
    "IsExclusivelySoldInLuxembourg": false,
    "OrderUnit": "P",
    "ShortName": "D EGB DESSERT GEMAL 500",
    "IsNew": false,
    "RecentQuanityOfStockUnits": "12,1,12",
    "LongName": "DOUWE EGBERTS Dessert gemalen 500g",
    "AlcoholVolume": "0",
    "FicCode": "E"
  },
  {
    "productId": "11266",
    "technicalArticleNumber": "1350981",
    "commercialArticleNumber": "5481",
    "name": "plat water",
    "description": "*Mineraalwater\n*Niet-bruisend\n*Droogrest: 33 mg/l\n*Babyvoeding",
    "brand": "SPA REINE",
    "seoBrand": "Spa Reine",
    "thumbNail": "https://static.colruytgroup.com/images/200x200/std.lang.all/74/83/asset-1467483.jpg",
    "fullImage": "https://static.colruytgroup.com/images/500x500/std.lang.all/74/83/asset-1467483.jpg",
    "squareImage": "https://static.colruytgroup.com/images/500x500sq/std.lang.all/74/83/asset-1467483.jpg",
    "content": "50cl",
    "walkRouteSequenceNumber": 3880,
    "price": {
      "basicPrice": 0.525,
      "recommendedQuantity": "8.0",
      "measurementUnitPrice": 1.05,
      "measurementUnit": "L",
      "isRedPrice": false,
      "pricePerUOM": 1.05,
      "activationDate": "22-02-2024",
      "recordSource": "Offline",
      "isPromoActive": "N",
      "priceChangeCode": "L"
    },
    "isAvailable": true,
    "isPriceAvailable": true,
    "inPromo": false,
    "gtin": [
      "05410013108009",
      "05410013108030",
      "05410013119371",
      "05410013119388"
    ],
    "topCategoryName": "Dranken",
    "topCategoryId": "354",
    "businessDomain": "RETAIL_BE",
    "IsPrivateLabel": false,
    "IsBiffe": false,
    "WeightconversionFactor": "0",
    "IsWeightArticle": false,
    "nutriscoreLabel": "A",
    "IsBio": false,
    "CountryOfOrigin": "BELGIË",
    "IsExclusivelySoldInLuxembourg": false,
    "OrderUnit": "P",
    "ShortName": "SPA REINE 50CL PET",
    "IsNew": false,
    "RecentQuanityOfStockUnits": "24,1,8,2016",
    "LongName": "SPA REINE plat water 50cl",
    "AlcoholVolume": "0",
    "FicCode": "E"
  },
  {
    "productId": "119979",
    "technicalArticleNumber": "3078987",
    "commercialArticleNumber": "24361",
    "name": "cola zero",
    "description": "*Bruisend\n*Met zoetstoffen\n*Bevat cafeïne",
    "brand": "EVERYDAY",
    "seoBrand": "Everyday",
    "thumbNail": "https://static.colruytgroup.com/images/200x200/std.lang.all/88/18/asset-1508818.jpg",
    "fullImage": "https://static.colruytgroup.com/images/500x500/std.lang.all/88/18/asset-1508818.jpg",
    "squareImage": "https://static.colruytgroup.com/images/500x500sq/std.lang.all/88/18/asset-1508818.jpg",
    "content": "50cl",
    "walkRouteSequenceNumber": 4352,
    "price": {
      "basicPrice": 0.25,
      "recommendedQuantity": "9.0",
      "measurementUnitPrice": 0.5,
      "measurementUnit": "L",
      "isRedPrice": false,
      "pricePerUOM": 0.5,
      "activationDate": "17-01-2024",
      "recordSource": "Offline",
      "isPromoActive": "N",
      "priceChangeCode": "H"
    },
    "isAvailable": true,
    "isPriceAvailable": true,
    "inPromo": false,
    "gtin": [
      "25400141272424",
      "05400141080117",
      "15400141272427",
      "05400141086980",
      "05400141101812",
      "05400141380019",
      "05400141272420",
      "05400141108644",
      "05400141121735"
    ],
    "topCategoryName": "Dranken",
    "topCategoryId": "354",
    "businessDomain": "RETAIL_BE",
    "IsPrivateLabel": true,
    "IsBiffe": false,
    "WeightconversionFactor": "0",
    "IsWeightArticle": false,
    "nutriscoreLabel": "C",
    "IsBio": false,
    "CountryOfOrigin": "BELGIË",
    "IsExclusivelySoldInLuxembourg": false,
    "OrderUnit": "P",
    "ShortName": "EVD COLA ZERO 50CL",
    "InSeason": true,
    "IsNew": false,
    "RecentQuanityOfStockUnits": "9,1",
    "LongName": "EVERYDAY cola zero 50cl",
    "AlcoholVolume": "0",
    "StartSeasonDate": "30/04/2019",
    "FicCode": "I"
  },
  {
    "productId": "45863",
    "technicalArticleNumber": "2536099",
    "commercialArticleNumber": "14567",
    "name": "lichtbruisend water",
    "description": "*Natuurlijk mineraalwater\n*Lichtbruisend\n*Droogrest: 459 mg/l",
    "brand": "BONI",
    "seoBrand": "Boni Selection",
    "thumbNail": "https://static.colruytgroup.com/images/200x200/nl_be/34/08/asset-2483408.jpg",
    "fullImage": "https://static.colruytgroup.com/images/500x500/nl_be/34/08/asset-2483408.jpg",
    "squareImage": "https://static.colruytgroup.com/images/500x500sq/nl_be/34/08/asset-2483408.jpg",
    "content": "1,5L",
    "walkRouteSequenceNumber": 3925,
    "price": {
      "basicPrice": 0.49,
      "recommendedQuantity": "6.0",
      "measurementUnitPrice": 0.327,
      "measurementUnit": "L",
      "isRedPrice": false,
      "pricePerUOM": 0.327,
      "activationDate": "17-02-2024",
      "recordSource": "Offline",
      "isPromoActive": "N",
      "priceChangeCode": "E"
    },
    "isAvailable": true,
    "isPriceAvailable": true,
    "inPromo": false,
    "gtin": [
      "05400141038477",
      "05400141013979",
      "15400141295594",
      "05400141295597",
      "05400141015119",
      "05400141038347",
      "05400141420098",
      "15400141420095",
      "15400141988007"
    ],
    "topCategoryName": "Dranken",
    "topCategoryId": "354",
    "businessDomain": "RETAIL_BE",
    "IsPrivateLabel": true,
    "IsBiffe": false,
    "WeightconversionFactor": "0",
    "IsWeightArticle": false,
    "nutriscoreLabel": "A",
    "IsBio": false,
    "CountryOfOrigin": "LUXEMBURG",
    "IsExclusivelySoldInLuxembourg": false,
    "OrderUnit": "P",
    "ShortName": "BONI LICHTBRUIS 1L5",
    "IsNew": false,
    "RecentQuanityOfStockUnits": "6,1",
    "LongName": "BONI lichtbruisend water 1,5L",
    "AlcoholVolume": "0",
    "FicCode": "I"
  },
  {
    "productId": "577",
    "technicalArticleNumber": "5588",
    "commercialArticleNumber": "5588",
    "name": "Halfvolle melk Ardennen brik",
    "description": "*Halfvolle melk\n*België\n*Uit de Belgische\nArdennen",
    "brand": "BONI",
    "seoBrand": "Boni Selection",
    "thumbNail": "https://static.colruytgroup.com/images/200x200/nl_be/81/12/asset-3028112.jpg",
    "fullImage": "https://static.colruytgroup.com/images/500x500/nl_be/81/12/asset-3028112.jpg",
    "squareImage": "https://static.colruytgroup.com/images/500x500sq/nl_be/81/12/asset-3028112.jpg",
    "content": "1L",
    "walkRouteSequenceNumber": 6260,
    "price": {
      "basicPrice": 1.45,
      "recommendedQuantity": "1.0",
      "quantityPrice": 1.08,
      "quantityPriceQuantity": "6.0",
      "measurementUnitPrice": 1.45,
      "measurementUnitQuantityPrice": 1.08,
      "measurementUnit": "L",
      "isRedPrice": false,
      "pricePerUOM": 1.45,
      "activationDate": "12-03-2024",
      "isPromoActive": "N",
      "priceChangeCode": "H",
      "quantityPricePerUOM": 1.08,
      "quantityActivationDate": "12-03-2024",
      "quantityPriceChangeCode": "H"
    },
    "isAvailable": true,
    "isPriceAvailable": true,
    "inPromo": false,
    "gtin": [
      "05400141023268",
      "05400141055887",
      "05400141155884",
      "05400141339116",
      "05400141354348",
      "15400141354345",
      "15400141849520",
      "15400141822073",
      "05400141822076"
    ],
    "topCategoryName": "Zuivel",
    "topCategoryId": "65",
    "businessDomain": "RETAIL_BE",
    "IsPrivateLabel": true,
    "IsBiffe": false,
    "WeightconversionFactor": "0",
    "IsWeightArticle": false,
    "nutriscoreLabel": "B",
    "IsBio": false,
    "CountryOfOrigin": "BELGIË",
    "IsExclusivelySoldInLuxembourg": false,
    "OrderUnit": "P",
    "ShortName": "BONI HV.MELK ARDENNEN1L",
    "IsNew": false,
    "EcoscoreLabel": "B",
    "RecentQuanityOfStockUnits": "12,1",
    "LongName": "BONI Halfvolle melk Ardennen brik 1L",
    "AlcoholVolume": "0",
    "FicCode": "I",
    "EcoscoreValue": "69"
  },
  {
    "productId": "418",
    "technicalArticleNumber": "5083",
    "commercialArticleNumber": "5083",
    "name": "bruisend water",
    "description": "*Mineraalwater\n*Bruisend\n*Droogrest: 47 mg/l",
    "brand": "SPA INTENSE",
    "seoBrand": "Spa Intense",
    "thumbNail": "https://static.colruytgroup.com/images/200x200/std.lang.all/67/63/asset-2286763.jpg",
    "fullImage": "https://static.colruytgroup.com/images/500x500/std.lang.all/67/63/asset-2286763.jpg",
    "squareImage": "https://static.colruytgroup.com/images/500x500sq/std.lang.all/67/63/asset-2286763.jpg",
    "content": "1,5L",
    "walkRouteSequenceNumber": 3959,
    "price": {
      "basicPrice": 0.991,
      "recommendedQuantity": "6.0",
      "measurementUnitPrice": 0.67,
      "measurementUnit": "L",
      "isRedPrice": false,
      "pricePerUOM": 0.67,
      "activationDate": "23-03-2024",
      "recordSource": "Offline",
      "isPromoActive": "N",
      "priceChangeCode": "H"
    },
    "isAvailable": true,
    "isPriceAvailable": true,
    "inPromo": false,
    "gtin": [
      "05410013110002",
      "05410013110026",
      "05410013115076"
    ],
    "topCategoryName": "Dranken",
    "topCategoryId": "354",
    "businessDomain": "RETAIL_BE",
    "IsPrivateLabel": false,
    "IsBiffe": false,
    "WeightconversionFactor": "0",
    "IsWeightArticle": false,
    "nutriscoreLabel": "A",
    "IsBio": false,
    "CountryOfOrigin": "BELGIË",
    "IsExclusivelySoldInLuxembourg": false,
    "OrderUnit": "P",
    "ShortName": "SPA INTENSE 1.5L",
    "IsNew": false,
    "RecentQuanityOfStockUnits": "1,6",
    "LongName": "SPA INTENSE bruisend water 1,5L",
    "AlcoholVolume": "0",
    "FicCode": "E"
  },
  {
    "productId": "18573",
    "technicalArticleNumber": "1716113",
    "commercialArticleNumber": "5653",
    "name": "Zero Sugar",
    "description": "Coca cola zero is een softdrink\nop basis van cafeine en vervang-\nsuikers.\nKoel drinken.",
    "brand": "COCA-COLA",
    "seoBrand": "Coca-Cola Zero Sugar",
    "thumbNail": "https://static.colruytgroup.com/images/200x200/std.lang.all/91/23/asset-3209123.jpg",
    "fullImage": "https://static.colruytgroup.com/images/500x500/std.lang.all/91/23/asset-3209123.jpg",
    "squareImage": "https://static.colruytgroup.com/images/500x500sq/std.lang.all/91/23/asset-3209123.jpg",
    "content": "2L",
    "walkRouteSequenceNumber": 4353,
    "price": {
      "basicPrice": 2.49,
      "recommendedQuantity": "6.0",
      "measurementUnitPrice": 1.25,
      "measurementUnit": "L",
      "isRedPrice": false,
      "pricePerUOM": 1.25,
      "activationDate": "02-02-2024",
      "recordSource": "Offline",
      "isPromoActive": "N",
      "priceChangeCode": "E"
    },
    "isAvailable": true,
    "isPriceAvailable": true,
    "inPromo": false,
    "gtin": [
      "05449000134561",
      "05449000131843",
      "05449000656889"
    ],
    "topCategoryName": "Dranken",
    "topCategoryId": "354",
    "businessDomain": "RETAIL_BE",
    "IsPrivateLabel": false,
    "IsBiffe": false,
    "WeightconversionFactor": "0",
    "IsWeightArticle": false,
    "nutriscoreLabel": "C",
    "IsBio": false,
    "CountryOfOrigin": "BELGIË",
    "IsExclusivelySoldInLuxembourg": false,
    "OrderUnit": "P",
    "ShortName": "COCA COLA ZERO 2L",
    "InSeason": true,
    "IsNew": false,
    "RecentQuanityOfStockUnits": "1,6",
    "LongName": "COCA-COLA Zero Sugar 2L",
    "AlcoholVolume": "0",
    "StartSeasonDate": "07/09/2016",
    "FicCode": "E"
  },
  {
    "productId": "12843",
    "technicalArticleNumber": "1236119",
    "commercialArticleNumber": "5675",
    "name": "koffieroom cups",
    "description": "*Vetgehalte: 10 %\n*Niet-opklopbaar",
    "brand": "EVERYDAY",
    "seoBrand": "Everyday",
    "thumbNail": "https://static.colruytgroup.com/images/200x200/std.lang.all/36/49/asset-343649.jpg",
    "fullImage": "https://static.colruytgroup.com/images/500x500/std.lang.all/36/49/asset-343649.jpg",
    "squareImage": "https://static.colruytgroup.com/images/500x500sq/std.lang.all/36/49/asset-343649.jpg",
    "content": "20x10g",
    "walkRouteSequenceNumber": 6371,
    "price": {
      "basicPrice": 0.79,
      "recommendedQuantity": "1.0",
      "measurementUnitPrice": 3.95,
      "measurementUnit": "K",
      "isRedPrice": false,
      "pricePerUOM": 3.95,
      "activationDate": "14-11-2023",
      "recordSource": "Offline",
      "isPromoActive": "N",
      "priceChangeCode": "E"
    },
    "isAvailable": true,
    "isPriceAvailable": true,
    "inPromo": false,
    "gtin": [
      "05400141058642",
      "05400141167900",
      "05400141015805"
    ],
    "topCategoryName": "Zuivel",
    "topCategoryId": "65",
    "businessDomain": "RETAIL_BE",
    "IsPrivateLabel": true,
    "IsBiffe": false,
    "WeightconversionFactor": "0",
    "IsWeightArticle": false,
    "nutriscoreLabel": "D",
    "IsBio": false,
    "CountryOfOrigin": "DUITSLAND",
    "IsExclusivelySoldInLuxembourg": false,
    "OrderUnit": "P",
    "ShortName": "EVD KOFFIEROOM 20X10G",
    "IsNew": false,
    "EcoscoreLabel": "B",
    "RecentQuanityOfStockUnits": "15,1",
    "LongName": "EVERYDAY koffieroom cups 20x10g",
    "AlcoholVolume": "0",
    "FicCode": "I",
    "EcoscoreValue": "62"
  },
  {
    "productId": "371",
    "technicalArticleNumber": "5013",
    "commercialArticleNumber": "5013",
    "name": "cola regular",
    "description": "*Bruisend\n*Bevat cafeïne",
    "brand": "EVERYDAY",
    "seoBrand": "Everyday",
    "thumbNail": "https://static.colruytgroup.com/images/200x200/std.lang.all/07/21/asset-640721.jpg",
    "fullImage": "https://static.colruytgroup.com/images/500x500/std.lang.all/07/21/asset-640721.jpg",
    "squareImage": "https://static.colruytgroup.com/images/500x500sq/std.lang.all/07/21/asset-640721.jpg",
    "content": "1,5L",
    "walkRouteSequenceNumber": 4294,
    "price": {
      "basicPrice": 0.581,
      "recommendedQuantity": "6.0",
      "measurementUnitPrice": 0.388,
      "measurementUnit": "L",
      "isRedPrice": false,
      "pricePerUOM": 0.388,
      "activationDate": "02-02-2024",
      "recordSource": "Offline",
      "isPromoActive": "N",
      "priceChangeCode": "E"
    },
    "isAvailable": true,
    "isPriceAvailable": true,
    "inPromo": false,
    "gtin": [
      "05400141086744",
      "05400141050134",
      "05400141054033",
      "05400141054057",
      "05400141086737"
    ],
    "topCategoryName": "Dranken",
    "topCategoryId": "354",
    "businessDomain": "RETAIL_BE",
    "IsPrivateLabel": true,
    "IsBiffe": false,
    "WeightconversionFactor": "0",
    "IsWeightArticle": false,
    "nutriscoreLabel": "E",
    "IsBio": false,
    "CountryOfOrigin": "BELGIË",
    "IsExclusivelySoldInLuxembourg": false,
    "OrderUnit": "P",
    "ShortName": "EVD COLA REGULAR 1.5L",
    "IsNew": false,
    "RecentQuanityOfStockUnits": "1,6",
    "LongName": "EVERYDAY cola regular 1,5L",
    "AlcoholVolume": "0",
    "FicCode": "I"
  },
  {
    "productId": "27742",
    "technicalArticleNumber": "2249043",
    "commercialArticleNumber": "4436",
    "name": "Regular Original Taste",
    "description": "*Bruisend\n*Bevat cafeïne",
    "brand": "COCA-COLA",
    "seoBrand": "Coca-Cola Original Taste",
    "thumbNail": "https://static.colruytgroup.com/images/200x200/std.lang.all/47/17/asset-2554717.jpg",
    "fullImage": "https://static.colruytgroup.com/images/500x500/std.lang.all/47/17/asset-2554717.jpg",
    "squareImage": "https://static.colruytgroup.com/images/500x500sq/std.lang.all/47/17/asset-2554717.jpg",
    "content": "15cl",
    "walkRouteSequenceNumber": 4279,
    "price": {
      "basicPrice": 0.54,
      "recommendedQuantity": "12.0",
      "measurementUnitPrice": 3.6,
      "measurementUnit": "L",
      "isRedPrice": false,
      "pricePerUOM": 3.6,
      "activationDate": "11-03-2024",
      "recordSource": "Offline",
      "isPromoActive": "N",
      "priceChangeCode": "H"
    },
    "isAvailable": true,
    "isPriceAvailable": true,
    "inPromo": false,
    "gtin": [
      "05449000034229",
      "05449000034236",
      "00000054491014"
    ],
    "topCategoryName": "Dranken",
    "topCategoryId": "354",
    "businessDomain": "RETAIL_BE",
    "IsPrivateLabel": false,
    "IsBiffe": false,
    "WeightconversionFactor": "0",
    "IsWeightArticle": false,
    "nutriscoreLabel": "E",
    "IsBio": false,
    "CountryOfOrigin": "BELGIË",
    "IsExclusivelySoldInLuxembourg": false,
    "OrderUnit": "P",
    "ShortName": "COCA REGULAR 15CL",
    "IsNew": false,
    "RecentQuanityOfStockUnits": "12,24,1",
    "LongName": "COCA-COLA Regular Original Taste 15cl",
    "FicCode": "E"
  },
  {
    "productId": "25539",
    "technicalArticleNumber": "1958432",
    "commercialArticleNumber": "22154",
    "name": "Pads Regular",
    "description": "*Intense koffie\n*Zacht, vol aroma\n*Pads",
    "brand": "EVERYDAY",
    "seoBrand": "Everyday",
    "thumbNail": "https://static.colruytgroup.com/images/200x200/std.lang.all/96/40/asset-1039640.jpg",
    "fullImage": "https://static.colruytgroup.com/images/500x500/std.lang.all/96/40/asset-1039640.jpg",
    "squareImage": "https://static.colruytgroup.com/images/500x500sq/std.lang.all/96/40/asset-1039640.jpg",
    "content": "36st",
    "walkRouteSequenceNumber": 1161,
    "price": {
      "basicPrice": 1.89,
      "recommendedQuantity": "1.0",
      "measurementUnitPrice": 7.5,
      "measurementUnit": "K",
      "isRedPrice": false,
      "pricePerUOM": 7.5,
      "activationDate": "13-03-2024",
      "recordSource": "Offline",
      "isPromoActive": "N",
      "priceChangeCode": "H"
    },
    "isAvailable": true,
    "isPriceAvailable": true,
    "inPromo": false,
    "gtin": [
      "05400141261547",
      "05400141122541",
      "15400141906391"
    ],
    "topCategoryName": "Dranken",
    "topCategoryId": "354",
    "businessDomain": "RETAIL_BE",
    "IsPrivateLabel": true,
    "IsBiffe": false,
    "WeightconversionFactor": "0",
    "IsWeightArticle": false,
    "nutriscoreLabel": "B",
    "IsBio": false,
    "CountryOfOrigin": "BELGIË",
    "IsExclusivelySoldInLuxembourg": false,
    "OrderUnit": "P",
    "ShortName": "EVD REGULAR 36 PADS",
    "IsNew": false,
    "EcoscoreLabel": "C",
    "RecentQuanityOfStockUnits": "10,1",
    "LongName": "EVERYDAY Pads Regular 36st",
    "AlcoholVolume": "0",
    "FicCode": "I",
    "EcoscoreValue": "50"
  },
  {
    "productId": "2859",
    "technicalArticleNumber": "1014691",
    "commercialArticleNumber": "19416",
    "name": "grenadinesiroop PET",
    "description": "*Smaak: grenadine\n*1/7 siroop -\n6/7 water",
    "brand": "EVERYDAY",
    "seoBrand": "Everyday",
    "thumbNail": "https://static.colruytgroup.com/images/200x200/std.lang.all/06/47/asset-1150647.jpg",
    "fullImage": "https://static.colruytgroup.com/images/500x500/std.lang.all/06/47/asset-1150647.jpg",
    "squareImage": "https://static.colruytgroup.com/images/500x500sq/std.lang.all/06/47/asset-1150647.jpg",
    "content": "1L",
    "walkRouteSequenceNumber": 4018,
    "price": {
      "basicPrice": 1.98,
      "recommendedQuantity": "1.0",
      "measurementUnitPrice": 1.98,
      "measurementUnit": "L",
      "isRedPrice": false,
      "pricePerUOM": 1.98,
      "activationDate": "15-03-2024",
      "recordSource": "Offline",
      "isPromoActive": "N",
      "priceChangeCode": "H"
    },
    "isAvailable": true,
    "isPriceAvailable": true,
    "inPromo": false,
    "gtin": [
      "15400141966692",
      "05400141124002",
      "00000025194166"
    ],
    "topCategoryName": "Dranken",
    "topCategoryId": "354",
    "businessDomain": "RETAIL_BE",
    "IsPrivateLabel": true,
    "IsBiffe": false,
    "WeightconversionFactor": "0",
    "IsWeightArticle": false,
    "IsBio": false,
    "CountryOfOrigin": "BELGIË",
    "IsExclusivelySoldInLuxembourg": false,
    "OrderUnit": "P",
    "ShortName": "EVD SIROOP GREN 1L PET",
    "IsNew": false,
    "EcoscoreLabel": "A",
    "RecentQuanityOfStockUnits": "6,1",
    "LongName": "EVERYDAY grenadinesiroop PET 1L",
    "AlcoholVolume": "0",
    "FicCode": "I",
    "EcoscoreValue": "100"
  },
  {
    "productId": "369",
    "technicalArticleNumber": "5006",
    "commercialArticleNumber": "5006",
    "name": "pils 5,2% bak",
    "description": "*Pilsbier\n*5,2 % vol",
    "brand": "STELLA ARTOIS",
    "seoBrand": "Stella Artois",
    "thumbNail": "https://static.colruytgroup.com/images/200x200/std.lang.all/96/09/asset-3379609.jpg",
    "fullImage": "https://static.colruytgroup.com/images/500x500/std.lang.all/96/09/asset-3379609.jpg",
    "squareImage": "https://static.colruytgroup.com/images/500x500sq/std.lang.all/96/09/asset-3379609.jpg",
    "content": "24x25cl",
    "walkRouteSequenceNumber": 3825,
    "price": {
      "basicPrice": 15.15,
      "recommendedQuantity": "1.0",
      "measurementUnitPrice": 2.53,
      "measurementUnit": "L",
      "isRedPrice": false,
      "pricePerUOM": 2.53,
      "activationDate": "13-03-2024",
      "recordSource": "Offline",
      "isPromoActive": "Y",
      "priceChangeCode": "E"
    },
    "isAvailable": true,
    "isPriceAvailable": true,
    "inPromo": true,
    "promotion": [
      {
        "techPromoId": "100916COLR",
        "promotionId": "100916",
        "promotionType": "4",
        "isPersonalized": "N",
        "publicationStartDate": "13-03-2024",
        "publicationEndDate": "26-03-2024"
      }
    ],
    "gtin": [
      "05410228141235",
      "05410228264743",
      "05410228851646"
    ],
    "topCategoryName": "Dranken",
    "topCategoryId": "354",
    "businessDomain": "RETAIL_BE",
    "IsPrivateLabel": false,
    "IsBiffe": false,
    "WeightconversionFactor": "0",
    "IsWeightArticle": false,
    "IsBio": false,
    "CountryOfOrigin": "BELGIË",
    "IsExclusivelySoldInLuxembourg": false,
    "OrderUnit": "P",
    "ShortName": "STELLA ARTOIS 25CLX24",
    "IsNew": false,
    "RecentQuanityOfStockUnits": "1,1",
    "LongName": "STELLA ARTOIS pils 5,2% bak 24x25cl",
    "AlcoholVolume": "5.2",
    "FicCode": "E",
    "DepositValue": [
      4.5
    ]
  },
  {
    "productId": "39985",
    "technicalArticleNumber": "1803115",
    "commercialArticleNumber": "5073",
    "name": "cola regular",
    "description": "*Bruisend\n*Met suiker\n*Bevat cafeïne",
    "brand": "EVERYDAY",
    "seoBrand": "Everyday",
    "thumbNail": "https://static.colruytgroup.com/images/200x200/std.lang.all/47/76/asset-1524776.jpg",
    "fullImage": "https://static.colruytgroup.com/images/500x500/std.lang.all/47/76/asset-1524776.jpg",
    "squareImage": "https://static.colruytgroup.com/images/500x500sq/std.lang.all/47/76/asset-1524776.jpg",
    "content": "50cl",
    "walkRouteSequenceNumber": 4295,
    "price": {
      "basicPrice": 0.25,
      "recommendedQuantity": "9.0",
      "measurementUnitPrice": 0.5,
      "measurementUnit": "L",
      "isRedPrice": false,
      "pricePerUOM": 0.5,
      "activationDate": "08-02-2024",
      "recordSource": "Offline",
      "isPromoActive": "N",
      "priceChangeCode": "H"
    },
    "isAvailable": true,
    "isPriceAvailable": true,
    "inPromo": false,
    "gtin": [
      "05400141086775",
      "05400141101683",
      "05400141108972",
      "05400141272291",
      "05400141050738",
      "05400141086768",
      "25400141272295",
      "15400141272298"
    ],
    "topCategoryName": "Dranken",
    "topCategoryId": "354",
    "businessDomain": "RETAIL_BE",
    "IsPrivateLabel": true,
    "IsBiffe": false,
    "WeightconversionFactor": "0",
    "IsWeightArticle": false,
    "nutriscoreLabel": "E",
    "IsBio": false,
    "CountryOfOrigin": "BELGIË",
    "IsExclusivelySoldInLuxembourg": false,
    "OrderUnit": "P",
    "ShortName": "EVD COLA PET 50CL",
    "InSeason": true,
    "IsNew": false,
    "RecentQuanityOfStockUnits": "1,9,9",
    "LongName": "EVERYDAY cola regular 50cl",
    "AlcoholVolume": "0",
    "StartSeasonDate": "08/03/2024",
    "FicCode": "I"
  },
  {
    "productId": "32728",
    "technicalArticleNumber": "1651902",
    "commercialArticleNumber": "5437",
    "name": "Regular Origin. Taste PET",
    "description": "*Bruisend\n*Bevat cafeïne",
    "brand": "COCA-COLA",
    "seoBrand": "Coca-Cola Original Taste",
    "thumbNail": "https://static.colruytgroup.com/images/200x200/std.lang.all/91/22/asset-3209122.jpg",
    "fullImage": "https://static.colruytgroup.com/images/500x500/std.lang.all/91/22/asset-3209122.jpg",
    "squareImage": "https://static.colruytgroup.com/images/500x500sq/std.lang.all/91/22/asset-3209122.jpg",
    "content": "25cl",
    "walkRouteSequenceNumber": 4278,
    "price": {
      "basicPrice": 0.998,
      "recommendedQuantity": "12.0",
      "measurementUnitPrice": 4,
      "measurementUnit": "L",
      "isRedPrice": false,
      "pricePerUOM": 4,
      "activationDate": "05-03-2024",
      "recordSource": "Offline",
      "isPromoActive": "N",
      "priceChangeCode": "L"
    },
    "isAvailable": true,
    "isPriceAvailable": true,
    "inPromo": false,
    "gtin": [
      "05449000205285",
      "05449000202017",
      "05449000018908",
      "00000090338243",
      "05449000175823",
      "05449000128836"
    ],
    "topCategoryName": "Dranken",
    "topCategoryId": "354",
    "businessDomain": "RETAIL_BE",
    "IsPrivateLabel": false,
    "IsBiffe": false,
    "WeightconversionFactor": "0",
    "IsWeightArticle": false,
    "IsBio": false,
    "CountryOfOrigin": "BELGIË",
    "IsExclusivelySoldInLuxembourg": false,
    "OrderUnit": "P",
    "ShortName": "COCA REGULAR PET 25CL",
    "IsNew": false,
    "RecentQuanityOfStockUnits": "24,12,1",
    "LongName": "COCA-COLA Regular Origin. Taste PET 25cl",
    "AlcoholVolume": "0",
    "FicCode": "E"
  },
  {
    "productId": "1439",
    "technicalArticleNumber": "19430",
    "commercialArticleNumber": "19430",
    "name": "grenadinesiroop",
    "description": "*Smaak: grenadine\n*1/8 siroop -\n7/8 water",
    "brand": "BONI",
    "seoBrand": "Boni Selection",
    "thumbNail": "https://static.colruytgroup.com/images/200x200/std.lang.all/66/16/asset-3026616.jpg",
    "fullImage": "https://static.colruytgroup.com/images/500x500/std.lang.all/66/16/asset-3026616.jpg",
    "squareImage": "https://static.colruytgroup.com/images/500x500sq/std.lang.all/66/16/asset-3026616.jpg",
    "content": "75cl",
    "walkRouteSequenceNumber": 4017,
    "price": {
      "basicPrice": 1.99,
      "recommendedQuantity": "1.0",
      "measurementUnitPrice": 2.66,
      "measurementUnit": "L",
      "isRedPrice": false,
      "pricePerUOM": 2.66,
      "activationDate": "12-03-2024",
      "recordSource": "Offline",
      "isPromoActive": "N",
      "priceChangeCode": "E"
    },
    "isAvailable": true,
    "isPriceAvailable": true,
    "inPromo": false,
    "gtin": [
      "15400141290711",
      "05400141038231",
      "05400141393057",
      "15400141819813",
      "05400141290714"
    ],
    "topCategoryName": "Dranken",
    "topCategoryId": "354",
    "businessDomain": "RETAIL_BE",
    "IsPrivateLabel": true,
    "IsBiffe": false,
    "WeightconversionFactor": "0",
    "IsWeightArticle": false,
    "nutriscoreLabel": "E",
    "IsBio": false,
    "CountryOfOrigin": "FRANKRIJK",
    "IsExclusivelySoldInLuxembourg": false,
    "OrderUnit": "P",
    "ShortName": "BONI GRENADINE SIR.75CL",
    "InSeason": true,
    "IsNew": false,
    "EcoscoreLabel": "A",
    "RecentQuanityOfStockUnits": "6,1",
    "LongName": "BONI grenadinesiroop 75cl",
    "AlcoholVolume": "0",
    "StartSeasonDate": "26/04/2006",
    "FicCode": "I",
    "EcoscoreValue": "100"
  },
  {
    "productId": "11176",
    "technicalArticleNumber": "1350971",
    "commercialArticleNumber": "5386",
    "name": "cola",
    "description": "*Frisdrank\n*Cola\n*Met zoetstoffen",
    "brand": "PEPSI ZERO SUGAR",
    "seoBrand": "Pepsi Zero Sugar",
    "thumbNail": "https://static.colruytgroup.com/images/200x200/std.lang.all/25/65/asset-3432565.jpg",
    "fullImage": "https://static.colruytgroup.com/images/500x500/std.lang.all/25/65/asset-3432565.jpg",
    "squareImage": "https://static.colruytgroup.com/images/500x500sq/std.lang.all/25/65/asset-3432565.jpg",
    "content": "50cl",
    "walkRouteSequenceNumber": 4305,
    "price": {
      "basicPrice": 0.68,
      "recommendedQuantity": "6.0",
      "measurementUnitPrice": 1.36,
      "measurementUnit": "L",
      "isRedPrice": false,
      "pricePerUOM": 1.36,
      "activationDate": "19-03-2024",
      "recordSource": "Offline",
      "isPromoActive": "N",
      "priceChangeCode": "L"
    },
    "isAvailable": true,
    "isPriceAvailable": true,
    "inPromo": false,
    "gtin": [
      "03502110000651",
      "03502110000736",
      "08710398519092",
      "08710398519405",
      "04060800144041",
      "08710398519108"
    ],
    "topCategoryName": "Dranken",
    "topCategoryId": "354",
    "businessDomain": "RETAIL_BE",
    "IsPrivateLabel": false,
    "IsBiffe": false,
    "WeightconversionFactor": "0",
    "IsWeightArticle": false,
    "nutriscoreLabel": "B",
    "IsBio": false,
    "CountryOfOrigin": "EUROPA",
    "IsExclusivelySoldInLuxembourg": false,
    "OrderUnit": "P",
    "ShortName": "PEPSI ZS COLA 50CL",
    "InSeason": true,
    "IsNew": false,
    "RecentQuanityOfStockUnits": "6,1,24",
    "LongName": "PEPSI ZERO SUGAR cola 50cl",
    "StartSeasonDate": "03/01/2008",
    "FicCode": "E"
  },
  {
    "productId": "13385",
    "technicalArticleNumber": "1308321",
    "commercialArticleNumber": "5470",
    "name": "energiedrank",
    "description": "*Energiedrank\n*Cafeïne\n*Suiker/zoetstoffen",
    "brand": "NALU",
    "seoBrand": "Nalu",
    "thumbNail": "https://static.colruytgroup.com/images/200x200/std.lang.all/49/75/asset-2294975.jpg",
    "fullImage": "https://static.colruytgroup.com/images/500x500/std.lang.all/49/75/asset-2294975.jpg",
    "squareImage": "https://static.colruytgroup.com/images/500x500sq/std.lang.all/49/75/asset-2294975.jpg",
    "content": "25cl",
    "walkRouteSequenceNumber": 4671,
    "price": {
      "basicPrice": 1.08,
      "recommendedQuantity": "6.0",
      "measurementUnitPrice": 4.32,
      "measurementUnit": "L",
      "isRedPrice": false,
      "pricePerUOM": 4.32,
      "activationDate": "29-02-2024",
      "recordSource": "Offline",
      "isPromoActive": "N",
      "priceChangeCode": "E"
    },
    "isAvailable": true,
    "isPriceAvailable": true,
    "inPromo": false,
    "gtin": [
      "00000042094302",
      "05060466511880",
      "05060466511927",
      "05060466511910"
    ],
    "topCategoryName": "Dranken",
    "topCategoryId": "354",
    "businessDomain": "RETAIL_BE",
    "IsPrivateLabel": false,
    "IsBiffe": false,
    "WeightconversionFactor": "0",
    "IsWeightArticle": false,
    "nutriscoreLabel": "D",
    "IsBio": false,
    "CountryOfOrigin": "BELGIË",
    "IsExclusivelySoldInLuxembourg": false,
    "OrderUnit": "P",
    "ShortName": "NALU BLIK 25CL",
    "IsNew": false,
    "RecentQuanityOfStockUnits": "24,6,1",
    "LongName": "NALU energiedrank 25cl",
    "AlcoholVolume": "0",
    "FicCode": "E"
  },
  {
    "productId": "141335",
    "technicalArticleNumber": "3149848",
    "commercialArticleNumber": "38678",
    "name": "plat water",
    "description": "* Mineraal water\n* Niet-bruisend\n* Droogrest: 1084 mg/l",
    "brand": "VITTEL",
    "seoBrand": "Vittel",
    "thumbNail": "https://static.colruytgroup.com/images/200x200/std.lang.all/18/29/asset-2341829.jpg",
    "fullImage": "https://static.colruytgroup.com/images/500x500/std.lang.all/18/29/asset-2341829.jpg",
    "squareImage": "https://static.colruytgroup.com/images/500x500sq/std.lang.all/18/29/asset-2341829.jpg",
    "content": "1,5L",
    "walkRouteSequenceNumber": 3953,
    "price": {
      "basicPrice": 0.83,
      "recommendedQuantity": "8.0",
      "measurementUnitPrice": 0.56,
      "measurementUnit": "L",
      "isRedPrice": false,
      "pricePerUOM": 0.56,
      "activationDate": "13-03-2024",
      "recordSource": "Offline",
      "isPromoActive": "N",
      "priceChangeCode": "E"
    },
    "isAvailable": true,
    "isPriceAvailable": true,
    "inPromo": true,
    "promotion": [
      {
        "techPromoId": "100853COLR",
        "promotionId": "100853",
        "promotionType": "3",
        "isPersonalized": "N",
        "publicationStartDate": "13-03-2024",
        "publicationEndDate": "26-03-2024"
      }
    ],
    "gtin": [
      "07613036249928",
      "05400141156546",
      "07613036249935",
      "07613036313230",
      "03048431001545"
    ],
    "topCategoryName": "Dranken",
    "topCategoryId": "354",
    "businessDomain": "RETAIL_BE",
    "IsPrivateLabel": false,
    "IsBiffe": false,
    "WeightconversionFactor": "0",
    "IsWeightArticle": false,
    "nutriscoreLabel": "A",
    "IsBio": false,
    "CountryOfOrigin": "FRANKRIJK",
    "IsExclusivelySoldInLuxembourg": false,
    "OrderUnit": "P",
    "ShortName": "VITTEL 1L5 PET",
    "IsNew": false,
    "RecentQuanityOfStockUnits": "8,6,1",
    "LongName": "VITTEL plat water 1,5L",
    "AlcoholVolume": "0",
    "FicCode": "E"
  },
  {
    "productId": "1661",
    "technicalArticleNumber": "22360",
    "commercialArticleNumber": "22360",
    "name": "Dessert gemalen",
    "description": "*Zachte koffie\n*Fijne smaak\n*Gemalen koffie",
    "brand": "DOUWE EGBERTS",
    "seoBrand": "Douwe Egberts",
    "thumbNail": "https://static.colruytgroup.com/images/200x200/std.lang.all/18/20/asset-1481820.jpg",
    "fullImage": "https://static.colruytgroup.com/images/500x500/std.lang.all/18/20/asset-1481820.jpg",
    "squareImage": "https://static.colruytgroup.com/images/500x500sq/std.lang.all/18/20/asset-1481820.jpg",
    "content": "250g",
    "walkRouteSequenceNumber": 1146,
    "price": {
      "basicPrice": 3.49,
      "recommendedQuantity": "1.0",
      "measurementUnitPrice": 13.96,
      "measurementUnit": "K",
      "isRedPrice": false,
      "pricePerUOM": 13.96,
      "activationDate": "26-02-2024",
      "recordSource": "Offline",
      "isPromoActive": "N",
      "priceChangeCode": "E"
    },
    "isAvailable": true,
    "isPriceAvailable": true,
    "inPromo": false,
    "gtin": [
      "05410138002015",
      "05410138049256",
      "05410138049300"
    ],
    "topCategoryName": "Dranken",
    "topCategoryId": "354",
    "businessDomain": "RETAIL_BE",
    "IsPrivateLabel": false,
    "IsBiffe": false,
    "WeightconversionFactor": "0",
    "IsWeightArticle": false,
    "nutriscoreLabel": "B",
    "IsBio": false,
    "CountryOfOrigin": "FRANKRIJK",
    "IsExclusivelySoldInLuxembourg": false,
    "OrderUnit": "P",
    "ShortName": "D EGB DESSERT GEMAL 250",
    "IsNew": false,
    "RecentQuanityOfStockUnits": "12,1",
    "LongName": "DOUWE EGBERTS Dessert gemalen 250g",
    "AlcoholVolume": "0",
    "FicCode": "E"
  },
  {
    "productId": "39987",
    "technicalArticleNumber": "1803122",
    "commercialArticleNumber": "5237",
    "name": "Limonade Orange",
    "description": "*Smaak: sinaasappel\n*Bruisend\n*Met suiker",
    "brand": "EVERYDAY",
    "seoBrand": "Everyday",
    "thumbNail": "https://static.colruytgroup.com/images/200x200/nl_be/53/76/asset-2825376.jpg",
    "fullImage": "https://static.colruytgroup.com/images/500x500/nl_be/53/76/asset-2825376.jpg",
    "squareImage": "https://static.colruytgroup.com/images/500x500sq/nl_be/53/76/asset-2825376.jpg",
    "content": "50cl",
    "walkRouteSequenceNumber": 3994,
    "price": {
      "basicPrice": 0.31,
      "recommendedQuantity": "6.0",
      "measurementUnitPrice": 0.62,
      "measurementUnit": "L",
      "isRedPrice": false,
      "pricePerUOM": 0.62,
      "activationDate": "15-03-2024",
      "recordSource": "Offline",
      "isPromoActive": "N",
      "priceChangeCode": "L"
    },
    "isAvailable": true,
    "isPriceAvailable": true,
    "inPromo": false,
    "gtin": [
      "05400141026351",
      "05400141052374",
      "15400141966111",
      "05400141086683",
      "05400141087284",
      "05400141080261"
    ],
    "topCategoryName": "Dranken",
    "topCategoryId": "354",
    "businessDomain": "RETAIL_BE",
    "IsPrivateLabel": true,
    "IsBiffe": false,
    "WeightconversionFactor": "0",
    "IsWeightArticle": false,
    "nutriscoreLabel": "E",
    "IsBio": false,
    "CountryOfOrigin": "NEDERLAND",
    "IsExclusivelySoldInLuxembourg": false,
    "OrderUnit": "P",
    "ShortName": "EVD SIN LIM SAP PET 50C",
    "IsNew": false,
    "RecentQuanityOfStockUnits": "24,6,1",
    "LongName": "EVERYDAY Limonade Orange 50cl",
    "AlcoholVolume": "0",
    "FicCode": "I"
  },
  {
    "productId": "11174",
    "technicalArticleNumber": "1350965",
    "commercialArticleNumber": "5342",
    "name": "plat water sportdop",
    "description": "*Mineraalwater\n*Niet-bruisend\n*Droogrest: 872 mg/l",
    "brand": "BONI",
    "seoBrand": "Boni Selection",
    "thumbNail": "https://static.colruytgroup.com/images/200x200/std.lang.all/45/13/asset-2834513.jpg",
    "fullImage": "https://static.colruytgroup.com/images/500x500/std.lang.all/45/13/asset-2834513.jpg",
    "squareImage": "https://static.colruytgroup.com/images/500x500sq/std.lang.all/45/13/asset-2834513.jpg",
    "content": "50cl",
    "walkRouteSequenceNumber": 1612,
    "price": {
      "basicPrice": 0.39,
      "recommendedQuantity": "12.0",
      "quantityPrice": 0.36,
      "quantityPriceQuantity": "36.0",
      "measurementUnitPrice": 0.78,
      "measurementUnitQuantityPrice": 0.72,
      "measurementUnit": "L",
      "isRedPrice": false,
      "pricePerUOM": 0.78,
      "activationDate": "17-01-2024",
      "isPromoActive": "N",
      "priceChangeCode": "E",
      "quantityPricePerUOM": 0.72,
      "quantityActivationDate": "17-01-2024",
      "quantityPriceChangeCode": "E"
    },
    "isAvailable": true,
    "isPriceAvailable": true,
    "inPromo": false,
    "gtin": [
      "05400141087420",
      "15400141420118",
      "05400141420111",
      "05400141087024",
      "05400141087031",
      "05400141103625",
      "15400141103622",
      "15400141295259",
      "05400141051971",
      "05400141295252"
    ],
    "topCategoryName": "Dranken",
    "topCategoryId": "354",
    "businessDomain": "RETAIL_BE",
    "IsPrivateLabel": true,
    "IsBiffe": false,
    "WeightconversionFactor": "0",
    "IsWeightArticle": false,
    "nutriscoreLabel": "A",
    "IsBio": false,
    "CountryOfOrigin": "FRANKRIJK",
    "IsExclusivelySoldInLuxembourg": false,
    "OrderUnit": "P",
    "ShortName": "BONI PLAT SPORT 50CL",
    "IsNew": false,
    "RecentQuanityOfStockUnits": "1,12",
    "LongName": "BONI plat water sportdop 50cl",
    "FicCode": "I"
  },
  {
    "productId": "12011",
    "technicalArticleNumber": "1377407",
    "commercialArticleNumber": "5585",
    "name": "halfvolle chocomelk brik",
    "description": "*Halfvolle melk",
    "brand": "EVERYDAY",
    "seoBrand": "Everyday",
    "thumbNail": "https://static.colruytgroup.com/images/200x200/std.lang.all/63/50/asset-2906350.jpg",
    "fullImage": "https://static.colruytgroup.com/images/500x500/std.lang.all/63/50/asset-2906350.jpg",
    "squareImage": "https://static.colruytgroup.com/images/500x500sq/std.lang.all/63/50/asset-2906350.jpg",
    "content": "1L",
    "walkRouteSequenceNumber": 6359,
    "price": {
      "basicPrice": 0.99,
      "recommendedQuantity": "12.0",
      "measurementUnitPrice": 0.99,
      "measurementUnit": "L",
      "isRedPrice": false,
      "pricePerUOM": 0.99,
      "activationDate": "14-11-2023",
      "recordSource": "Offline",
      "isPromoActive": "N",
      "priceChangeCode": "E"
    },
    "isAvailable": true,
    "isPriceAvailable": true,
    "inPromo": false,
    "gtin": [
      "15400141105008",
      "05400141167733",
      "05400141105001",
      "15400141946281",
      "05400141946284"
    ],
    "topCategoryName": "Zuivel",
    "topCategoryId": "65",
    "businessDomain": "RETAIL_BE",
    "IsPrivateLabel": true,
    "IsBiffe": false,
    "WeightconversionFactor": "0",
    "IsWeightArticle": false,
    "nutriscoreLabel": "D",
    "IsBio": false,
    "CountryOfOrigin": "DUITSLAND",
    "IsExclusivelySoldInLuxembourg": false,
    "OrderUnit": "P",
    "ShortName": "EVD HALFVOL CHOCO 1L",
    "IsNew": false,
    "EcoscoreLabel": "D",
    "RecentQuanityOfStockUnits": "12,1",
    "LongName": "EVERYDAY halfvolle chocomelk brik 1L",
    "AlcoholVolume": "0",
    "FicCode": "I",
    "EcoscoreValue": "29"
  },
  {
    "productId": "27575",
    "technicalArticleNumber": "1938685",
    "commercialArticleNumber": "5330",
    "name": "No Sugar Orange",
    "description": "*Smaak: sinaasappel\n*Bruisend\n*Met zoetstoffen",
    "brand": "FANTA",
    "seoBrand": "Fanta",
    "thumbNail": "https://static.colruytgroup.com/images/200x200/std.lang.all/08/18/asset-2450818.jpg",
    "fullImage": "https://static.colruytgroup.com/images/500x500/std.lang.all/08/18/asset-2450818.jpg",
    "squareImage": "https://static.colruytgroup.com/images/500x500sq/std.lang.all/08/18/asset-2450818.jpg",
    "content": "33cl",
    "walkRouteSequenceNumber": 4348,
    "price": {
      "basicPrice": 0.865,
      "recommendedQuantity": "6.0",
      "measurementUnitPrice": 2.63,
      "measurementUnit": "L",
      "isRedPrice": false,
      "pricePerUOM": 2.63,
      "activationDate": "23-03-2024",
      "recordSource": "Offline",
      "isPromoActive": "Y",
      "priceChangeCode": "H"
    },
    "isAvailable": true,
    "isPriceAvailable": true,
    "inPromo": true,
    "promotion": [
      {
        "techPromoId": "100843COLR",
        "promotionId": "100843",
        "promotionType": "3",
        "isPersonalized": "N",
        "publicationStartDate": "13-03-2024",
        "publicationEndDate": "26-03-2024"
      }
    ],
    "gtin": [
      "05449000235374",
      "05449000139061",
      "05449000120977",
      "05449000120960",
      "05449000288530",
      "05449000235367"
    ],
    "topCategoryName": "Dranken",
    "topCategoryId": "354",
    "businessDomain": "RETAIL_BE",
    "IsPrivateLabel": false,
    "IsBiffe": false,
    "WeightconversionFactor": "0",
    "IsWeightArticle": false,
    "nutriscoreLabel": "C",
    "IsBio": false,
    "CountryOfOrigin": "BELGIË",
    "IsExclusivelySoldInLuxembourg": false,
    "OrderUnit": "P",
    "ShortName": "FANT NS ORANGE 33CL",
    "IsNew": false,
    "RecentQuanityOfStockUnits": "24,1,6,1",
    "LongName": "FANTA No Sugar Orange 33cl",
    "AlcoholVolume": "0",
    "FicCode": "E"
  },
  {
    "productId": "452834",
    "technicalArticleNumber": "4032676",
    "commercialArticleNumber": "5727",
    "name": "bruisend water",
    "description": "*Natuurlijk\nmineraalwater\n*Droogrest: 1280 mg/l",
    "brand": "BONI",
    "seoBrand": "Boni Selection",
    "thumbNail": "https://static.colruytgroup.com/images/200x200/nl_be/46/24/asset-2834624.jpg",
    "fullImage": "https://static.colruytgroup.com/images/500x500/nl_be/46/24/asset-2834624.jpg",
    "squareImage": "https://static.colruytgroup.com/images/500x500sq/nl_be/46/24/asset-2834624.jpg",
    "content": "1L",
    "walkRouteSequenceNumber": 3927,
    "price": {
      "basicPrice": 0.465,
      "recommendedQuantity": "6.0",
      "quantityPrice": 0.446,
      "quantityPriceQuantity": "18.0",
      "measurementUnitPrice": 0.465,
      "measurementUnitQuantityPrice": 0.447,
      "measurementUnit": "L",
      "isRedPrice": false,
      "pricePerUOM": 0.465,
      "activationDate": "03-02-2024",
      "recordSource": "Offline",
      "isPromoActive": "N",
      "priceChangeCode": "E",
      "quantityPricePerUOM": 0.447,
      "quantityActivationDate": "03-02-2024",
      "quantityPriceChangeCode": "H"
    },
    "isAvailable": true,
    "isPriceAvailable": true,
    "inPromo": false,
    "gtin": [
      "15400141242963",
      "15400141295624",
      "05400141242966",
      "05400141295627",
      "05400141572780",
      "15400141572787",
      "05400141420012",
      "15400141420019"
    ],
    "topCategoryName": "Dranken",
    "topCategoryId": "354",
    "businessDomain": "RETAIL_BE",
    "IsPrivateLabel": true,
    "IsBiffe": false,
    "WeightconversionFactor": "0",
    "IsWeightArticle": false,
    "nutriscoreLabel": "A",
    "IsBio": false,
    "CountryOfOrigin": "FRANKRIJK",
    "IsExclusivelySoldInLuxembourg": false,
    "OrderUnit": "P",
    "ShortName": "BONI BRUISEND WATER 1L",
    "IsNew": false,
    "RecentQuanityOfStockUnits": "1,6",
    "LongName": "BONI bruisend water 1L",
    "FicCode": "I"
  },
  {
    "productId": "9821",
    "technicalArticleNumber": "1400922",
    "commercialArticleNumber": "5900",
    "name": "plat water",
    "description": "*Mineraalwater\n*Niet-bruisend\n*Droogrest: 309 mg/l\n*Babyvoeding",
    "brand": "EVIAN",
    "seoBrand": "Evian",
    "thumbNail": "https://static.colruytgroup.com/images/200x200/std.lang.all/10/20/asset-3361020.jpg",
    "fullImage": "https://static.colruytgroup.com/images/500x500/std.lang.all/10/20/asset-3361020.jpg",
    "squareImage": "https://static.colruytgroup.com/images/500x500sq/std.lang.all/10/20/asset-3361020.jpg",
    "content": "1L",
    "walkRouteSequenceNumber": 3990,
    "price": {
      "basicPrice": 0.908,
      "recommendedQuantity": "6.0",
      "measurementUnitPrice": 0.91,
      "measurementUnit": "L",
      "isRedPrice": false,
      "pricePerUOM": 0.91,
      "activationDate": "20-02-2024",
      "recordSource": "Offline",
      "isPromoActive": "N",
      "priceChangeCode": "H"
    },
    "isAvailable": true,
    "isPriceAvailable": true,
    "inPromo": false,
    "gtin": [
      "03068320011707",
      "03068320015231",
      "03068320080000",
      "03068320111612",
      "03068320121581",
      "03068320121598",
      "03068320121611"
    ],
    "topCategoryName": "Dranken",
    "topCategoryId": "354",
    "businessDomain": "RETAIL_BE",
    "IsPrivateLabel": false,
    "IsBiffe": false,
    "WeightconversionFactor": "0",
    "IsWeightArticle": false,
    "nutriscoreLabel": "A",
    "IsBio": false,
    "CountryOfOrigin": "FRANKRIJK",
    "IsExclusivelySoldInLuxembourg": false,
    "OrderUnit": "P",
    "ShortName": "EVIA PLAT WATER 1L",
    "IsNew": false,
    "RecentQuanityOfStockUnits": "1,6",
    "LongName": "EVIAN plat water 1L",
    "AlcoholVolume": "0",
    "FicCode": "E"
  },
  {
    "productId": "22212",
    "technicalArticleNumber": "1984033",
    "commercialArticleNumber": "5170",
    "name": "abdijbier blond 6,6%",
    "description": "*Abdijbier\n*6,6 % vol",
    "brand": "LEFFE",
    "seoBrand": "Leffe",
    "thumbNail": "https://static.colruytgroup.com/images/200x200/std.lang.all/89/58/asset-2728958.jpg",
    "fullImage": "https://static.colruytgroup.com/images/500x500/std.lang.all/89/58/asset-2728958.jpg",
    "squareImage": "https://static.colruytgroup.com/images/500x500sq/std.lang.all/89/58/asset-2728958.jpg",
    "content": "8x33cl",
    "walkRouteSequenceNumber": 3962,
    "price": {
      "basicPrice": 8.78,
      "recommendedQuantity": "1.0",
      "measurementUnitPrice": 3.33,
      "measurementUnit": "L",
      "isRedPrice": false,
      "pricePerUOM": 3.33,
      "activationDate": "22-03-2024",
      "recordSource": "Offline",
      "isPromoActive": "N",
      "priceChangeCode": "H"
    },
    "isAvailable": true,
    "isPriceAvailable": true,
    "inPromo": false,
    "gtin": [
      "05400141025804",
      "05410228209218",
      "05410228208389",
      "05410228209232",
      "05410228213963",
      "05410228213987",
      "05410228213994",
      "05410228214007",
      "05410228216131"
    ],
    "topCategoryName": "Dranken",
    "topCategoryId": "354",
    "businessDomain": "RETAIL_BE",
    "IsPrivateLabel": false,
    "IsBiffe": false,
    "WeightconversionFactor": "0",
    "IsWeightArticle": false,
    "IsBio": false,
    "CountryOfOrigin": "BELGIË",
    "IsExclusivelySoldInLuxembourg": false,
    "OrderUnit": "P",
    "ShortName": "LEFF BLOND 8X33CL",
    "IsNew": false,
    "RecentQuanityOfStockUnits": "1,3",
    "LongName": "LEFFE abdijbier blond 6,6% 8x33cl",
    "AlcoholVolume": "6.6",
    "FicCode": "I",
    "DepositValue": [
      0.8
    ]
  },
  {
    "productId": "11724",
    "technicalArticleNumber": "1357344",
    "commercialArticleNumber": "5357",
    "name": "plat water",
    "description": "*Bronwater\n*Niet-bruisend\n*Droogrest: 208 mg/l\n*Babyvoeding",
    "brand": "NESTLÉ PURE LIFE",
    "seoBrand": "Nestlé Pure Life",
    "thumbNail": "https://static.colruytgroup.com/images/200x200/std.lang.all/27/82/asset-1772782.jpg",
    "fullImage": "https://static.colruytgroup.com/images/500x500/std.lang.all/27/82/asset-1772782.jpg",
    "squareImage": "https://static.colruytgroup.com/images/500x500sq/std.lang.all/27/82/asset-1772782.jpg",
    "content": "1,5L",
    "walkRouteSequenceNumber": 4000,
    "price": {
      "basicPrice": 0.648,
      "recommendedQuantity": "6.0",
      "measurementUnitPrice": 0.433,
      "measurementUnit": "L",
      "isRedPrice": false,
      "pricePerUOM": 0.433,
      "activationDate": "09-01-2024",
      "recordSource": "Offline",
      "isPromoActive": "N",
      "priceChangeCode": "E"
    },
    "isAvailable": true,
    "isPriceAvailable": true,
    "inPromo": false,
    "gtin": [
      "03700123300014",
      "03700123300045",
      "03700123300021"
    ],
    "topCategoryName": "Dranken",
    "topCategoryId": "354",
    "businessDomain": "RETAIL_BE",
    "IsPrivateLabel": false,
    "IsBiffe": false,
    "WeightconversionFactor": "0",
    "IsWeightArticle": false,
    "nutriscoreLabel": "A",
    "IsBio": false,
    "CountryOfOrigin": "BELGIË",
    "IsExclusivelySoldInLuxembourg": false,
    "OrderUnit": "P",
    "ShortName": "NESTLE PURE LIFE 1L5",
    "IsNew": false,
    "RecentQuanityOfStockUnits": "6,1",
    "LongName": "NESTLÉ PURE LIFE plat water 1,5L",
    "AlcoholVolume": "0",
    "FicCode": "E"
  },
  {
    "productId": "10946",
    "technicalArticleNumber": "1382179",
    "commercialArticleNumber": "5558",
    "name": "bruisend water",
    "description": "*Mineraalwater\n*Bruisend\n*Droogrest: 47 mg/l",
    "brand": "SPA INTENSE",
    "seoBrand": "Spa Intense",
    "thumbNail": "https://static.colruytgroup.com/images/200x200/std.lang.all/14/41/asset-681441.jpg",
    "fullImage": "https://static.colruytgroup.com/images/500x500/std.lang.all/14/41/asset-681441.jpg",
    "squareImage": "https://static.colruytgroup.com/images/500x500sq/std.lang.all/14/41/asset-681441.jpg",
    "content": "50cl",
    "walkRouteSequenceNumber": 3958,
    "price": {
      "basicPrice": 0.53,
      "recommendedQuantity": "6.0",
      "measurementUnitPrice": 1.06,
      "measurementUnit": "L",
      "isRedPrice": false,
      "pricePerUOM": 1.06,
      "activationDate": "15-03-2024",
      "recordSource": "Offline",
      "isPromoActive": "N",
      "priceChangeCode": "L"
    },
    "isAvailable": true,
    "isPriceAvailable": true,
    "inPromo": false,
    "gtin": [
      "05410013112631",
      "05410013112624",
      "05410013116578",
      "05410013112600"
    ],
    "topCategoryName": "Dranken",
    "topCategoryId": "354",
    "businessDomain": "RETAIL_BE",
    "IsPrivateLabel": false,
    "IsBiffe": false,
    "WeightconversionFactor": "0",
    "IsWeightArticle": false,
    "nutriscoreLabel": "A",
    "IsBio": false,
    "CountryOfOrigin": "BELGIË",
    "IsExclusivelySoldInLuxembourg": false,
    "OrderUnit": "P",
    "ShortName": "SPA INTENSE BRUIS.50CL",
    "IsNew": false,
    "RecentQuanityOfStockUnits": "24,6,1",
    "LongName": "SPA INTENSE bruisend water 50cl",
    "AlcoholVolume": "0",
    "FicCode": "E"
  },
  {
    "productId": "1456",
    "technicalArticleNumber": "19669",
    "commercialArticleNumber": "19669",
    "name": "ananassap brik",
    "description": "*Ananassap\n*Uit sapconcentraat\n*Met 100 % vruchten\n*Zonder pulp",
    "brand": "EVERYDAY",
    "seoBrand": "Everyday",
    "thumbNail": "https://static.colruytgroup.com/images/200x200/std.lang.all/02/93/asset-710293.jpg",
    "fullImage": "https://static.colruytgroup.com/images/500x500/std.lang.all/02/93/asset-710293.jpg",
    "squareImage": "https://static.colruytgroup.com/images/500x500sq/std.lang.all/02/93/asset-710293.jpg",
    "content": "1L",
    "walkRouteSequenceNumber": 4806,
    "price": {
      "basicPrice": 1.69,
      "recommendedQuantity": "12.0",
      "measurementUnitPrice": 1.69,
      "measurementUnit": "L",
      "isRedPrice": false,
      "pricePerUOM": 1.69,
      "activationDate": "17-02-2024",
      "recordSource": "Offline",
      "isPromoActive": "N",
      "priceChangeCode": "E"
    },
    "isAvailable": true,
    "isPriceAvailable": true,
    "inPromo": false,
    "gtin": [
      "05400141073973",
      "05400141123555",
      "05400141124026",
      "15400141907015",
      "15400141919605",
      "05400141719666"
    ],
    "topCategoryName": "Dranken",
    "topCategoryId": "354",
    "businessDomain": "RETAIL_BE",
    "IsPrivateLabel": true,
    "IsBiffe": false,
    "WeightconversionFactor": "0",
    "IsWeightArticle": false,
    "nutriscoreLabel": "D",
    "IsBio": false,
    "CountryOfOrigin": "NEDERLAND",
    "IsExclusivelySoldInLuxembourg": false,
    "OrderUnit": "P",
    "ShortName": "EVD ANANASSAP 1L",
    "IsNew": false,
    "EcoscoreLabel": "E",
    "RecentQuanityOfStockUnits": "12,1",
    "LongName": "EVERYDAY ananassap brik 1L",
    "AlcoholVolume": "0",
    "FicCode": "I",
    "EcoscoreValue": "0"
  },
  {
    "productId": "419",
    "technicalArticleNumber": "5084",
    "commercialArticleNumber": "5084",
    "name": "lichtbruisend water",
    "description": "*Mineraalwater\n*Lichtbruisend\n*Droogrest: 160 mg/l",
    "brand": "BRU",
    "seoBrand": "Bru",
    "thumbNail": "https://static.colruytgroup.com/images/200x200/std.lang.all/29/33/asset-1972933.jpg",
    "fullImage": "https://static.colruytgroup.com/images/500x500/std.lang.all/29/33/asset-1972933.jpg",
    "squareImage": "https://static.colruytgroup.com/images/500x500sq/std.lang.all/29/33/asset-1972933.jpg",
    "content": "1,25L",
    "walkRouteSequenceNumber": 3908,
    "price": {
      "basicPrice": 1.03,
      "recommendedQuantity": "8.0",
      "measurementUnitPrice": 0.83,
      "measurementUnit": "L",
      "isRedPrice": false,
      "pricePerUOM": 0.83,
      "activationDate": "28-02-2024",
      "recordSource": "Offline",
      "isPromoActive": "N",
      "priceChangeCode": "E"
    },
    "isAvailable": true,
    "isPriceAvailable": true,
    "inPromo": false,
    "gtin": [
      "05410013312796",
      "05410013305002",
      "05410013305033",
      "05410013312512"
    ],
    "topCategoryName": "Dranken",
    "topCategoryId": "354",
    "businessDomain": "RETAIL_BE",
    "IsPrivateLabel": false,
    "IsBiffe": false,
    "WeightconversionFactor": "0",
    "IsWeightArticle": false,
    "nutriscoreLabel": "A",
    "IsBio": false,
    "CountryOfOrigin": "BELGIË",
    "IsExclusivelySoldInLuxembourg": false,
    "OrderUnit": "P",
    "ShortName": "BRU 1L25 VV",
    "IsNew": false,
    "RecentQuanityOfStockUnits": "1,8",
    "LongName": "BRU lichtbruisend water 1,25L",
    "AlcoholVolume": "0",
    "FicCode": "E"
  },
  {
    "productId": "18939",
    "technicalArticleNumber": "1718907",
    "commercialArticleNumber": "18969",
    "name": "Multivitamin",
    "description": "*Multivruchtendrank\n*Uit sapconcentraat\n*Met 12 % vruchten\n*Zonder pulp",
    "brand": "CAPRI-SUN",
    "seoBrand": "Capri-Sun",
    "thumbNail": "https://static.colruytgroup.com/images/200x200/std.lang.all/47/10/asset-2494710.jpg",
    "fullImage": "https://static.colruytgroup.com/images/500x500/std.lang.all/47/10/asset-2494710.jpg",
    "squareImage": "https://static.colruytgroup.com/images/500x500sq/std.lang.all/47/10/asset-2494710.jpg",
    "content": "10x20cl",
    "walkRouteSequenceNumber": 4089,
    "price": {
      "basicPrice": 3.79,
      "recommendedQuantity": "1.0",
      "measurementUnitPrice": 1.9,
      "measurementUnit": "L",
      "isRedPrice": false,
      "pricePerUOM": 1.9,
      "activationDate": "23-03-2024",
      "recordSource": "Folder",
      "isPromoActive": "N",
      "priceChangeCode": "E"
    },
    "isAvailable": true,
    "isPriceAvailable": true,
    "inPromo": false,
    "gtin": [
      "04000177158333",
      "04000177158319",
      "04000177158326",
      "04000177158357"
    ],
    "topCategoryName": "Dranken",
    "topCategoryId": "354",
    "businessDomain": "RETAIL_BE",
    "IsPrivateLabel": false,
    "IsBiffe": false,
    "WeightconversionFactor": "0",
    "IsWeightArticle": false,
    "nutriscoreLabel": "D",
    "IsBio": false,
    "CountryOfOrigin": "DUITSLAND",
    "IsExclusivelySoldInLuxembourg": false,
    "OrderUnit": "P",
    "ShortName": "CAPR MULTIVITAMIN10X20C",
    "InSeason": true,
    "IsNew": false,
    "RecentQuanityOfStockUnits": "1",
    "LongName": "CAPRI-SUN Multivitamin 10x20cl",
    "AlcoholVolume": "0",
    "StartSeasonDate": "23/04/2020",
    "FicCode": "E"
  },
  {
    "productId": "36063",
    "technicalArticleNumber": "1828040",
    "commercialArticleNumber": "5550",
    "name": "energiedrank Zero blik",
    "description": "*Energiedrank\n*Taurine/cafeïne\n*Met zoetstoffen",
    "brand": "RODEO",
    "seoBrand": "Rodeo",
    "thumbNail": "https://static.colruytgroup.com/images/200x200/std.lang.all/80/24/asset-928024.jpg",
    "fullImage": "https://static.colruytgroup.com/images/500x500/std.lang.all/80/24/asset-928024.jpg",
    "squareImage": "https://static.colruytgroup.com/images/500x500sq/std.lang.all/80/24/asset-928024.jpg",
    "content": "25cl",
    "walkRouteSequenceNumber": 4680,
    "price": {
      "basicPrice": 0.33,
      "recommendedQuantity": "6.0",
      "measurementUnitPrice": 1.32,
      "measurementUnit": "L",
      "isRedPrice": false,
      "pricePerUOM": 1.32,
      "activationDate": "02-02-2024",
      "recordSource": "Offline",
      "isPromoActive": "N",
      "priceChangeCode": "L"
    },
    "isAvailable": true,
    "isPriceAvailable": true,
    "inPromo": false,
    "gtin": [
      "08711900014029",
      "08711900015637",
      "08711900014036"
    ],
    "topCategoryName": "Dranken",
    "topCategoryId": "354",
    "businessDomain": "RETAIL_BE",
    "IsPrivateLabel": false,
    "IsBiffe": false,
    "WeightconversionFactor": "0",
    "IsWeightArticle": false,
    "nutriscoreLabel": "C",
    "IsBio": false,
    "CountryOfOrigin": "NEDERLAND",
    "IsExclusivelySoldInLuxembourg": false,
    "OrderUnit": "P",
    "ShortName": "RODEO ENERGYDR.ZERO25CL",
    "IsNew": false,
    "RecentQuanityOfStockUnits": "1,6,24",
    "LongName": "RODEO energiedrank Zero blik 25cl",
    "AlcoholVolume": "0",
    "FicCode": "E"
  },
  {
    "productId": "59605",
    "technicalArticleNumber": "2322427",
    "commercialArticleNumber": "18390",
    "name": "plat water",
    "description": "*Mineraalwater\n*Niet-bruisend\n*Droogrest:2078 mg/l",
    "brand": "CONTREX",
    "seoBrand": "Contrex",
    "thumbNail": "https://static.colruytgroup.com/images/200x200/std.lang.all/48/14/asset-2314814.jpg",
    "fullImage": "https://static.colruytgroup.com/images/500x500/std.lang.all/48/14/asset-2314814.jpg",
    "squareImage": "https://static.colruytgroup.com/images/500x500sq/std.lang.all/48/14/asset-2314814.jpg",
    "content": "1,5L",
    "walkRouteSequenceNumber": 3882,
    "price": {
      "basicPrice": 0.897,
      "recommendedQuantity": "8.0",
      "measurementUnitPrice": 0.6,
      "measurementUnit": "L",
      "isRedPrice": false,
      "pricePerUOM": 0.6,
      "activationDate": "15-03-2024",
      "recordSource": "Offline",
      "isPromoActive": "N",
      "priceChangeCode": "L"
    },
    "isAvailable": true,
    "isPriceAvailable": true,
    "inPromo": false,
    "gtin": [
      "07613032762551",
      "03179730100018",
      "03179730100001"
    ],
    "topCategoryName": "Dranken",
    "topCategoryId": "354",
    "businessDomain": "RETAIL_BE",
    "IsPrivateLabel": false,
    "IsBiffe": false,
    "WeightconversionFactor": "0",
    "IsWeightArticle": false,
    "nutriscoreLabel": "A",
    "IsBio": false,
    "CountryOfOrigin": "FRANKRIJK",
    "IsExclusivelySoldInLuxembourg": false,
    "OrderUnit": "P",
    "ShortName": "CONTREX 1L5",
    "IsNew": false,
    "RecentQuanityOfStockUnits": "1,8,6",
    "LongName": "CONTREX plat water 1,5L",
    "AlcoholVolume": "0",
    "FicCode": "E"
  },
  {
    "productId": "213059",
    "technicalArticleNumber": "3526017",
    "commercialArticleNumber": "11490",
    "name": "Iced Tea Peach niet-bruisend",
    "description": "*Smaak: perzik\n*Niet-bruisend",
    "brand": "BONI",
    "seoBrand": "Boni Selection",
    "thumbNail": "https://static.colruytgroup.com/images/200x200/std.lang.all/50/07/asset-1125007.jpg",
    "fullImage": "https://static.colruytgroup.com/images/500x500/std.lang.all/50/07/asset-1125007.jpg",
    "squareImage": "https://static.colruytgroup.com/images/500x500sq/std.lang.all/50/07/asset-1125007.jpg",
    "content": "50cl",
    "walkRouteSequenceNumber": 4199,
    "price": {
      "basicPrice": 0.49,
      "recommendedQuantity": "6.0",
      "measurementUnitPrice": 0.98,
      "measurementUnit": "L",
      "isRedPrice": false,
      "pricePerUOM": 0.98,
      "activationDate": "05-12-2023",
      "recordSource": "Offline",
      "isPromoActive": "N",
      "priceChangeCode": "E"
    },
    "isAvailable": true,
    "isPriceAvailable": true,
    "inPromo": false,
    "gtin": [
      "25400141819230",
      "15400141295150",
      "25400141295157",
      "15400141039952",
      "05400141295153",
      "05400141039955",
      "15400141819233",
      "05400141819236"
    ],
    "topCategoryName": "Dranken",
    "topCategoryId": "354",
    "businessDomain": "RETAIL_BE",
    "IsPrivateLabel": true,
    "IsBiffe": false,
    "WeightconversionFactor": "0",
    "IsWeightArticle": false,
    "nutriscoreLabel": "D",
    "IsBio": false,
    "CountryOfOrigin": "DUITSLAND",
    "IsExclusivelySoldInLuxembourg": false,
    "OrderUnit": "P",
    "ShortName": "BONI ICED TEA PEACH50CL",
    "IsNew": false,
    "RecentQuanityOfStockUnits": "24,6,1,1",
    "LongName": "BONI Iced Tea Peach niet-bruisend 50cl",
    "AlcoholVolume": "0",
    "FicCode": "I"
  },
  {
    "productId": "93297",
    "technicalArticleNumber": "2802068",
    "commercialArticleNumber": "21365",
    "name": "Green Tea niet-bruisend",
    "description": "*Smaak: groene thee\n*Niet-bruisend\n*Met suiker en\nzoetstoffen",
    "brand": "BONI",
    "seoBrand": "Boni Selection",
    "thumbNail": "https://static.colruytgroup.com/images/200x200/nl_be/66/43/asset-2246643.jpg",
    "fullImage": "https://static.colruytgroup.com/images/500x500/nl_be/66/43/asset-2246643.jpg",
    "squareImage": "https://static.colruytgroup.com/images/500x500sq/nl_be/66/43/asset-2246643.jpg",
    "content": "33cl",
    "walkRouteSequenceNumber": 4198,
    "price": {
      "basicPrice": 0.45,
      "recommendedQuantity": "6.0",
      "measurementUnitPrice": 1.37,
      "measurementUnit": "L",
      "isRedPrice": false,
      "pricePerUOM": 1.37,
      "activationDate": "02-03-2024",
      "recordSource": "Offline",
      "isPromoActive": "N",
      "priceChangeCode": "E"
    },
    "isAvailable": true,
    "isPriceAvailable": true,
    "inPromo": false,
    "gtin": [
      "05400141080025",
      "05400141353303",
      "05400141353747",
      "15400141037323",
      "15400141302827",
      "25400141037320",
      "25400141302824",
      "05400141037326",
      "05400141302820"
    ],
    "topCategoryName": "Dranken",
    "topCategoryId": "354",
    "businessDomain": "RETAIL_BE",
    "IsPrivateLabel": true,
    "IsBiffe": false,
    "WeightconversionFactor": "0",
    "IsWeightArticle": false,
    "nutriscoreLabel": "D",
    "IsBio": false,
    "CountryOfOrigin": "NEDERLAND",
    "IsExclusivelySoldInLuxembourg": false,
    "OrderUnit": "P",
    "ShortName": "BONI GREEN TEA 33CL",
    "InSeason": true,
    "IsNew": false,
    "RecentQuanityOfStockUnits": "24,6,1",
    "LongName": "BONI Green Tea niet-bruisend 33cl",
    "AlcoholVolume": "0",
    "StartSeasonDate": "25/02/2014",
    "FicCode": "I"
  },
  {
    "productId": "20558",
    "technicalArticleNumber": "2244560",
    "commercialArticleNumber": "4671",
    "name": "Ice Tea Zero bruisend",
    "description": "*Ice tea\n*Zwarte theesmaak\n*Sparkling\n*Ijs thee\n*Soft drink",
    "brand": "LIPTON",
    "seoBrand": "Lipton",
    "thumbNail": "https://static.colruytgroup.com/images/200x200/std.lang.all/53/39/asset-3205339.jpg",
    "fullImage": "https://static.colruytgroup.com/images/500x500/std.lang.all/53/39/asset-3205339.jpg",
    "squareImage": "https://static.colruytgroup.com/images/500x500sq/std.lang.all/53/39/asset-3205339.jpg",
    "content": "33cl",
    "walkRouteSequenceNumber": 4206,
    "price": {
      "basicPrice": 0.772,
      "recommendedQuantity": "8.0",
      "measurementUnitPrice": 2.35,
      "measurementUnit": "L",
      "isRedPrice": false,
      "pricePerUOM": 2.35,
      "activationDate": "23-03-2024",
      "recordSource": "Offline",
      "isPromoActive": "N",
      "priceChangeCode": "H"
    },
    "isAvailable": true,
    "isPriceAvailable": true,
    "inPromo": false,
    "gtin": [
      "08711327597051",
      "08711327596825",
      "08722700696599",
      "08717163938089",
      "08717163937839",
      "08717163937778",
      "08712100334221",
      "08711327596696"
    ],
    "topCategoryName": "Dranken",
    "topCategoryId": "354",
    "businessDomain": "RETAIL_BE",
    "IsPrivateLabel": false,
    "IsBiffe": false,
    "WeightconversionFactor": "0",
    "IsWeightArticle": false,
    "nutriscoreLabel": "C",
    "IsBio": false,
    "CountryOfOrigin": "BELGIË",
    "IsExclusivelySoldInLuxembourg": false,
    "OrderUnit": "P",
    "ShortName": "LIPT ICE TEA ZERO 33CL",
    "IsNew": false,
    "RecentQuanityOfStockUnits": "1,24,8",
    "LongName": "LIPTON Ice Tea Zero bruisend 33cl",
    "AlcoholVolume": "0",
    "FicCode": "E"
  },
  {
    "productId": "106554",
    "technicalArticleNumber": "3096793",
    "commercialArticleNumber": "40689",
    "name": "Limonade Orange Zero",
    "description": "*Bruisende limonade\n*Smaak: sinaasappel\n*Met zoetstoffen",
    "brand": "EVERYDAY",
    "seoBrand": "Everyday",
    "thumbNail": "https://static.colruytgroup.com/images/200x200/std.lang.all/72/54/asset-3417254.jpg",
    "fullImage": "https://static.colruytgroup.com/images/500x500/std.lang.all/72/54/asset-3417254.jpg",
    "squareImage": "https://static.colruytgroup.com/images/500x500sq/std.lang.all/72/54/asset-3417254.jpg",
    "content": "1,5L",
    "walkRouteSequenceNumber": 3995,
    "price": {
      "basicPrice": 0.75,
      "recommendedQuantity": "6.0",
      "measurementUnitPrice": 0.5,
      "measurementUnit": "L",
      "isRedPrice": false,
      "pricePerUOM": 0.5,
      "activationDate": "29-02-2024",
      "recordSource": "Offline",
      "isPromoActive": "N",
      "priceChangeCode": "H"
    },
    "isAvailable": true,
    "isPriceAvailable": true,
    "inPromo": false,
    "gtin": [
      "05400141086805",
      "25400141101717",
      "05400141122565",
      "05400141108347",
      "05400141080483",
      "05400141086799",
      "05400141101713"
    ],
    "topCategoryName": "Dranken",
    "topCategoryId": "354",
    "businessDomain": "RETAIL_BE",
    "IsPrivateLabel": true,
    "IsBiffe": false,
    "WeightconversionFactor": "0",
    "IsWeightArticle": false,
    "nutriscoreLabel": "C",
    "IsBio": false,
    "CountryOfOrigin": "BELGIË",
    "IsExclusivelySoldInLuxembourg": false,
    "OrderUnit": "P",
    "ShortName": "EVD LIMO ORANG.ZERO1.5L",
    "IsNew": false,
    "RecentQuanityOfStockUnits": "1,6",
    "LongName": "EVERYDAY Limonade Orange Zero 1,5L",
    "AlcoholVolume": "0",
    "FicCode": "I"
  },
  {
    "productId": "302653",
    "technicalArticleNumber": "3700297",
    "commercialArticleNumber": "10478",
    "name": "Blond 8,4%",
    "description": "*3 granen bier\n*8,4 % vol",
    "brand": "TRIPEL KARMELIET",
    "seoBrand": "Tripel Karmeliet",
    "thumbNail": "https://static.colruytgroup.com/images/200x200/std.lang.all/12/47/asset-1231247.jpg",
    "fullImage": "https://static.colruytgroup.com/images/500x500/std.lang.all/12/47/asset-1231247.jpg",
    "squareImage": "https://static.colruytgroup.com/images/500x500sq/std.lang.all/12/47/asset-1231247.jpg",
    "content": "6x33cl",
    "walkRouteSequenceNumber": 3687,
    "price": {
      "basicPrice": 9.28,
      "recommendedQuantity": "1.0",
      "measurementUnitPrice": 4.69,
      "measurementUnit": "L",
      "isRedPrice": false,
      "pricePerUOM": 4.69,
      "activationDate": "14-03-2024",
      "recordSource": "Offline",
      "isPromoActive": "N",
      "priceChangeCode": "E"
    },
    "isAvailable": true,
    "isPriceAvailable": true,
    "inPromo": false,
    "gtin": [
      "05400141033847",
      "05410228265443"
    ],
    "topCategoryName": "Dranken",
    "topCategoryId": "354",
    "businessDomain": "RETAIL_BE",
    "IsPrivateLabel": false,
    "IsBiffe": false,
    "WeightconversionFactor": "0",
    "IsWeightArticle": false,
    "IsBio": false,
    "CountryOfOrigin": "BELGIË",
    "IsExclusivelySoldInLuxembourg": false,
    "OrderUnit": "P",
    "ShortName": "KARMELIET 6X33CL",
    "IsNew": false,
    "RecentQuanityOfStockUnits": "1",
    "LongName": "TRIPEL KARMELIET Blond 8,4% 6x33cl",
    "AlcoholVolume": "8.4",
    "FicCode": "E",
    "DepositValue": [
      0.6
    ]
  },
  {
    "productId": "50481",
    "technicalArticleNumber": "2193280",
    "commercialArticleNumber": "6348",
    "name": "Energy blik",
    "description": "*Energiedrank\n*Taurine/cafeïne\n*Suiker/zoetstoffen",
    "brand": "MONSTER",
    "seoBrand": "Monster",
    "thumbNail": "https://static.colruytgroup.com/images/200x200/std.lang.all/52/55/asset-2295255.jpg",
    "fullImage": "https://static.colruytgroup.com/images/500x500/std.lang.all/52/55/asset-2295255.jpg",
    "squareImage": "https://static.colruytgroup.com/images/500x500sq/std.lang.all/52/55/asset-2295255.jpg",
    "content": "50cl",
    "walkRouteSequenceNumber": 4687,
    "price": {
      "basicPrice": 1.34,
      "recommendedQuantity": "6.0",
      "measurementUnitPrice": 2.68,
      "measurementUnit": "L",
      "isRedPrice": false,
      "pricePerUOM": 2.68,
      "activationDate": "19-03-2024",
      "recordSource": "Offline",
      "isPromoActive": "N",
      "priceChangeCode": "H"
    },
    "isAvailable": true,
    "isPriceAvailable": true,
    "inPromo": false,
    "gtin": [
      "05060166694616",
      "05060166690151",
      "05060166694609",
      "05060166690144",
      "05061013940382",
      "05061013940399"
    ],
    "topCategoryName": "Dranken",
    "topCategoryId": "354",
    "businessDomain": "RETAIL_BE",
    "IsPrivateLabel": false,
    "IsBiffe": false,
    "WeightconversionFactor": "0",
    "IsWeightArticle": false,
    "nutriscoreLabel": "E",
    "IsBio": false,
    "CountryOfOrigin": "NEDERLAND",
    "IsExclusivelySoldInLuxembourg": false,
    "OrderUnit": "P",
    "ShortName": "MONS ENERGY BLIK 50CL",
    "IsNew": false,
    "RecentQuanityOfStockUnits": "24,6,1,4",
    "LongName": "MONSTER Energy blik 50cl",
    "AlcoholVolume": "0",
    "FicCode": "E"
  },
  {
    "productId": "572",
    "technicalArticleNumber": "5556",
    "commercialArticleNumber": "5556",
    "name": "halfvolle melk brik",
    "description": "*Halfvolle melk\n*Verrijkt met\nvitamine D\n*België",
    "brand": "JOYVALLE",
    "seoBrand": "Joyvalle",
    "thumbNail": "https://static.colruytgroup.com/images/200x200/std.lang.all/61/00/asset-3176100.jpg",
    "fullImage": "https://static.colruytgroup.com/images/500x500/std.lang.all/61/00/asset-3176100.jpg",
    "squareImage": "https://static.colruytgroup.com/images/500x500sq/std.lang.all/61/00/asset-3176100.jpg",
    "content": "1L",
    "walkRouteSequenceNumber": 6272,
    "price": {
      "basicPrice": 1.58,
      "recommendedQuantity": "1.0",
      "measurementUnitPrice": 1.58,
      "measurementUnit": "L",
      "isRedPrice": false,
      "pricePerUOM": 1.58,
      "activationDate": "13-03-2024",
      "isPromoActive": "Y",
      "priceChangeCode": "E"
    },
    "isAvailable": true,
    "isPriceAvailable": true,
    "inPromo": true,
    "promotion": [
      {
        "techPromoId": "100835COLR",
        "promotionId": "100835",
        "promotionType": "4",
        "isPersonalized": "N",
        "publicationStartDate": "13-03-2024",
        "publicationEndDate": "26-03-2024"
      }
    ],
    "gtin": [
      "05410401013014",
      "05410401013410",
      "05410438045095",
      "05410438045088"
    ],
    "topCategoryName": "Zuivel",
    "topCategoryId": "65",
    "businessDomain": "RETAIL_BE",
    "IsPrivateLabel": false,
    "IsBiffe": false,
    "WeightconversionFactor": "0",
    "IsWeightArticle": false,
    "nutriscoreLabel": "A",
    "IsBio": false,
    "CountryOfOrigin": "BELGIË",
    "IsExclusivelySoldInLuxembourg": false,
    "OrderUnit": "P",
    "ShortName": "JOYV HALVOLLE MELK 1L",
    "IsNew": false,
    "EcoscoreLabel": "B",
    "RecentQuanityOfStockUnits": "12,1",
    "LongName": "JOYVALLE halfvolle melk brik 1L",
    "AlcoholVolume": "0",
    "FicCode": "E",
    "EcoscoreValue": "69"
  },
  {
    "productId": "44890",
    "technicalArticleNumber": "2439316",
    "commercialArticleNumber": "3075",
    "name": "Zero Sugar",
    "description": "*Bruisend\n*Met zoetstoffen\n*Bevat cafeïne",
    "brand": "COCA-COLA",
    "seoBrand": "Coca-Cola Zero Sugar",
    "thumbNail": "https://static.colruytgroup.com/images/200x200/std.lang.all/80/05/asset-2538005.jpg",
    "fullImage": "https://static.colruytgroup.com/images/500x500/std.lang.all/80/05/asset-2538005.jpg",
    "squareImage": "https://static.colruytgroup.com/images/500x500sq/std.lang.all/80/05/asset-2538005.jpg",
    "content": "15cl",
    "walkRouteSequenceNumber": 4340,
    "price": {
      "basicPrice": 0.54,
      "recommendedQuantity": "12.0",
      "measurementUnitPrice": 3.6,
      "measurementUnit": "L",
      "isRedPrice": false,
      "pricePerUOM": 3.6,
      "activationDate": "13-03-2024",
      "recordSource": "Offline",
      "isPromoActive": "N",
      "priceChangeCode": "H"
    },
    "isAvailable": true,
    "isPriceAvailable": true,
    "inPromo": false,
    "gtin": [
      "05449000138156",
      "00000090357473",
      "05449000138163"
    ],
    "topCategoryName": "Dranken",
    "topCategoryId": "354",
    "businessDomain": "RETAIL_BE",
    "IsPrivateLabel": false,
    "IsBiffe": false,
    "WeightconversionFactor": "0",
    "IsWeightArticle": false,
    "nutriscoreLabel": "C",
    "IsBio": false,
    "CountryOfOrigin": "BELGIË",
    "IsExclusivelySoldInLuxembourg": false,
    "OrderUnit": "P",
    "ShortName": "COCA ZERO 15CL",
    "IsNew": false,
    "RecentQuanityOfStockUnits": "1,12,24",
    "LongName": "COCA-COLA Zero Sugar 15cl",
    "FicCode": "E"
  },
  {
    "productId": "332028",
    "technicalArticleNumber": "3814441",
    "commercialArticleNumber": "51223",
    "name": "Pads Regular RFA",
    "description": "*Zachte koffie\n*Vol aroma\n*Pads",
    "brand": "GRAINDOR",
    "seoBrand": "Graindor",
    "thumbNail": "https://static.colruytgroup.com/images/200x200/std.lang.all/02/60/asset-2930260.jpg",
    "fullImage": "https://static.colruytgroup.com/images/500x500/std.lang.all/02/60/asset-2930260.jpg",
    "squareImage": "https://static.colruytgroup.com/images/500x500sq/std.lang.all/02/60/asset-2930260.jpg",
    "content": "36st",
    "walkRouteSequenceNumber": 1159,
    "price": {
      "basicPrice": 2.69,
      "recommendedQuantity": "1.0",
      "quantityPrice": 2.46,
      "quantityPriceQuantity": "2.0",
      "measurementUnitPrice": 10.68,
      "measurementUnitQuantityPrice": 9.77,
      "measurementUnit": "K",
      "isRedPrice": false,
      "pricePerUOM": 10.68,
      "activationDate": "20-03-2024",
      "recordSource": "Offline",
      "isPromoActive": "N",
      "priceChangeCode": "E",
      "quantityPricePerUOM": 9.77,
      "quantityActivationDate": "20-03-2024",
      "quantityPriceChangeCode": "H"
    },
    "isAvailable": true,
    "isPriceAvailable": true,
    "inPromo": false,
    "gtin": [
      "15400141034674",
      "05400141034677"
    ],
    "topCategoryName": "Dranken",
    "topCategoryId": "354",
    "businessDomain": "RETAIL_BE",
    "IsPrivateLabel": true,
    "IsBiffe": false,
    "WeightconversionFactor": "0",
    "IsWeightArticle": false,
    "nutriscoreLabel": "B",
    "IsBio": false,
    "CountryOfOrigin": "BELGIË",
    "IsExclusivelySoldInLuxembourg": false,
    "OrderUnit": "P",
    "ShortName": "RFA GRAI REGULAR 36PADS",
    "IsNew": false,
    "EcoscoreLabel": "C",
    "RecentQuanityOfStockUnits": "1,10",
    "LongName": "GRAINDOR Pads Regular RFA 36st",
    "AlcoholVolume": "0",
    "FicCode": "I",
    "EcoscoreValue": "55"
  },
  {
    "productId": "1743",
    "technicalArticleNumber": "22370",
    "commercialArticleNumber": "22370",
    "name": "koffie gemalen Dessert",
    "description": "*Sterkte: zachte\nkoffie\n*Smaak: vol aroma\n*Gemalen koffie",
    "brand": "EVERYDAY",
    "seoBrand": "Everyday",
    "thumbNail": "https://static.colruytgroup.com/images/200x200/std.lang.all/71/51/asset-767151.jpg",
    "fullImage": "https://static.colruytgroup.com/images/500x500/std.lang.all/71/51/asset-767151.jpg",
    "squareImage": "https://static.colruytgroup.com/images/500x500sq/std.lang.all/71/51/asset-767151.jpg",
    "content": "500g",
    "walkRouteSequenceNumber": 1190,
    "price": {
      "basicPrice": 3.39,
      "recommendedQuantity": "1.0",
      "measurementUnitPrice": 6.78,
      "measurementUnit": "K",
      "isRedPrice": false,
      "pricePerUOM": 6.78,
      "activationDate": "15-03-2024",
      "recordSource": "Offline",
      "isPromoActive": "N",
      "priceChangeCode": "E"
    },
    "isAvailable": true,
    "isPriceAvailable": true,
    "inPromo": false,
    "gtin": [
      "05400141225235",
      "15400141225232",
      "15400141299844",
      "05400141299847"
    ],
    "topCategoryName": "Dranken",
    "topCategoryId": "354",
    "businessDomain": "RETAIL_BE",
    "IsPrivateLabel": true,
    "IsBiffe": false,
    "WeightconversionFactor": "0",
    "IsWeightArticle": false,
    "nutriscoreLabel": "B",
    "IsBio": false,
    "CountryOfOrigin": "BELGIË",
    "IsExclusivelySoldInLuxembourg": false,
    "OrderUnit": "P",
    "ShortName": "EVD DESSERT GEMALEN500G",
    "IsNew": false,
    "EcoscoreLabel": "C",
    "RecentQuanityOfStockUnits": "12,1",
    "LongName": "EVERYDAY koffie gemalen Dessert 500g",
    "AlcoholVolume": "0",
    "FicCode": "I",
    "EcoscoreValue": "45"
  },
  {
    "productId": "214292",
    "technicalArticleNumber": "3480081",
    "commercialArticleNumber": "10106",
    "name": "bruisend water citroen",
    "description": "*Mineraalwater\n*Bruisend\n*Citroenaroma",
    "brand": "BONI",
    "seoBrand": "Boni Selection",
    "thumbNail": "https://static.colruytgroup.com/images/200x200/nl_be/14/13/asset-1421413.jpg",
    "fullImage": "https://static.colruytgroup.com/images/500x500/nl_be/14/13/asset-1421413.jpg",
    "squareImage": "https://static.colruytgroup.com/images/500x500sq/nl_be/14/13/asset-1421413.jpg",
    "content": "50cl",
    "walkRouteSequenceNumber": 4046,
    "price": {
      "basicPrice": 0.331,
      "recommendedQuantity": "6.0",
      "measurementUnitPrice": 0.67,
      "measurementUnit": "L",
      "isRedPrice": false,
      "pricePerUOM": 0.67,
      "activationDate": "20-03-2023",
      "recordSource": "Offline",
      "isPromoActive": "N",
      "priceChangeCode": "E"
    },
    "isAvailable": true,
    "isPriceAvailable": true,
    "inPromo": false,
    "gtin": [
      "05400141420104",
      "25400141295638",
      "15400141819950",
      "15400141420101",
      "05400141393217",
      "05400141393200",
      "05400141295634",
      "25400141420108",
      "15400141295631"
    ],
    "topCategoryName": "Dranken",
    "topCategoryId": "354",
    "businessDomain": "RETAIL_BE",
    "IsPrivateLabel": true,
    "IsBiffe": false,
    "WeightconversionFactor": "0",
    "IsWeightArticle": false,
    "nutriscoreLabel": "B",
    "IsBio": false,
    "CountryOfOrigin": "FRANKRIJK",
    "IsExclusivelySoldInLuxembourg": false,
    "OrderUnit": "P",
    "ShortName": "BONI BRUIS WAT CITR50CL",
    "IsNew": false,
    "RecentQuanityOfStockUnits": "1,6,24",
    "LongName": "BONI bruisend water citroen 50cl",
    "AlcoholVolume": "0",
    "FicCode": "I"
  },
  {
    "productId": "1451",
    "technicalArticleNumber": "19637",
    "commercialArticleNumber": "19637",
    "name": "citroensap",
    "description": "*Smaak: citroen",
    "brand": "EVERYDAY",
    "seoBrand": "Everyday",
    "thumbNail": "https://static.colruytgroup.com/images/200x200/std.lang.all/49/55/asset-3194955.jpg",
    "fullImage": "https://static.colruytgroup.com/images/500x500/std.lang.all/49/55/asset-3194955.jpg",
    "squareImage": "https://static.colruytgroup.com/images/500x500sq/std.lang.all/49/55/asset-3194955.jpg",
    "content": "25cl",
    "walkRouteSequenceNumber": 4022,
    "price": {
      "basicPrice": 0.362,
      "recommendedQuantity": "1.0",
      "measurementUnitPrice": 1.45,
      "measurementUnit": "L",
      "isRedPrice": false,
      "pricePerUOM": 1.45,
      "activationDate": "14-11-2023",
      "recordSource": "Offline",
      "isPromoActive": "N",
      "priceChangeCode": "E"
    },
    "isAvailable": true,
    "isPriceAvailable": true,
    "inPromo": false,
    "gtin": [
      "05400141121810",
      "05400141124163",
      "15400141786641",
      "05400141786644"
    ],
    "topCategoryName": "Dranken",
    "topCategoryId": "354",
    "businessDomain": "RETAIL_BE",
    "IsPrivateLabel": true,
    "IsBiffe": false,
    "WeightconversionFactor": "0",
    "IsWeightArticle": false,
    "nutriscoreLabel": "B",
    "IsBio": false,
    "CountryOfOrigin": "BELGIË",
    "IsExclusivelySoldInLuxembourg": false,
    "OrderUnit": "P",
    "ShortName": "EVD CITROENSAP 25CL",
    "InSeason": true,
    "IsNew": false,
    "EcoscoreLabel": "D",
    "RecentQuanityOfStockUnits": "12,1",
    "LongName": "EVERYDAY citroensap 25cl",
    "AlcoholVolume": "0",
    "StartSeasonDate": "19/07/2004",
    "FicCode": "I",
    "EcoscoreValue": "34"
  },
  {
    "productId": "428",
    "technicalArticleNumber": "5115",
    "commercialArticleNumber": "5115",
    "description": "*Bruisend\n*Suiker,zoetstoffen",
    "brand": "SPRITE",
    "seoBrand": "Sprite",
    "thumbNail": "https://static.colruytgroup.com/images/200x200/std.lang.all/40/19/asset-1854019.jpg",
    "fullImage": "https://static.colruytgroup.com/images/500x500/std.lang.all/40/19/asset-1854019.jpg",
    "squareImage": "https://static.colruytgroup.com/images/500x500sq/std.lang.all/40/19/asset-1854019.jpg",
    "content": "1,5L",
    "walkRouteSequenceNumber": 3984,
    "price": {
      "basicPrice": 1.87,
      "recommendedQuantity": "6.0",
      "measurementUnitPrice": 1.25,
      "measurementUnit": "L",
      "isRedPrice": false,
      "pricePerUOM": 1.25,
      "activationDate": "14-03-2024",
      "recordSource": "Offline",
      "isPromoActive": "N",
      "priceChangeCode": "E"
    },
    "isAvailable": true,
    "isPriceAvailable": true,
    "inPromo": false,
    "gtin": [
      "05449000672087",
      "05449000012203",
      "05449000053534"
    ],
    "topCategoryName": "Dranken",
    "topCategoryId": "354",
    "businessDomain": "RETAIL_BE",
    "IsPrivateLabel": false,
    "IsBiffe": false,
    "WeightconversionFactor": "0",
    "IsWeightArticle": false,
    "nutriscoreLabel": "E",
    "IsBio": false,
    "CountryOfOrigin": "BELGIË",
    "IsExclusivelySoldInLuxembourg": false,
    "OrderUnit": "P",
    "ShortName": "SPRITE 1L5",
    "IsNew": false,
    "RecentQuanityOfStockUnits": "6,1",
    "LongName": "SPRITE 1,5L",
    "AlcoholVolume": "0",
    "FicCode": "E"
  },
  {
    "productId": "28476",
    "technicalArticleNumber": "2175804",
    "commercialArticleNumber": "6298",
    "name": "Agrum' zero",
    "description": "*Smaak: citrus\n*Bruisend\n*Met zoetstoffen",
    "brand": "BONI",
    "seoBrand": "Boni Selection",
    "thumbNail": "https://static.colruytgroup.com/images/200x200/std.lang.all/13/19/asset-2231319.jpg",
    "fullImage": "https://static.colruytgroup.com/images/500x500/std.lang.all/13/19/asset-2231319.jpg",
    "squareImage": "https://static.colruytgroup.com/images/500x500sq/std.lang.all/13/19/asset-2231319.jpg",
    "content": "50cl",
    "walkRouteSequenceNumber": 4293,
    "price": {
      "basicPrice": 0.49,
      "recommendedQuantity": "6.0",
      "quantityPrice": 0.35,
      "quantityPriceQuantity": "9.0",
      "measurementUnitPrice": 0.98,
      "measurementUnitQuantityPrice": 0.7,
      "measurementUnit": "L",
      "isRedPrice": false,
      "pricePerUOM": 0.98,
      "activationDate": "14-11-2023",
      "isPromoActive": "N",
      "priceChangeCode": "E",
      "quantityPricePerUOM": 0.7,
      "quantityActivationDate": "14-11-2023",
      "quantityPriceChangeCode": "E"
    },
    "isAvailable": true,
    "isPriceAvailable": true,
    "inPromo": false,
    "gtin": [
      "05400141079814",
      "25400141302800",
      "05400141302806",
      "15400141079811",
      "15400141302803",
      "05400141079821"
    ],
    "topCategoryName": "Dranken",
    "topCategoryId": "354",
    "businessDomain": "RETAIL_BE",
    "IsPrivateLabel": true,
    "IsBiffe": false,
    "WeightconversionFactor": "0",
    "IsWeightArticle": false,
    "nutriscoreLabel": "C",
    "IsBio": false,
    "CountryOfOrigin": "BELGIË",
    "IsExclusivelySoldInLuxembourg": false,
    "OrderUnit": "P",
    "ShortName": "BONI AGRUM ZERO 50CL",
    "IsNew": false,
    "RecentQuanityOfStockUnits": "6,1,24",
    "LongName": "BONI Agrum' zero 50cl",
    "AlcoholVolume": "0",
    "FicCode": "I"
  },
  {
    "productId": "8174",
    "technicalArticleNumber": "1165525",
    "commercialArticleNumber": "5037",
    "name": "Pils 5,2% bak",
    "description": "*Pilsbier\n*5,2 % vol",
    "brand": "JUPILER",
    "seoBrand": "Jupiler",
    "thumbNail": "https://static.colruytgroup.com/images/200x200/std.lang.all/91/93/asset-2999193.jpg",
    "fullImage": "https://static.colruytgroup.com/images/500x500/std.lang.all/91/93/asset-2999193.jpg",
    "squareImage": "https://static.colruytgroup.com/images/500x500sq/std.lang.all/91/93/asset-2999193.jpg",
    "content": "24x33cl",
    "walkRouteSequenceNumber": 3916,
    "price": {
      "basicPrice": 18.99,
      "recommendedQuantity": "1.0",
      "measurementUnitPrice": 2.4,
      "measurementUnit": "L",
      "isRedPrice": false,
      "pricePerUOM": 2.4,
      "activationDate": "22-03-2024",
      "recordSource": "Offline",
      "isPromoActive": "N",
      "priceChangeCode": "H"
    },
    "isAvailable": true,
    "isPriceAvailable": true,
    "inPromo": false,
    "gtin": [
      "05410228164784",
      "05410228165927"
    ],
    "topCategoryName": "Dranken",
    "topCategoryId": "354",
    "businessDomain": "RETAIL_BE",
    "IsPrivateLabel": false,
    "IsBiffe": false,
    "WeightconversionFactor": "0",
    "IsWeightArticle": false,
    "IsBio": false,
    "CountryOfOrigin": "BELGIË",
    "IsExclusivelySoldInLuxembourg": false,
    "OrderUnit": "P",
    "ShortName": "JUPI PILS 24X33CL",
    "IsNew": false,
    "RecentQuanityOfStockUnits": "1",
    "LongName": "JUPILER Pils 5,2% bak 24x33cl",
    "AlcoholVolume": "5.2",
    "FicCode": "E",
    "DepositValue": [
      4.5
    ]
  },
  {
    "productId": "58305",
    "technicalArticleNumber": "2330664",
    "commercialArticleNumber": "18767",
    "name": "appelsap brik",
    "description": "*Appelsap\n*Uit sapconcentraat\n*Met 100 % vruchten\n*Zonder pulp",
    "brand": "EVERYDAY",
    "seoBrand": "Everyday",
    "thumbNail": "https://static.colruytgroup.com/images/200x200/std.lang.all/03/94/asset-710394.jpg",
    "fullImage": "https://static.colruytgroup.com/images/500x500/std.lang.all/03/94/asset-710394.jpg",
    "squareImage": "https://static.colruytgroup.com/images/500x500sq/std.lang.all/03/94/asset-710394.jpg",
    "content": "10x20cl",
    "walkRouteSequenceNumber": 4755,
    "price": {
      "basicPrice": 2.15,
      "recommendedQuantity": "1.0",
      "measurementUnitPrice": 1.08,
      "measurementUnit": "L",
      "isRedPrice": false,
      "pricePerUOM": 1.08,
      "activationDate": "20-02-2024",
      "recordSource": "Offline",
      "isPromoActive": "N",
      "priceChangeCode": "E"
    },
    "isAvailable": true,
    "isPriceAvailable": true,
    "inPromo": false,
    "gtin": [
      "15400141906957",
      "15400141046929",
      "05400141123968"
    ],
    "topCategoryName": "Dranken",
    "topCategoryId": "354",
    "businessDomain": "RETAIL_BE",
    "IsPrivateLabel": true,
    "IsBiffe": false,
    "WeightconversionFactor": "0",
    "IsWeightArticle": false,
    "nutriscoreLabel": "C",
    "IsBio": false,
    "CountryOfOrigin": "NEDERLAND",
    "IsExclusivelySoldInLuxembourg": false,
    "OrderUnit": "P",
    "ShortName": "EVD APPELSAP 10X20CL",
    "IsNew": false,
    "EcoscoreLabel": "C",
    "RecentQuanityOfStockUnits": "1,3",
    "LongName": "EVERYDAY appelsap brik 10x20cl",
    "AlcoholVolume": "0",
    "FicCode": "I",
    "EcoscoreValue": "58"
  },
  {
    "productId": "11179",
    "technicalArticleNumber": "1350978",
    "commercialArticleNumber": "5407",
    "name": "Orange",
    "description": "*Smaak: sinaasappel\n*Bruisend\n*Met suiker",
    "brand": "FANTA",
    "seoBrand": "Fanta",
    "thumbNail": "https://static.colruytgroup.com/images/200x200/std.lang.all/78/96/asset-3307896.jpg",
    "fullImage": "https://static.colruytgroup.com/images/500x500/std.lang.all/78/96/asset-3307896.jpg",
    "squareImage": "https://static.colruytgroup.com/images/500x500sq/std.lang.all/78/96/asset-3307896.jpg",
    "content": "50cl",
    "walkRouteSequenceNumber": 4209,
    "price": {
      "basicPrice": 1.23,
      "recommendedQuantity": "6.0",
      "measurementUnitPrice": 2.46,
      "measurementUnit": "L",
      "isRedPrice": false,
      "pricePerUOM": 2.46,
      "activationDate": "05-03-2024",
      "recordSource": "Offline",
      "isPromoActive": "N",
      "priceChangeCode": "H"
    },
    "isAvailable": true,
    "isPriceAvailable": true,
    "inPromo": false,
    "gtin": [
      "05449000028570",
      "05449000020741",
      "00000040822938"
    ],
    "topCategoryName": "Dranken",
    "topCategoryId": "354",
    "businessDomain": "RETAIL_BE",
    "IsPrivateLabel": false,
    "IsBiffe": false,
    "WeightconversionFactor": "0",
    "IsWeightArticle": false,
    "nutriscoreLabel": "C",
    "IsBio": false,
    "CountryOfOrigin": "BELGIË",
    "IsExclusivelySoldInLuxembourg": false,
    "OrderUnit": "P",
    "ShortName": "FANTA SINAAS 50CL",
    "IsNew": false,
    "RecentQuanityOfStockUnits": "6,24,1",
    "LongName": "FANTA Orange 50cl",
    "AlcoholVolume": "0",
    "FicCode": "E"
  },
  {
    "productId": "194586",
    "technicalArticleNumber": "3406616",
    "commercialArticleNumber": "10864",
    "name": "Iced Tea bruisend",
    "description": "*Ice Tea\n*Bruisend",
    "brand": "BONI",
    "seoBrand": "Boni Selection",
    "thumbNail": "https://static.colruytgroup.com/images/200x200/std.lang.all/50/34/asset-2235034.jpg",
    "fullImage": "https://static.colruytgroup.com/images/500x500/std.lang.all/50/34/asset-2235034.jpg",
    "squareImage": "https://static.colruytgroup.com/images/500x500sq/std.lang.all/50/34/asset-2235034.jpg",
    "content": "33cl",
    "walkRouteSequenceNumber": 4197,
    "price": {
      "basicPrice": 0.498,
      "recommendedQuantity": "6.0",
      "quantityPrice": 0.249,
      "quantityPriceQuantity": "12.0",
      "measurementUnitPrice": 1.52,
      "measurementUnitQuantityPrice": 0.76,
      "measurementUnit": "L",
      "isRedPrice": false,
      "pricePerUOM": 1.52,
      "activationDate": "22-03-2024",
      "recordSource": "Offline",
      "isPromoActive": "N",
      "priceChangeCode": "E",
      "quantityPricePerUOM": 0.76,
      "quantityActivationDate": "22-03-2024",
      "quantityPriceChangeCode": "E"
    },
    "isAvailable": true,
    "isPriceAvailable": true,
    "inPromo": false,
    "gtin": [
      "25400141302831",
      "25400141037252",
      "15400141302834",
      "15400141037255",
      "05400141302837",
      "05400141353723",
      "05400141037258"
    ],
    "topCategoryName": "Dranken",
    "topCategoryId": "354",
    "businessDomain": "RETAIL_BE",
    "IsPrivateLabel": true,
    "IsBiffe": false,
    "WeightconversionFactor": "0",
    "IsWeightArticle": false,
    "nutriscoreLabel": "D",
    "IsBio": false,
    "CountryOfOrigin": "NEDERLAND",
    "IsExclusivelySoldInLuxembourg": false,
    "OrderUnit": "P",
    "ShortName": "BONI ICED TEA 33CL",
    "IsNew": false,
    "RecentQuanityOfStockUnits": "6,24,1",
    "LongName": "BONI Iced Tea bruisend 33cl",
    "FicCode": "I"
  },
  {
    "productId": "316378",
    "technicalArticleNumber": "3774238",
    "commercialArticleNumber": "15865",
    "name": "Caps Lungo RFA",
    "description": "*Heel intens\n*Rijk\n*Capsules",
    "brand": "BONI",
    "seoBrand": "Boni Selection",
    "thumbNail": "https://static.colruytgroup.com/images/200x200/std.lang.all/75/02/asset-3247502.jpg",
    "fullImage": "https://static.colruytgroup.com/images/500x500/std.lang.all/75/02/asset-3247502.jpg",
    "squareImage": "https://static.colruytgroup.com/images/500x500sq/std.lang.all/75/02/asset-3247502.jpg",
    "content": "16st",
    "walkRouteSequenceNumber": 1107,
    "price": {
      "basicPrice": 2.79,
      "recommendedQuantity": "1.0",
      "quantityPrice": 2.46,
      "quantityPriceQuantity": "2.0",
      "measurementUnitPrice": 24.27,
      "measurementUnitQuantityPrice": 21.4,
      "measurementUnit": "K",
      "isRedPrice": false,
      "pricePerUOM": 24.27,
      "activationDate": "20-03-2024",
      "recordSource": "Offline",
      "isPromoActive": "N",
      "priceChangeCode": "E",
      "quantityPricePerUOM": 21.4,
      "quantityActivationDate": "20-03-2024",
      "quantityPriceChangeCode": "L"
    },
    "isAvailable": true,
    "isPriceAvailable": true,
    "inPromo": false,
    "gtin": [
      "15400141421085",
      "35400141103855",
      "05400141421088",
      "05400141206500"
    ],
    "topCategoryName": "Dranken",
    "topCategoryId": "354",
    "businessDomain": "RETAIL_BE",
    "IsPrivateLabel": true,
    "IsBiffe": false,
    "WeightconversionFactor": "0",
    "IsWeightArticle": false,
    "nutriscoreLabel": "B",
    "IsBio": false,
    "CountryOfOrigin": "BELGIË",
    "IsExclusivelySoldInLuxembourg": false,
    "OrderUnit": "P",
    "ShortName": "BONI LUNGO RFA 16CAPS",
    "InSeason": true,
    "IsNew": false,
    "EcoscoreLabel": "B",
    "RecentQuanityOfStockUnits": "6,1",
    "LongName": "BONI Caps Lungo RFA 16st",
    "AlcoholVolume": "0",
    "StartSeasonDate": "10/07/2018",
    "FicCode": "I",
    "EcoscoreValue": "63"
  },
  {
    "productId": "49668",
    "technicalArticleNumber": "2475638",
    "commercialArticleNumber": "37132",
    "name": "appel 100% puur sap brik",
    "description": "*Appelsap\n*Uit puur sap\n*Met 100 % vruchten\n*Zonder pulp",
    "brand": "BONI BIO",
    "seoBrand": "Boni Selection Bio",
    "thumbNail": "https://static.colruytgroup.com/images/200x200/std.lang.all/07/83/asset-3220783.jpg",
    "fullImage": "https://static.colruytgroup.com/images/500x500/std.lang.all/07/83/asset-3220783.jpg",
    "squareImage": "https://static.colruytgroup.com/images/500x500sq/std.lang.all/07/83/asset-3220783.jpg",
    "content": "1L",
    "walkRouteSequenceNumber": 4772,
    "price": {
      "basicPrice": 1.59,
      "recommendedQuantity": "1.0",
      "measurementUnitPrice": 1.59,
      "measurementUnit": "L",
      "isRedPrice": false,
      "pricePerUOM": 1.59,
      "activationDate": "16-01-2024",
      "recordSource": "Offline",
      "isPromoActive": "N",
      "priceChangeCode": "E"
    },
    "isAvailable": true,
    "isPriceAvailable": true,
    "inPromo": false,
    "gtin": [
      "05400141363180",
      "05400141371321",
      "15400141114666",
      "05400141114669",
      "05400141307788",
      "15400141363187"
    ],
    "topCategoryName": "Dranken",
    "topCategoryId": "354",
    "businessDomain": "RETAIL_BE",
    "IsPrivateLabel": true,
    "IsBiffe": false,
    "WeightconversionFactor": "0",
    "IsWeightArticle": false,
    "nutriscoreLabel": "D",
    "IsBio": true,
    "CountryOfOrigin": "NEDERLAND",
    "IsExclusivelySoldInLuxembourg": false,
    "OrderUnit": "P",
    "ShortName": "BS BIO APPEL BRIK 1L",
    "IsNew": false,
    "EcoscoreLabel": "B",
    "RecentQuanityOfStockUnits": "12,1",
    "LongName": "BONI BIO appel 100% puur sap brik 1L",
    "AlcoholVolume": "0",
    "FicCode": "I",
    "EcoscoreValue": "77"
  },
  {
    "productId": "38017",
    "technicalArticleNumber": "1837862",
    "commercialArticleNumber": "19311",
    "name": "appelsap PET",
    "description": "*Appelsap\n*Uit sapconcentraat\n*Met 100 % vruchten\n*Zonder pulp",
    "brand": "BONI",
    "seoBrand": "Boni Selection",
    "thumbNail": "https://static.colruytgroup.com/images/200x200/std.lang.all/18/15/asset-2451815.jpg",
    "fullImage": "https://static.colruytgroup.com/images/500x500/std.lang.all/18/15/asset-2451815.jpg",
    "squareImage": "https://static.colruytgroup.com/images/500x500sq/std.lang.all/18/15/asset-2451815.jpg",
    "content": "33cl",
    "walkRouteSequenceNumber": 4747,
    "price": {
      "basicPrice": 0.38,
      "recommendedQuantity": "6.0",
      "measurementUnitPrice": 1.16,
      "measurementUnit": "L",
      "isRedPrice": false,
      "pricePerUOM": 1.16,
      "activationDate": "21-03-2024",
      "recordSource": "Offline",
      "isPromoActive": "N",
      "priceChangeCode": "H"
    },
    "isAvailable": true,
    "isPriceAvailable": true,
    "inPromo": false,
    "gtin": [
      "05400141087796",
      "05400141493115",
      "15400141970132",
      "05400141079654",
      "05400141403565",
      "25400141403569",
      "15400141403562"
    ],
    "topCategoryName": "Dranken",
    "topCategoryId": "354",
    "businessDomain": "RETAIL_BE",
    "IsPrivateLabel": true,
    "IsBiffe": false,
    "WeightconversionFactor": "0",
    "IsWeightArticle": false,
    "nutriscoreLabel": "C",
    "IsBio": false,
    "CountryOfOrigin": "POLEN",
    "IsExclusivelySoldInLuxembourg": false,
    "OrderUnit": "P",
    "ShortName": "BONI APPELSAP PET 33CL",
    "IsNew": false,
    "EcoscoreLabel": "C",
    "RecentQuanityOfStockUnits": "18,1,6",
    "LongName": "BONI appelsap PET 33cl",
    "AlcoholVolume": "0",
    "FicCode": "I",
    "EcoscoreValue": "58"
  },
  {
    "productId": "575",
    "technicalArticleNumber": "5577",
    "commercialArticleNumber": "5577",
    "name": "magere chocomelk fles",
    "description": "*Magere melk\n*Met toegevoegde\nvitamines",
    "brand": "CHOCOVIT",
    "seoBrand": "Chocovit",
    "thumbNail": "https://static.colruytgroup.com/images/200x200/std.lang.all/35/92/asset-1033592.jpg",
    "fullImage": "https://static.colruytgroup.com/images/500x500/std.lang.all/35/92/asset-1033592.jpg",
    "squareImage": "https://static.colruytgroup.com/images/500x500sq/std.lang.all/35/92/asset-1033592.jpg",
    "content": "50cl",
    "walkRouteSequenceNumber": 6344,
    "price": {
      "basicPrice": 1.39,
      "recommendedQuantity": "1.0",
      "measurementUnitPrice": 2.78,
      "measurementUnit": "L",
      "isRedPrice": false,
      "pricePerUOM": 2.78,
      "activationDate": "29-01-2024",
      "recordSource": "Offline",
      "isPromoActive": "N",
      "priceChangeCode": "E"
    },
    "isAvailable": true,
    "isPriceAvailable": true,
    "inPromo": false,
    "gtin": [
      "05412451000037",
      "05412451120032"
    ],
    "topCategoryName": "Zuivel",
    "topCategoryId": "65",
    "businessDomain": "RETAIL_BE",
    "IsPrivateLabel": false,
    "IsBiffe": false,
    "WeightconversionFactor": "0",
    "IsWeightArticle": false,
    "nutriscoreLabel": "D",
    "IsBio": false,
    "CountryOfOrigin": "BELGIË",
    "IsExclusivelySoldInLuxembourg": false,
    "OrderUnit": "P",
    "ShortName": "CHOC CHOCOM. MAGER 50CL",
    "IsNew": false,
    "EcoscoreLabel": "B",
    "RecentQuanityOfStockUnits": "1,12",
    "LongName": "CHOCOVIT magere chocomelk fles 50cl",
    "AlcoholVolume": "0",
    "FicCode": "E",
    "EcoscoreValue": "63"
  },
  {
    "productId": "113317",
    "technicalArticleNumber": "3049153",
    "commercialArticleNumber": "25728",
    "name": "volle melk brik",
    "description": "*Volle melk",
    "brand": "FAIREBEL",
    "seoBrand": "Fairebel",
    "thumbNail": "https://static.colruytgroup.com/images/200x200/std.lang.all/51/90/asset-2635190.jpg",
    "fullImage": "https://static.colruytgroup.com/images/500x500/std.lang.all/51/90/asset-2635190.jpg",
    "squareImage": "https://static.colruytgroup.com/images/500x500sq/std.lang.all/51/90/asset-2635190.jpg",
    "content": "1L",
    "walkRouteSequenceNumber": 6246,
    "price": {
      "basicPrice": 1.35,
      "recommendedQuantity": "1.0",
      "quantityPrice": 1.27,
      "quantityPriceQuantity": "6.0",
      "measurementUnitPrice": 1.35,
      "measurementUnitQuantityPrice": 1.27,
      "measurementUnit": "L",
      "isRedPrice": false,
      "pricePerUOM": 1.35,
      "activationDate": "19-03-2024",
      "recordSource": "Offline",
      "isPromoActive": "N",
      "priceChangeCode": "E",
      "quantityPricePerUOM": 1.27,
      "quantityActivationDate": "19-03-2024",
      "quantityPriceChangeCode": "E"
    },
    "isAvailable": true,
    "isPriceAvailable": true,
    "inPromo": false,
    "gtin": [
      "05425027280153",
      "05425027280160"
    ],
    "topCategoryName": "Zuivel",
    "topCategoryId": "65",
    "businessDomain": "RETAIL_BE",
    "IsPrivateLabel": false,
    "IsBiffe": false,
    "WeightconversionFactor": "0",
    "IsWeightArticle": false,
    "nutriscoreLabel": "C",
    "IsBio": false,
    "CountryOfOrigin": "LUXEMBURG",
    "IsExclusivelySoldInLuxembourg": false,
    "OrderUnit": "P",
    "ShortName": "FAIREBEL VOL MELK 1L",
    "IsNew": false,
    "EcoscoreLabel": "C",
    "RecentQuanityOfStockUnits": "6,1",
    "LongName": "FAIREBEL volle melk brik 1L",
    "AlcoholVolume": "0",
    "FicCode": "E",
    "EcoscoreValue": "49"
  },
  {
    "productId": "19174",
    "technicalArticleNumber": "1722716",
    "commercialArticleNumber": "6926",
    "name": "plat water glas",
    "description": "*Mineraalwater\n*Niet-bruisend\n*Geschikt voor\nbabyvoeding\n*Droogrest: 33 mg/l",
    "brand": "SPA REINE",
    "seoBrand": "Spa Reine",
    "thumbNail": "https://static.colruytgroup.com/images/200x200/std.lang.all/62/30/asset-2376230.jpg",
    "fullImage": "https://static.colruytgroup.com/images/500x500/std.lang.all/62/30/asset-2376230.jpg",
    "squareImage": "https://static.colruytgroup.com/images/500x500sq/std.lang.all/62/30/asset-2376230.jpg",
    "content": "6x1L",
    "walkRouteSequenceNumber": 3875,
    "price": {
      "basicPrice": 4.62,
      "recommendedQuantity": "1.0",
      "quantityPrice": 4.44,
      "quantityPriceQuantity": "3.0",
      "measurementUnitPrice": 0.77,
      "measurementUnitQuantityPrice": 0.74,
      "measurementUnit": "L",
      "isRedPrice": false,
      "pricePerUOM": 0.77,
      "activationDate": "03-02-2024",
      "recordSource": "Online",
      "isPromoActive": "N",
      "priceChangeCode": "H",
      "quantityPricePerUOM": 0.74,
      "quantityActivationDate": "03-02-2024",
      "quantityPriceChangeCode": "H"
    },
    "isAvailable": true,
    "isPriceAvailable": true,
    "inPromo": false,
    "gtin": [
      "05410013101000",
      "05410013101024"
    ],
    "topCategoryName": "Dranken",
    "topCategoryId": "354",
    "businessDomain": "RETAIL_BE",
    "IsPrivateLabel": false,
    "IsBiffe": false,
    "WeightconversionFactor": "0",
    "IsWeightArticle": false,
    "nutriscoreLabel": "A",
    "IsBio": false,
    "CountryOfOrigin": "BELGIË",
    "IsExclusivelySoldInLuxembourg": false,
    "OrderUnit": "P",
    "ShortName": "SPA REINE 6X1L GLAS",
    "InSeason": true,
    "IsNew": false,
    "RecentQuanityOfStockUnits": "1",
    "LongName": "SPA REINE plat water glas 6x1L",
    "AlcoholVolume": "0",
    "StartSeasonDate": "09/08/2018",
    "FicCode": "E",
    "DepositValue": [
      3.5
    ]
  },
  {
    "productId": "448",
    "technicalArticleNumber": "5184",
    "commercialArticleNumber": "5184",
    "name": "plat water",
    "description": "*Mineraalwater\n*Niet-bruisend\n*Droogrest: 385 mg/l\n*Babyvoeding",
    "brand": "CHAUDFONTAINE",
    "seoBrand": "Chaudfontaine",
    "thumbNail": "https://static.colruytgroup.com/images/200x200/std.lang.all/90/14/asset-3209014.jpg",
    "fullImage": "https://static.colruytgroup.com/images/500x500/std.lang.all/90/14/asset-3209014.jpg",
    "squareImage": "https://static.colruytgroup.com/images/500x500sq/std.lang.all/90/14/asset-3209014.jpg",
    "content": "1,5L",
    "walkRouteSequenceNumber": 3881,
    "price": {
      "basicPrice": 0.85,
      "recommendedQuantity": "8.0",
      "measurementUnitPrice": 0.57,
      "measurementUnit": "L",
      "isRedPrice": false,
      "pricePerUOM": 0.57,
      "activationDate": "23-03-2024",
      "recordSource": "Offline",
      "isPromoActive": "N",
      "priceChangeCode": "L"
    },
    "isAvailable": true,
    "isPriceAvailable": true,
    "inPromo": false,
    "gtin": [
      "05449000111654",
      "05449000111661",
      "05449000111685"
    ],
    "topCategoryName": "Dranken",
    "topCategoryId": "354",
    "businessDomain": "RETAIL_BE",
    "IsPrivateLabel": false,
    "IsBiffe": false,
    "WeightconversionFactor": "0",
    "IsWeightArticle": false,
    "nutriscoreLabel": "A",
    "IsBio": false,
    "CountryOfOrigin": "BELGIË",
    "IsExclusivelySoldInLuxembourg": false,
    "OrderUnit": "P",
    "ShortName": "CHAU PLAT WATER 1.5L",
    "IsNew": false,
    "RecentQuanityOfStockUnits": "1,8,6",
    "LongName": "CHAUDFONTAINE plat water 1,5L",
    "AlcoholVolume": "0",
    "FicCode": "E"
  },
  {
    "productId": "34074",
    "technicalArticleNumber": "1686073",
    "commercialArticleNumber": "8755",
    "name": "Agrum'",
    "description": "*Smaak: citrus\n*Bruisend",
    "brand": "BONI",
    "seoBrand": "Boni Selection",
    "thumbNail": "https://static.colruytgroup.com/images/200x200/std.lang.all/72/53/asset-3417253.jpg",
    "fullImage": "https://static.colruytgroup.com/images/500x500/std.lang.all/72/53/asset-3417253.jpg",
    "squareImage": "https://static.colruytgroup.com/images/500x500sq/std.lang.all/72/53/asset-3417253.jpg",
    "content": "50cl",
    "walkRouteSequenceNumber": 4287,
    "price": {
      "basicPrice": 0.49,
      "recommendedQuantity": "6.0",
      "quantityPrice": 0.35,
      "quantityPriceQuantity": "9.0",
      "measurementUnitPrice": 0.98,
      "measurementUnitQuantityPrice": 0.7,
      "measurementUnit": "L",
      "isRedPrice": false,
      "pricePerUOM": 0.98,
      "activationDate": "20-01-2024",
      "isPromoActive": "N",
      "priceChangeCode": "E",
      "quantityPricePerUOM": 0.7,
      "quantityActivationDate": "20-01-2024",
      "quantityPriceChangeCode": "H"
    },
    "isAvailable": true,
    "isPriceAvailable": true,
    "inPromo": false,
    "gtin": [
      "05400141302769",
      "15400141079781",
      "15400141302766",
      "25400141302763",
      "05400141079791",
      "05400141087550",
      "05400141079784",
      "05400141026405"
    ],
    "topCategoryName": "Dranken",
    "topCategoryId": "354",
    "businessDomain": "RETAIL_BE",
    "IsPrivateLabel": true,
    "IsBiffe": false,
    "WeightconversionFactor": "0",
    "IsWeightArticle": false,
    "nutriscoreLabel": "E",
    "IsBio": false,
    "CountryOfOrigin": "BELGIË",
    "IsExclusivelySoldInLuxembourg": false,
    "OrderUnit": "P",
    "ShortName": "BONI AGRUM 50CL",
    "IsNew": false,
    "RecentQuanityOfStockUnits": "24,6,1",
    "LongName": "BONI Agrum' 50cl",
    "AlcoholVolume": "0",
    "FicCode": "I"
  },
  {
    "productId": "11167",
    "technicalArticleNumber": "1350956",
    "commercialArticleNumber": "5483",
    "name": "plat water",
    "description": "*Mineraalwater\n*Niet-bruisend",
    "brand": "BONI",
    "seoBrand": "Boni Selection",
    "thumbNail": "https://static.colruytgroup.com/images/200x200/nl_be/11/35/asset-2531135.jpg",
    "fullImage": "https://static.colruytgroup.com/images/500x500/nl_be/11/35/asset-2531135.jpg",
    "squareImage": "https://static.colruytgroup.com/images/500x500sq/nl_be/11/35/asset-2531135.jpg",
    "content": "75cl",
    "walkRouteSequenceNumber": 3919,
    "price": {
      "basicPrice": 0.54,
      "recommendedQuantity": "6.0",
      "measurementUnitPrice": 0.72,
      "measurementUnit": "L",
      "isRedPrice": false,
      "pricePerUOM": 0.72,
      "activationDate": "14-11-2023",
      "recordSource": "Offline",
      "isPromoActive": "N",
      "priceChangeCode": "E"
    },
    "isAvailable": true,
    "isPriceAvailable": true,
    "inPromo": false,
    "gtin": [
      "05400141444285",
      "15400141444282",
      "05400141038354",
      "05400141079166",
      "15400141285359",
      "05400141420043",
      "05400141285352",
      "15400141420040"
    ],
    "topCategoryName": "Dranken",
    "topCategoryId": "354",
    "businessDomain": "RETAIL_BE",
    "IsPrivateLabel": true,
    "IsBiffe": false,
    "WeightconversionFactor": "0",
    "IsWeightArticle": false,
    "nutriscoreLabel": "A",
    "IsBio": false,
    "CountryOfOrigin": "FRANKRIJK",
    "IsExclusivelySoldInLuxembourg": false,
    "OrderUnit": "P",
    "ShortName": "BONI PLAT WATER 75CL",
    "IsNew": false,
    "RecentQuanityOfStockUnits": "6,1",
    "LongName": "BONI plat water 75cl",
    "AlcoholVolume": "0",
    "FicCode": "I"
  },
  {
    "productId": "357993",
    "technicalArticleNumber": "3788485",
    "commercialArticleNumber": "18868",
    "name": "Sportdrank Red Peach",
    "description": "*Sportdrank\n*Smaak: perzik",
    "brand": "BONI",
    "seoBrand": "Boni Selection",
    "thumbNail": "https://static.colruytgroup.com/images/200x200/std.lang.all/92/92/asset-3449292.jpg",
    "fullImage": "https://static.colruytgroup.com/images/500x500/std.lang.all/92/92/asset-3449292.jpg",
    "squareImage": "https://static.colruytgroup.com/images/500x500sq/std.lang.all/92/92/asset-3449292.jpg",
    "content": "50cl",
    "walkRouteSequenceNumber": 4727,
    "price": {
      "basicPrice": 0.79,
      "recommendedQuantity": "1.0",
      "quantityPrice": 0.681,
      "quantityPriceQuantity": "6.0",
      "measurementUnitPrice": 1.58,
      "measurementUnitQuantityPrice": 1.37,
      "measurementUnit": "L",
      "isRedPrice": false,
      "pricePerUOM": 1.58,
      "activationDate": "04-03-2024",
      "isPromoActive": "N",
      "priceChangeCode": "E",
      "quantityPricePerUOM": 1.37,
      "quantityActivationDate": "04-03-2024",
      "quantityPriceChangeCode": "H"
    },
    "isAvailable": true,
    "isPriceAvailable": true,
    "inPromo": false,
    "gtin": [
      "05400141105391",
      "05400141105568",
      "15400141867265",
      "05400141867268",
      "15400141303435",
      "05400141303438"
    ],
    "topCategoryName": "Dranken",
    "topCategoryId": "354",
    "businessDomain": "RETAIL_BE",
    "IsPrivateLabel": true,
    "IsBiffe": false,
    "WeightconversionFactor": "0",
    "IsWeightArticle": false,
    "nutriscoreLabel": "D",
    "IsBio": false,
    "CountryOfOrigin": "NEDERLAND",
    "IsExclusivelySoldInLuxembourg": false,
    "OrderUnit": "P",
    "ShortName": "BONI SPORTDR R.PEACH50C",
    "IsNew": false,
    "RecentQuanityOfStockUnits": "6,1,6,1",
    "LongName": "BONI Sportdrank Red Peach 50cl",
    "AlcoholVolume": "0",
    "FicCode": "I"
  },
  {
    "productId": "11323",
    "technicalArticleNumber": "1387563",
    "commercialArticleNumber": "5681",
    "name": "sojadrank natuur brik",
    "description": "*Plantaardige drank",
    "brand": "EVERYDAY",
    "seoBrand": "Everyday",
    "thumbNail": "https://static.colruytgroup.com/images/200x200/std.lang.all/40/20/asset-3234020.jpg",
    "fullImage": "https://static.colruytgroup.com/images/500x500/std.lang.all/40/20/asset-3234020.jpg",
    "squareImage": "https://static.colruytgroup.com/images/500x500sq/std.lang.all/40/20/asset-3234020.jpg",
    "content": "1L",
    "walkRouteSequenceNumber": 6284,
    "price": {
      "basicPrice": 0.69,
      "recommendedQuantity": "1.0",
      "measurementUnitPrice": 0.69,
      "measurementUnit": "L",
      "isRedPrice": false,
      "pricePerUOM": 0.69,
      "activationDate": "19-03-2024",
      "recordSource": "Offline",
      "isPromoActive": "N",
      "priceChangeCode": "E"
    },
    "isAvailable": true,
    "isPriceAvailable": true,
    "inPromo": false,
    "gtin": [
      "15400141911593",
      "05400141056815",
      "05400141167085",
      "15400141834410",
      "05400141353778",
      "15400141469551",
      "05400141911596",
      "05400141469554"
    ],
    "topCategoryName": "Zuivel",
    "topCategoryId": "65",
    "businessDomain": "RETAIL_BE",
    "IsPrivateLabel": true,
    "IsBiffe": false,
    "WeightconversionFactor": "0",
    "IsWeightArticle": false,
    "nutriscoreLabel": "B",
    "IsBio": false,
    "CountryOfOrigin": "SPANJE",
    "IsExclusivelySoldInLuxembourg": false,
    "OrderUnit": "P",
    "ShortName": "EVD SOJADRANK NATUUR 1L",
    "IsNew": false,
    "EcoscoreLabel": "B",
    "RecentQuanityOfStockUnits": "1,8",
    "LongName": "EVERYDAY sojadrank natuur brik 1L",
    "AlcoholVolume": "0",
    "FicCode": "I",
    "EcoscoreValue": "68"
  },
  {
    "productId": "14978",
    "technicalArticleNumber": "1465205",
    "commercialArticleNumber": "5677",
    "name": "lichtbruisend water",
    "description": "*Natuurlijk mineraalwater\n*Lichtbruisend\n*Droogrest: 872 mg/l",
    "brand": "BONI",
    "seoBrand": "Boni Selection",
    "thumbNail": "https://static.colruytgroup.com/images/200x200/std.lang.all/83/77/asset-2818377.jpg",
    "fullImage": "https://static.colruytgroup.com/images/500x500/std.lang.all/83/77/asset-2818377.jpg",
    "squareImage": "https://static.colruytgroup.com/images/500x500sq/std.lang.all/83/77/asset-2818377.jpg",
    "content": "50cl",
    "walkRouteSequenceNumber": 3926,
    "price": {
      "basicPrice": 0.286,
      "recommendedQuantity": "9.0",
      "quantityPrice": 0.275,
      "quantityPriceQuantity": "27.0",
      "measurementUnitPrice": 0.58,
      "measurementUnitQuantityPrice": 0.56,
      "measurementUnit": "L",
      "isRedPrice": false,
      "pricePerUOM": 0.58,
      "activationDate": "13-03-2024",
      "recordSource": "Offline",
      "isPromoActive": "N",
      "priceChangeCode": "H",
      "quantityPricePerUOM": 0.56,
      "quantityActivationDate": "13-03-2024",
      "quantityPriceChangeCode": "E"
    },
    "isAvailable": true,
    "isPriceAvailable": true,
    "inPromo": false,
    "gtin": [
      "05400141420081",
      "05400141087642",
      "05400141087635",
      "15400141103646",
      "05400141295269",
      "05400141056778",
      "15400141988052",
      "45400141295267",
      "05400141038507",
      "05400141038514",
      "05400141103649",
      "15400141420088"
    ],
    "topCategoryName": "Dranken",
    "topCategoryId": "354",
    "businessDomain": "RETAIL_BE",
    "IsPrivateLabel": true,
    "IsBiffe": false,
    "WeightconversionFactor": "0",
    "IsWeightArticle": false,
    "nutriscoreLabel": "A",
    "IsBio": false,
    "CountryOfOrigin": "FRANKRIJK",
    "IsExclusivelySoldInLuxembourg": false,
    "OrderUnit": "P",
    "ShortName": "BONI LICHTBRUISEND 50CL",
    "IsNew": false,
    "RecentQuanityOfStockUnits": "1,9",
    "LongName": "BONI lichtbruisend water 50cl",
    "AlcoholVolume": "0",
    "FicCode": "I"
  },
  {
    "productId": "393",
    "technicalArticleNumber": "5327",
    "commercialArticleNumber": "5327",
    "name": "cola",
    "description": "*Frisdrank\n*Cola",
    "brand": "PEPSI",
    "seoBrand": "Pepsi",
    "thumbNail": "https://static.colruytgroup.com/images/200x200/std.lang.all/48/70/asset-3424870.jpg",
    "fullImage": "https://static.colruytgroup.com/images/500x500/std.lang.all/48/70/asset-3424870.jpg",
    "squareImage": "https://static.colruytgroup.com/images/500x500sq/std.lang.all/48/70/asset-3424870.jpg",
    "content": "33cl",
    "walkRouteSequenceNumber": 4228,
    "price": {
      "basicPrice": 0.44,
      "recommendedQuantity": "6.0",
      "measurementUnitPrice": 1.34,
      "measurementUnit": "L",
      "isRedPrice": false,
      "pricePerUOM": 1.34,
      "activationDate": "19-03-2024",
      "recordSource": "Offline",
      "isPromoActive": "N",
      "priceChangeCode": "L"
    },
    "isAvailable": true,
    "isPriceAvailable": true,
    "inPromo": false,
    "gtin": [
      "04060800100252",
      "05410188033595",
      "05410188034097",
      "05410188034103",
      "05410188033618",
      "05410188033625"
    ],
    "topCategoryName": "Dranken",
    "topCategoryId": "354",
    "businessDomain": "RETAIL_BE",
    "IsPrivateLabel": false,
    "IsBiffe": false,
    "WeightconversionFactor": "0",
    "IsWeightArticle": false,
    "nutriscoreLabel": "D",
    "IsBio": false,
    "CountryOfOrigin": "EUROPA",
    "IsExclusivelySoldInLuxembourg": false,
    "OrderUnit": "P",
    "ShortName": "PEPSI COLA 33CL BLIK",
    "InSeason": true,
    "IsNew": false,
    "RecentQuanityOfStockUnits": "1,24,6",
    "LongName": "PEPSI cola 33cl",
    "AlcoholVolume": "0",
    "StartSeasonDate": "03/01/2008",
    "FicCode": "E"
  },
  {
    "productId": "567",
    "technicalArticleNumber": "5425",
    "commercialArticleNumber": "5425",
    "name": "Ice Tea Peach",
    "description": "*Ice tea\n*Perziksmaak\n*Non-sparkling\n*Ijs thee\n*Soft drink",
    "brand": "LIPTON",
    "seoBrand": "Lipton",
    "thumbNail": "https://static.colruytgroup.com/images/200x200/std.lang.all/53/37/asset-3205337.jpg",
    "fullImage": "https://static.colruytgroup.com/images/500x500/std.lang.all/53/37/asset-3205337.jpg",
    "squareImage": "https://static.colruytgroup.com/images/500x500sq/std.lang.all/53/37/asset-3205337.jpg",
    "content": "1,5L",
    "walkRouteSequenceNumber": 4205,
    "price": {
      "basicPrice": 2.35,
      "recommendedQuantity": "6.0",
      "measurementUnitPrice": 1.57,
      "measurementUnit": "L",
      "isRedPrice": false,
      "pricePerUOM": 1.57,
      "activationDate": "12-03-2024",
      "recordSource": "Offline",
      "isPromoActive": "N",
      "priceChangeCode": "H"
    },
    "isAvailable": true,
    "isPriceAvailable": true,
    "inPromo": false,
    "gtin": [
      "08712100238581",
      "08712100720543",
      "08711327582170",
      "08711327582361",
      "08711327501515",
      "08711327501508"
    ],
    "topCategoryName": "Dranken",
    "topCategoryId": "354",
    "businessDomain": "RETAIL_BE",
    "IsPrivateLabel": false,
    "IsBiffe": false,
    "WeightconversionFactor": "0",
    "IsWeightArticle": false,
    "nutriscoreLabel": "D",
    "IsBio": false,
    "CountryOfOrigin": "BELGIË",
    "IsExclusivelySoldInLuxembourg": false,
    "OrderUnit": "P",
    "ShortName": "LIPT ICE TEA PEACH 1.5L",
    "IsNew": false,
    "RecentQuanityOfStockUnits": "1,6",
    "LongName": "LIPTON Ice Tea Peach 1,5L",
    "AlcoholVolume": "0",
    "FicCode": "E"
  },
  {
    "productId": "10092",
    "technicalArticleNumber": "1350951",
    "commercialArticleNumber": "5126",
    "name": "tonic",
    "description": "*Bruisend\n*Met suiker\n*Bevat kinine",
    "brand": "BONI",
    "seoBrand": "Boni Selection",
    "thumbNail": "https://static.colruytgroup.com/images/200x200/std.lang.all/41/65/asset-2064165.jpg",
    "fullImage": "https://static.colruytgroup.com/images/500x500/std.lang.all/41/65/asset-2064165.jpg",
    "squareImage": "https://static.colruytgroup.com/images/500x500sq/std.lang.all/41/65/asset-2064165.jpg",
    "content": "50cl",
    "walkRouteSequenceNumber": 4289,
    "price": {
      "basicPrice": 0.348,
      "recommendedQuantity": "6.0",
      "measurementUnitPrice": 0.7,
      "measurementUnit": "L",
      "isRedPrice": false,
      "pricePerUOM": 0.7,
      "activationDate": "17-02-2024",
      "recordSource": "Offline",
      "isPromoActive": "N",
      "priceChangeCode": "E"
    },
    "isAvailable": true,
    "isPriceAvailable": true,
    "inPromo": false,
    "gtin": [
      "05400141025934",
      "05400141051261",
      "05400141079760",
      "05400141080377",
      "25400141296611",
      "15400141151265",
      "15400141296614",
      "15400141970262",
      "05400141296617"
    ],
    "topCategoryName": "Dranken",
    "topCategoryId": "354",
    "businessDomain": "RETAIL_BE",
    "IsPrivateLabel": true,
    "IsBiffe": false,
    "WeightconversionFactor": "0",
    "IsWeightArticle": false,
    "nutriscoreLabel": "E",
    "IsBio": false,
    "CountryOfOrigin": "FRANKRIJK",
    "IsExclusivelySoldInLuxembourg": false,
    "OrderUnit": "P",
    "ShortName": "BONI TONIC 50CL",
    "IsNew": false,
    "RecentQuanityOfStockUnits": "24,1,6",
    "LongName": "BONI tonic 50cl",
    "AlcoholVolume": "0",
    "FicCode": "I"
  },
  {
    "productId": "20566",
    "technicalArticleNumber": "2244579",
    "commercialArticleNumber": "4570",
    "name": "Zero Sugar PET",
    "description": "*Bruisend\n*Met zoetstoffen\n*Bevat cafeïne",
    "brand": "COCA-COLA",
    "seoBrand": "Coca-Cola Zero Sugar",
    "thumbNail": "https://static.colruytgroup.com/images/200x200/std.lang.all/91/25/asset-3209125.jpg",
    "fullImage": "https://static.colruytgroup.com/images/500x500/std.lang.all/91/25/asset-3209125.jpg",
    "squareImage": "https://static.colruytgroup.com/images/500x500sq/std.lang.all/91/25/asset-3209125.jpg",
    "content": "25cl",
    "walkRouteSequenceNumber": 4324,
    "price": {
      "basicPrice": 0.998,
      "recommendedQuantity": "12.0",
      "measurementUnitPrice": 4,
      "measurementUnit": "L",
      "isRedPrice": false,
      "pricePerUOM": 4,
      "activationDate": "28-02-2024",
      "recordSource": "Offline",
      "isPromoActive": "N",
      "priceChangeCode": "L"
    },
    "isAvailable": true,
    "isPriceAvailable": true,
    "inPromo": false,
    "gtin": [
      "05449000202741",
      "05449000175830",
      "05449000205308",
      "00000050112579"
    ],
    "topCategoryName": "Dranken",
    "topCategoryId": "354",
    "businessDomain": "RETAIL_BE",
    "IsPrivateLabel": false,
    "IsBiffe": false,
    "WeightconversionFactor": "0",
    "IsWeightArticle": false,
    "nutriscoreLabel": "C",
    "IsBio": false,
    "CountryOfOrigin": "BELGIË",
    "IsExclusivelySoldInLuxembourg": false,
    "OrderUnit": "P",
    "ShortName": "COCA COLA ZERO 25CL PET",
    "IsNew": false,
    "RecentQuanityOfStockUnits": "1,24,12",
    "LongName": "COCA-COLA Zero Sugar PET 25cl",
    "AlcoholVolume": "0",
    "FicCode": "E"
  },
  {
    "productId": "415500",
    "technicalArticleNumber": "3931046",
    "commercialArticleNumber": "40402",
    "name": "Black Tea Peach-Hibiscus",
    "brand": "FUZE TEA",
    "seoBrand": "Fuze Tea",
    "thumbNail": "https://static.colruytgroup.com/images/200x200/std.lang.all/36/73/asset-2083673.jpg",
    "fullImage": "https://static.colruytgroup.com/images/500x500/std.lang.all/36/73/asset-2083673.jpg",
    "squareImage": "https://static.colruytgroup.com/images/500x500sq/std.lang.all/36/73/asset-2083673.jpg",
    "content": "1,25L",
    "walkRouteSequenceNumber": 4217,
    "price": {
      "basicPrice": 1.86,
      "recommendedQuantity": "6.0",
      "measurementUnitPrice": 1.49,
      "measurementUnit": "L",
      "isRedPrice": false,
      "pricePerUOM": 1.49,
      "activationDate": "13-03-2024",
      "recordSource": "Offline",
      "isPromoActive": "Y",
      "priceChangeCode": "E"
    },
    "isAvailable": true,
    "isPriceAvailable": true,
    "inPromo": true,
    "promotion": [
      {
        "techPromoId": "100844COLR",
        "promotionId": "100844",
        "promotionType": "3",
        "isPersonalized": "N",
        "publicationStartDate": "13-03-2024",
        "publicationEndDate": "26-03-2024"
      }
    ],
    "gtin": [
      "05449000232304",
      "05449000238450",
      "05449000232373"
    ],
    "topCategoryName": "Dranken",
    "topCategoryId": "354",
    "businessDomain": "RETAIL_BE",
    "IsPrivateLabel": false,
    "IsBiffe": false,
    "WeightconversionFactor": "0",
    "IsWeightArticle": false,
    "nutriscoreLabel": "D",
    "IsBio": false,
    "CountryOfOrigin": "FRANKRIJK",
    "IsExclusivelySoldInLuxembourg": false,
    "OrderUnit": "P",
    "ShortName": "FUZE BL TEA PE-HI 1.25L",
    "IsNew": false,
    "RecentQuanityOfStockUnits": "1,6",
    "LongName": "FUZE TEA Black Tea Peach-Hibiscus 1,25L",
    "FicCode": "E"
  },
  {
    "productId": "11228",
    "technicalArticleNumber": "1386526",
    "commercialArticleNumber": "5163",
    "name": "limonade Orange Fit",
    "description": "*Smaak: sinaasappel\n*Bruisend\n*Met zoetstoffen",
    "brand": "TÖNISSTEINER",
    "seoBrand": "Tönissteiner",
    "thumbNail": "https://static.colruytgroup.com/images/200x200/std.lang.all/91/89/asset-1549189.jpg",
    "fullImage": "https://static.colruytgroup.com/images/500x500/std.lang.all/91/89/asset-1549189.jpg",
    "squareImage": "https://static.colruytgroup.com/images/500x500sq/std.lang.all/91/89/asset-1549189.jpg",
    "content": "33cl",
    "walkRouteSequenceNumber": 4336,
    "price": {
      "basicPrice": 0.95,
      "recommendedQuantity": "6.0",
      "quantityPrice": 0.91,
      "quantityPriceQuantity": "24.0",
      "measurementUnitPrice": 2.88,
      "measurementUnitQuantityPrice": 2.76,
      "measurementUnit": "L",
      "isRedPrice": false,
      "pricePerUOM": 2.88,
      "activationDate": "20-02-2024",
      "recordSource": "Online",
      "isPromoActive": "N",
      "priceChangeCode": "E",
      "quantityPricePerUOM": 2.76,
      "quantityActivationDate": "20-02-2024",
      "quantityPriceChangeCode": "E"
    },
    "isAvailable": true,
    "isPriceAvailable": true,
    "inPromo": false,
    "gtin": [
      "04002968231652",
      "04002968032655",
      "04002968031658"
    ],
    "topCategoryName": "Dranken",
    "topCategoryId": "354",
    "businessDomain": "RETAIL_BE",
    "IsPrivateLabel": false,
    "IsBiffe": false,
    "WeightconversionFactor": "0",
    "IsWeightArticle": false,
    "nutriscoreLabel": "B",
    "IsBio": false,
    "CountryOfOrigin": "DUITSLAND",
    "IsExclusivelySoldInLuxembourg": false,
    "OrderUnit": "P",
    "ShortName": "TONI ORANGE BLIK 33CL",
    "IsNew": false,
    "RecentQuanityOfStockUnits": "6,1,24",
    "LongName": "TÖNISSTEINER limonade Orange Fit 33cl",
    "AlcoholVolume": "0",
    "FicCode": "E"
  },
  {
    "productId": "2604",
    "technicalArticleNumber": "1100357",
    "commercialArticleNumber": "5662",
    "name": "rood fruit brik",
    "description": "*Magere melk\n*België",
    "brand": "FRISTI",
    "seoBrand": "Fristi",
    "thumbNail": "https://static.colruytgroup.com/images/200x200/nl_be/98/74/asset-2509874.jpg",
    "fullImage": "https://static.colruytgroup.com/images/500x500/nl_be/98/74/asset-2509874.jpg",
    "squareImage": "https://static.colruytgroup.com/images/500x500sq/nl_be/98/74/asset-2509874.jpg",
    "content": "6x200ml",
    "walkRouteSequenceNumber": 6353,
    "price": {
      "basicPrice": 1.79,
      "recommendedQuantity": "1.0",
      "measurementUnitPrice": 1.5,
      "measurementUnit": "L",
      "isRedPrice": false,
      "pricePerUOM": 1.5,
      "activationDate": "14-03-2024",
      "recordSource": "Offline",
      "isPromoActive": "N",
      "priceChangeCode": "E"
    },
    "isAvailable": true,
    "isPriceAvailable": true,
    "inPromo": false,
    "gtin": [
      "05414150215262",
      "08713300801230"
    ],
    "topCategoryName": "Zuivel",
    "topCategoryId": "65",
    "businessDomain": "RETAIL_BE",
    "IsPrivateLabel": false,
    "IsBiffe": false,
    "WeightconversionFactor": "0",
    "IsWeightArticle": false,
    "nutriscoreLabel": "C",
    "IsBio": false,
    "CountryOfOrigin": "DUITSLAND",
    "IsExclusivelySoldInLuxembourg": false,
    "OrderUnit": "P",
    "ShortName": "FRISTI ROOD FRUIT 6X20C",
    "IsNew": false,
    "EcoscoreLabel": "A",
    "RecentQuanityOfStockUnits": "5,1",
    "LongName": "FRISTI rood fruit brik 6x200ml",
    "AlcoholVolume": "0",
    "FicCode": "E",
    "EcoscoreValue": "99"
  },
  {
    "productId": "20458",
    "technicalArticleNumber": "1902882",
    "commercialArticleNumber": "22080",
    "name": "pads Classic",
    "description": "*Intense koffie\n*Evenwichtig, rond\n*Pads",
    "brand": "SENSEO",
    "seoBrand": "Senseo",
    "thumbNail": "https://static.colruytgroup.com/images/200x200/std.lang.all/30/85/asset-2413085.jpg",
    "fullImage": "https://static.colruytgroup.com/images/500x500/std.lang.all/30/85/asset-2413085.jpg",
    "squareImage": "https://static.colruytgroup.com/images/500x500sq/std.lang.all/30/85/asset-2413085.jpg",
    "content": "36st",
    "walkRouteSequenceNumber": 1198,
    "price": {
      "basicPrice": 3.49,
      "recommendedQuantity": "1.0",
      "measurementUnitPrice": 13.96,
      "measurementUnit": "K",
      "isRedPrice": false,
      "pricePerUOM": 13.96,
      "activationDate": "22-02-2024",
      "recordSource": "Offline",
      "isPromoActive": "N",
      "priceChangeCode": "E"
    },
    "isAvailable": true,
    "isPriceAvailable": true,
    "inPromo": false,
    "gtin": [
      "08711000341001",
      "08711000341018"
    ],
    "topCategoryName": "Dranken",
    "topCategoryId": "354",
    "businessDomain": "RETAIL_BE",
    "IsPrivateLabel": false,
    "IsBiffe": false,
    "WeightconversionFactor": "0",
    "IsWeightArticle": false,
    "nutriscoreLabel": "B",
    "IsBio": false,
    "CountryOfOrigin": "NEDERLAND",
    "IsExclusivelySoldInLuxembourg": false,
    "OrderUnit": "P",
    "ShortName": "SENSEO 36P CLASSIC",
    "InSeason": true,
    "IsNew": false,
    "RecentQuanityOfStockUnits": "1,10",
    "LongName": "SENSEO pads Classic 36st",
    "AlcoholVolume": "0",
    "StartSeasonDate": "23/12/2010",
    "FicCode": "E"
  },
  {
    "productId": "16723",
    "technicalArticleNumber": "1434517",
    "commercialArticleNumber": "6697",
    "name": "abdijbier blond 6,7%",
    "description": "*Abdijbier\n*Blond\n*6,7 % vol",
    "brand": "GRIMBERGEN",
    "seoBrand": "Grimbergen",
    "thumbNail": "https://static.colruytgroup.com/images/200x200/std.lang.all/00/52/asset-3030052.jpg",
    "fullImage": "https://static.colruytgroup.com/images/500x500/std.lang.all/00/52/asset-3030052.jpg",
    "squareImage": "https://static.colruytgroup.com/images/500x500sq/std.lang.all/00/52/asset-3030052.jpg",
    "content": "8x33cl",
    "walkRouteSequenceNumber": 3647,
    "price": {
      "basicPrice": 9.95,
      "recommendedQuantity": "1.0",
      "measurementUnitPrice": 3.77,
      "measurementUnit": "L",
      "isRedPrice": false,
      "pricePerUOM": 3.77,
      "activationDate": "14-03-2024",
      "isPromoActive": "Y",
      "priceChangeCode": "H"
    },
    "isAvailable": true,
    "isPriceAvailable": true,
    "inPromo": false,
    "gtin": [
      "05400141026054",
      "05410263015669",
      "05410263003475"
    ],
    "topCategoryName": "Dranken",
    "topCategoryId": "354",
    "businessDomain": "RETAIL_BE",
    "IsPrivateLabel": false,
    "IsBiffe": false,
    "WeightconversionFactor": "0",
    "IsWeightArticle": false,
    "IsBio": false,
    "CountryOfOrigin": "BELGIË",
    "IsExclusivelySoldInLuxembourg": false,
    "OrderUnit": "P",
    "ShortName": "GRIMBERGEN BLOND 8X33CL",
    "IsNew": false,
    "EcoscoreLabel": "D",
    "RecentQuanityOfStockUnits": "1",
    "LongName": "GRIMBERGEN abdijbier blond 6,7% 8x33cl",
    "AlcoholVolume": "6.7",
    "FicCode": "I",
    "DepositValue": [
      0.8
    ],
    "EcoscoreValue": "37"
  },
  {
    "productId": "333987",
    "technicalArticleNumber": "3814335",
    "commercialArticleNumber": "51200",
    "name": "Gemalen dessert RFA",
    "description": "*Sterkte: zachte\nkoffie\n*Smaak: zacht, vol\naroma\n*Gemalen koffie",
    "brand": "GRAINDOR",
    "seoBrand": "Graindor",
    "thumbNail": "https://static.colruytgroup.com/images/200x200/std.lang.all/40/30/asset-3124030.jpg",
    "fullImage": "https://static.colruytgroup.com/images/500x500/std.lang.all/40/30/asset-3124030.jpg",
    "squareImage": "https://static.colruytgroup.com/images/500x500sq/std.lang.all/40/30/asset-3124030.jpg",
    "content": "500g",
    "walkRouteSequenceNumber": 1088,
    "price": {
      "basicPrice": 5.59,
      "recommendedQuantity": "1.0",
      "measurementUnitPrice": 11.18,
      "measurementUnit": "K",
      "isRedPrice": false,
      "pricePerUOM": 11.18,
      "activationDate": "14-02-2024",
      "isPromoActive": "N",
      "priceChangeCode": "H"
    },
    "isAvailable": true,
    "isPriceAvailable": true,
    "inPromo": false,
    "gtin": [
      "05400141033014",
      "15400141033011"
    ],
    "topCategoryName": "Dranken",
    "topCategoryId": "354",
    "businessDomain": "RETAIL_BE",
    "IsPrivateLabel": true,
    "IsBiffe": false,
    "WeightconversionFactor": "0",
    "IsWeightArticle": false,
    "nutriscoreLabel": "B",
    "IsBio": false,
    "CountryOfOrigin": "BELGIË",
    "IsExclusivelySoldInLuxembourg": false,
    "OrderUnit": "P",
    "ShortName": "RFA GRAI DESSER VAC500G",
    "IsNew": false,
    "EcoscoreLabel": "B",
    "RecentQuanityOfStockUnits": "1,2",
    "LongName": "GRAINDOR Gemalen dessert RFA 500g",
    "AlcoholVolume": "0",
    "FicCode": "I",
    "EcoscoreValue": "60"
  },
  {
    "productId": "1848",
    "technicalArticleNumber": "22104",
    "commercialArticleNumber": "22104",
    "name": "oploskoffie dess. glas",
    "description": "*Premium koffie\n*Rijk & zacht\n*Arabica\n*200g",
    "brand": "NESCAFÉ GOLD",
    "seoBrand": "Nescafé Gold",
    "thumbNail": "https://static.colruytgroup.com/images/200x200/std.lang.all/71/56/asset-1567156.jpg",
    "fullImage": "https://static.colruytgroup.com/images/500x500/std.lang.all/71/56/asset-1567156.jpg",
    "squareImage": "https://static.colruytgroup.com/images/500x500sq/std.lang.all/71/56/asset-1567156.jpg",
    "content": "200g",
    "walkRouteSequenceNumber": 1180,
    "price": {
      "basicPrice": 6.79,
      "recommendedQuantity": "1.0",
      "measurementUnitPrice": 33.95,
      "measurementUnit": "K",
      "isRedPrice": false,
      "pricePerUOM": 33.95,
      "activationDate": "18-03-2024",
      "recordSource": "Offline",
      "isPromoActive": "N",
      "priceChangeCode": "H"
    },
    "isAvailable": true,
    "isPriceAvailable": true,
    "inPromo": false,
    "gtin": [
      "07613036507240",
      "07613033006944",
      "07613033006937"
    ],
    "topCategoryName": "Dranken",
    "topCategoryId": "354",
    "businessDomain": "RETAIL_BE",
    "IsPrivateLabel": false,
    "IsBiffe": false,
    "WeightconversionFactor": "0",
    "IsWeightArticle": false,
    "nutriscoreLabel": "B",
    "IsBio": false,
    "CountryOfOrigin": "FRANKRIJK",
    "IsExclusivelySoldInLuxembourg": false,
    "OrderUnit": "P",
    "ShortName": "NESCAFE GOLD 200 GR",
    "IsNew": false,
    "RecentQuanityOfStockUnits": "6,1",
    "LongName": "NESCAFÉ GOLD oploskoffie dess. glas 200g",
    "AlcoholVolume": "0",
    "FicCode": "E"
  },
  {
    "productId": "516403",
    "technicalArticleNumber": "4097624",
    "commercialArticleNumber": "8363",
    "name": "Indian tonic",
    "description": "*Bruisend\n*Bevat kinine",
    "brand": "SCHWEPPES",
    "seoBrand": "Schweppes",
    "thumbNail": "https://static.colruytgroup.com/images/200x200/std.lang.all/00/99/asset-3270099.jpg",
    "fullImage": "https://static.colruytgroup.com/images/500x500/std.lang.all/00/99/asset-3270099.jpg",
    "squareImage": "https://static.colruytgroup.com/images/500x500sq/std.lang.all/00/99/asset-3270099.jpg",
    "content": "33cl",
    "walkRouteSequenceNumber": 4292,
    "price": {
      "basicPrice": 0.581,
      "recommendedQuantity": "8.0",
      "measurementUnitPrice": 1.77,
      "measurementUnit": "L",
      "isRedPrice": false,
      "pricePerUOM": 1.77,
      "activationDate": "12-03-2024",
      "recordSource": "Offline",
      "isPromoActive": "N",
      "priceChangeCode": "H"
    },
    "isAvailable": true,
    "isPriceAvailable": true,
    "inPromo": false,
    "gtin": [
      "03124480186850",
      "05410221107320",
      "05410221205538",
      "03124480186928",
      "05410221105487"
    ],
    "topCategoryName": "Dranken",
    "topCategoryId": "354",
    "businessDomain": "RETAIL_BE",
    "IsPrivateLabel": false,
    "IsBiffe": false,
    "WeightconversionFactor": "0",
    "IsWeightArticle": false,
    "nutriscoreLabel": "D",
    "IsBio": false,
    "CountryOfOrigin": "FRANKRIJK",
    "IsExclusivelySoldInLuxembourg": false,
    "OrderUnit": "P",
    "ShortName": "SCHW INDIAN TONIC 33CL",
    "IsNew": false,
    "RecentQuanityOfStockUnits": "8,1,24,6,24",
    "LongName": "SCHWEPPES Indian tonic 33cl",
    "AlcoholVolume": "0",
    "FicCode": "E"
  },
  {
    "productId": "340447",
    "technicalArticleNumber": "3734468",
    "commercialArticleNumber": "41008",
    "name": "tonic zero",
    "description": "*Bruisend\n*Bevat kinine\n*Met zoetstof",
    "brand": "BONI",
    "seoBrand": "Boni Selection",
    "thumbNail": "https://static.colruytgroup.com/images/200x200/std.lang.all/00/39/asset-2330039.jpg",
    "fullImage": "https://static.colruytgroup.com/images/500x500/std.lang.all/00/39/asset-2330039.jpg",
    "squareImage": "https://static.colruytgroup.com/images/500x500sq/std.lang.all/00/39/asset-2330039.jpg",
    "content": "50cl",
    "walkRouteSequenceNumber": 4288,
    "price": {
      "basicPrice": 0.47,
      "recommendedQuantity": "6.0",
      "quantityPrice": 0.45,
      "quantityPriceQuantity": "48.0",
      "measurementUnitPrice": 0.94,
      "measurementUnitQuantityPrice": 0.9,
      "measurementUnit": "L",
      "isRedPrice": false,
      "pricePerUOM": 0.94,
      "activationDate": "17-11-2023",
      "isPromoActive": "N",
      "priceChangeCode": "H",
      "quantityPricePerUOM": 0.9,
      "quantityActivationDate": "17-11-2023",
      "quantityPriceChangeCode": "E"
    },
    "isAvailable": true,
    "isPriceAvailable": true,
    "inPromo": false,
    "gtin": [
      "05400141035285",
      "05400141105650",
      "05400141296600",
      "15400141296607",
      "25400141035289",
      "25400141296604"
    ],
    "topCategoryName": "Dranken",
    "topCategoryId": "354",
    "businessDomain": "RETAIL_BE",
    "IsPrivateLabel": true,
    "IsBiffe": false,
    "WeightconversionFactor": "0",
    "IsWeightArticle": false,
    "nutriscoreLabel": "C",
    "IsBio": false,
    "CountryOfOrigin": "FRANKRIJK",
    "IsExclusivelySoldInLuxembourg": false,
    "OrderUnit": "P",
    "ShortName": "BONI TONIC ZERO 50CL",
    "IsNew": false,
    "RecentQuanityOfStockUnits": "24,1,6",
    "LongName": "BONI tonic zero 50cl",
    "AlcoholVolume": "0",
    "FicCode": "I"
  },
  {
    "productId": "221274",
    "technicalArticleNumber": "3504575",
    "commercialArticleNumber": "14261",
    "name": "limonade Orange Fit",
    "description": "*Smaak: sinaasappel\n*Bruisend\n*Met zoetstoffen",
    "brand": "TÖNISSTEINER",
    "seoBrand": "Tönissteiner",
    "thumbNail": "https://static.colruytgroup.com/images/200x200/nl_be/73/65/asset-907365.jpg",
    "fullImage": "https://static.colruytgroup.com/images/500x500/nl_be/73/65/asset-907365.jpg",
    "squareImage": "https://static.colruytgroup.com/images/500x500sq/nl_be/73/65/asset-907365.jpg",
    "content": "1L",
    "walkRouteSequenceNumber": 4333,
    "price": {
      "basicPrice": 2.04,
      "recommendedQuantity": "6.0",
      "quantityPrice": 1.96,
      "quantityPriceQuantity": "18.0",
      "measurementUnitPrice": 2.04,
      "measurementUnitQuantityPrice": 1.96,
      "measurementUnit": "L",
      "isRedPrice": false,
      "pricePerUOM": 2.04,
      "activationDate": "15-03-2024",
      "recordSource": "Offline",
      "isPromoActive": "N",
      "priceChangeCode": "H",
      "quantityPricePerUOM": 1.96,
      "quantityActivationDate": "15-03-2024",
      "quantityPriceChangeCode": "H"
    },
    "isAvailable": true,
    "isPriceAvailable": true,
    "inPromo": false,
    "gtin": [
      "04002968053643",
      "04002968053612"
    ],
    "topCategoryName": "Dranken",
    "topCategoryId": "354",
    "businessDomain": "RETAIL_BE",
    "IsPrivateLabel": false,
    "IsBiffe": false,
    "WeightconversionFactor": "0",
    "IsWeightArticle": false,
    "nutriscoreLabel": "B",
    "IsBio": false,
    "CountryOfOrigin": "DUITSLAND",
    "IsExclusivelySoldInLuxembourg": false,
    "OrderUnit": "P",
    "ShortName": "TONI ORANGE FIT PET 1L",
    "IsNew": false,
    "RecentQuanityOfStockUnits": "6,1",
    "LongName": "TÖNISSTEINER limonade Orange Fit 1L",
    "AlcoholVolume": "0",
    "FicCode": "E"
  },
  {
    "productId": "425",
    "technicalArticleNumber": "5099",
    "commercialArticleNumber": "5099",
    "name": "bier blond 8,5% bak",
    "description": "*Sterk blond bier\n*8,5 % vol\n*Nagisting op fles",
    "brand": "DUVEL",
    "seoBrand": "Duvel",
    "thumbNail": "https://static.colruytgroup.com/images/200x200/std.lang.all/24/36/asset-1462436.jpg",
    "fullImage": "https://static.colruytgroup.com/images/500x500/std.lang.all/24/36/asset-1462436.jpg",
    "squareImage": "https://static.colruytgroup.com/images/500x500sq/std.lang.all/24/36/asset-1462436.jpg",
    "content": "24x33cl",
    "walkRouteSequenceNumber": 3950,
    "price": {
      "basicPrice": 34.49,
      "recommendedQuantity": "1.0",
      "measurementUnitPrice": 4.36,
      "measurementUnit": "L",
      "isRedPrice": false,
      "pricePerUOM": 4.36,
      "activationDate": "27-02-2024",
      "recordSource": "Online",
      "isPromoActive": "N",
      "priceChangeCode": "L"
    },
    "isAvailable": true,
    "isPriceAvailable": true,
    "inPromo": false,
    "gtin": [
      "05411681014005",
      "05411681014012",
      "05411681014838",
      "25411681014832"
    ],
    "topCategoryName": "Dranken",
    "topCategoryId": "354",
    "businessDomain": "RETAIL_BE",
    "IsPrivateLabel": false,
    "IsBiffe": false,
    "WeightconversionFactor": "0",
    "IsWeightArticle": false,
    "IsBio": false,
    "CountryOfOrigin": "BELGIË",
    "IsExclusivelySoldInLuxembourg": false,
    "OrderUnit": "P",
    "ShortName": "DUVEL 33 CL X 24",
    "IsNew": false,
    "EcoscoreLabel": "B",
    "RecentQuanityOfStockUnits": "1",
    "LongName": "DUVEL bier blond 8,5% bak 24x33cl",
    "AlcoholVolume": "8.5",
    "FicCode": "I",
    "DepositValue": [
      4.5
    ],
    "EcoscoreValue": "64"
  },
  {
    "productId": "282839",
    "technicalArticleNumber": "3646143",
    "commercialArticleNumber": "19260",
    "name": "limonade Tropical niet-bruis.",
    "description": "*Niet bruisende limonade\n*Smaak: multivruchten",
    "brand": "BONI",
    "seoBrand": "Boni Selection",
    "thumbNail": "https://static.colruytgroup.com/images/200x200/std.lang.all/97/17/asset-2869717.jpg",
    "fullImage": "https://static.colruytgroup.com/images/500x500/std.lang.all/97/17/asset-2869717.jpg",
    "squareImage": "https://static.colruytgroup.com/images/500x500sq/std.lang.all/97/17/asset-2869717.jpg",
    "content": "1,5L",
    "walkRouteSequenceNumber": 4061,
    "price": {
      "basicPrice": 1.19,
      "recommendedQuantity": "6.0",
      "measurementUnitPrice": 0.8,
      "measurementUnit": "L",
      "isRedPrice": false,
      "pricePerUOM": 0.8,
      "activationDate": "29-02-2024",
      "recordSource": "Offline",
      "isPromoActive": "N",
      "priceChangeCode": "E"
    },
    "isAvailable": true,
    "isPriceAvailable": true,
    "inPromo": false,
    "gtin": [
      "15400141030065",
      "15400141240044",
      "05400141240047",
      "05400141030068"
    ],
    "topCategoryName": "Dranken",
    "topCategoryId": "354",
    "businessDomain": "RETAIL_BE",
    "IsPrivateLabel": true,
    "IsBiffe": false,
    "WeightconversionFactor": "0",
    "IsWeightArticle": false,
    "nutriscoreLabel": "E",
    "IsBio": false,
    "CountryOfOrigin": "FRANKRIJK",
    "IsExclusivelySoldInLuxembourg": false,
    "OrderUnit": "P",
    "ShortName": "BONI TROPICAL 1.5L",
    "IsNew": false,
    "RecentQuanityOfStockUnits": "1,6",
    "LongName": "BONI limonade Tropical niet-bruis. 1,5L",
    "AlcoholVolume": "0",
    "FicCode": "I"
  },
  {
    "productId": "39986",
    "technicalArticleNumber": "1803121",
    "commercialArticleNumber": "5233",
    "name": "limonade citroen",
    "description": "*Smaak: citroen\n*Bruisend\n*Suiker",
    "brand": "EVERYDAY",
    "seoBrand": "Everyday",
    "thumbNail": "https://static.colruytgroup.com/images/200x200/nl_be/06/69/asset-380669.jpg",
    "fullImage": "https://static.colruytgroup.com/images/500x500/nl_be/06/69/asset-380669.jpg",
    "squareImage": "https://static.colruytgroup.com/images/500x500sq/nl_be/06/69/asset-380669.jpg",
    "content": "50cl",
    "walkRouteSequenceNumber": 4335,
    "price": {
      "basicPrice": 0.343,
      "recommendedQuantity": "9.0",
      "measurementUnitPrice": 0.69,
      "measurementUnit": "L",
      "isRedPrice": false,
      "pricePerUOM": 0.69,
      "activationDate": "05-03-2024",
      "recordSource": "Offline",
      "isPromoActive": "N",
      "priceChangeCode": "L"
    },
    "isAvailable": true,
    "isPriceAvailable": true,
    "inPromo": false,
    "gtin": [
      "05400141052336",
      "05400141080254",
      "05400141087277",
      "05400141272437",
      "05400141652338",
      "15400141272434",
      "05400141101836"
    ],
    "topCategoryName": "Dranken",
    "topCategoryId": "354",
    "businessDomain": "RETAIL_BE",
    "IsPrivateLabel": true,
    "IsBiffe": false,
    "WeightconversionFactor": "0",
    "IsWeightArticle": false,
    "nutriscoreLabel": "D",
    "IsBio": false,
    "CountryOfOrigin": "BELGIË",
    "IsExclusivelySoldInLuxembourg": false,
    "OrderUnit": "P",
    "ShortName": "EVD CITROEN PET 50CL",
    "IsNew": false,
    "RecentQuanityOfStockUnits": "9,1",
    "LongName": "EVERYDAY limonade citroen 50cl",
    "AlcoholVolume": "0",
    "FicCode": "I"
  },
  {
    "productId": "13827",
    "technicalArticleNumber": "1318345",
    "commercialArticleNumber": "5613",
    "name": "sojadrink vanille",
    "description": "*België\n*Plantaardig",
    "brand": "ALPRO",
    "seoBrand": "Alpro",
    "thumbNail": "https://static.colruytgroup.com/images/200x200/std.lang.all/77/67/asset-3367767.jpg",
    "fullImage": "https://static.colruytgroup.com/images/500x500/std.lang.all/77/67/asset-3367767.jpg",
    "squareImage": "https://static.colruytgroup.com/images/500x500sq/std.lang.all/77/67/asset-3367767.jpg",
    "content": "1L",
    "walkRouteSequenceNumber": 6314,
    "price": {
      "basicPrice": 1.44,
      "recommendedQuantity": "6.0",
      "measurementUnitPrice": 1.44,
      "measurementUnit": "L",
      "isRedPrice": false,
      "pricePerUOM": 1.44,
      "activationDate": "19-03-2024",
      "recordSource": "Offline",
      "isPromoActive": "N",
      "priceChangeCode": "H"
    },
    "isAvailable": true,
    "isPriceAvailable": true,
    "inPromo": false,
    "gtin": [
      "05411188129400",
      "05411188129394",
      "05411188115533",
      "05411188093077"
    ],
    "topCategoryName": "Zuivel",
    "topCategoryId": "65",
    "businessDomain": "RETAIL_BE",
    "IsPrivateLabel": false,
    "IsBiffe": false,
    "WeightconversionFactor": "0",
    "IsWeightArticle": false,
    "nutriscoreLabel": "B",
    "IsBio": false,
    "CountryOfOrigin": "BELGIË",
    "IsExclusivelySoldInLuxembourg": false,
    "OrderUnit": "P",
    "ShortName": "ALPRO SOYADRINK VAN. 1L",
    "IsNew": false,
    "EcoscoreLabel": "A",
    "RecentQuanityOfStockUnits": "1,6,12",
    "LongName": "ALPRO sojadrink vanille 1L",
    "AlcoholVolume": "0",
    "FicCode": "E",
    "EcoscoreValue": "83"
  },
  {
    "productId": "18353",
    "technicalArticleNumber": "1765806",
    "commercialArticleNumber": "5174",
    "name": "limonade Zitrone Fit",
    "description": "*Smaak: citroen\n*Bruisend\n*Met zoetstoffen",
    "brand": "TÖNISSTEINER",
    "seoBrand": "Tönissteiner",
    "thumbNail": "https://static.colruytgroup.com/images/200x200/std.lang.all/91/90/asset-1549190.jpg",
    "fullImage": "https://static.colruytgroup.com/images/500x500/std.lang.all/91/90/asset-1549190.jpg",
    "squareImage": "https://static.colruytgroup.com/images/500x500sq/std.lang.all/91/90/asset-1549190.jpg",
    "content": "33cl",
    "walkRouteSequenceNumber": 4317,
    "price": {
      "basicPrice": 0.94,
      "recommendedQuantity": "6.0",
      "quantityPrice": 0.9,
      "quantityPriceQuantity": "24.0",
      "measurementUnitPrice": 2.85,
      "measurementUnitQuantityPrice": 2.73,
      "measurementUnit": "L",
      "isRedPrice": false,
      "pricePerUOM": 2.85,
      "activationDate": "03-02-2024",
      "recordSource": "Online",
      "isPromoActive": "N",
      "priceChangeCode": "H",
      "quantityPricePerUOM": 2.73,
      "quantityActivationDate": "03-02-2024",
      "quantityPriceChangeCode": "H"
    },
    "isAvailable": true,
    "isPriceAvailable": true,
    "inPromo": false,
    "gtin": [
      "04002968037636",
      "04002968032631",
      "04002968031634"
    ],
    "topCategoryName": "Dranken",
    "topCategoryId": "354",
    "businessDomain": "RETAIL_BE",
    "IsPrivateLabel": false,
    "IsBiffe": false,
    "WeightconversionFactor": "0",
    "IsWeightArticle": false,
    "nutriscoreLabel": "B",
    "IsBio": false,
    "CountryOfOrigin": "DUITSLAND",
    "IsExclusivelySoldInLuxembourg": false,
    "OrderUnit": "P",
    "ShortName": "TONI CITROEN BLIK 33CL",
    "IsNew": false,
    "RecentQuanityOfStockUnits": "24,1,6",
    "LongName": "TÖNISSTEINER limonade Zitrone Fit 33cl",
    "AlcoholVolume": "0",
    "FicCode": "E"
  },
  {
    "productId": "10755",
    "technicalArticleNumber": "1397340",
    "commercialArticleNumber": "5843",
    "name": "Ice Tea Green",
    "description": "*Ice tea\n*Groene theesmaak\n*Non-sparkling\n*Ijs thee\n*Soft drink",
    "brand": "LIPTON",
    "seoBrand": "Lipton Green",
    "thumbNail": "https://static.colruytgroup.com/images/200x200/nl_be/33/12/asset-1753312.jpg",
    "fullImage": "https://static.colruytgroup.com/images/500x500/nl_be/33/12/asset-1753312.jpg",
    "squareImage": "https://static.colruytgroup.com/images/500x500sq/nl_be/33/12/asset-1753312.jpg",
    "content": "1,5L",
    "walkRouteSequenceNumber": 4204,
    "price": {
      "basicPrice": 1.99,
      "recommendedQuantity": "6.0",
      "measurementUnitPrice": 1.33,
      "measurementUnit": "L",
      "isRedPrice": false,
      "pricePerUOM": 1.33,
      "activationDate": "12-03-2024",
      "recordSource": "Offline",
      "isPromoActive": "N",
      "priceChangeCode": "H"
    },
    "isAvailable": true,
    "isPriceAvailable": true,
    "inPromo": false,
    "gtin": [
      "05410033822046",
      "08712100720499",
      "08711200447138",
      "08712100238567",
      "08711200447053",
      "08711327501478",
      "08711327501461"
    ],
    "topCategoryName": "Dranken",
    "topCategoryId": "354",
    "businessDomain": "RETAIL_BE",
    "IsPrivateLabel": false,
    "IsBiffe": false,
    "WeightconversionFactor": "0",
    "IsWeightArticle": false,
    "nutriscoreLabel": "D",
    "IsBio": false,
    "CountryOfOrigin": "BELGIË",
    "IsExclusivelySoldInLuxembourg": false,
    "OrderUnit": "P",
    "ShortName": "LIPT ICE TEA GREEN 1.5L",
    "IsNew": false,
    "RecentQuanityOfStockUnits": "1,6",
    "LongName": "LIPTON Ice Tea Green 1,5L",
    "AlcoholVolume": "0",
    "FicCode": "E"
  },
  {
    "productId": "335938",
    "technicalArticleNumber": "3814364",
    "commercialArticleNumber": "51210",
    "name": "Gemalen dessert RFA",
    "description": "*Sterkte: Zachte\nkoffie\n*Smaak: zacht, vol\naroma\n*Gemalen koffie",
    "brand": "GRAINDOR",
    "seoBrand": "Graindor",
    "thumbNail": "https://static.colruytgroup.com/images/200x200/std.lang.all/20/77/asset-1512077.jpg",
    "fullImage": "https://static.colruytgroup.com/images/500x500/std.lang.all/20/77/asset-1512077.jpg",
    "squareImage": "https://static.colruytgroup.com/images/500x500sq/std.lang.all/20/77/asset-1512077.jpg",
    "content": "250g",
    "walkRouteSequenceNumber": 1078,
    "price": {
      "basicPrice": 2.79,
      "recommendedQuantity": "4.0",
      "measurementUnitPrice": 11.16,
      "measurementUnit": "K",
      "isRedPrice": false,
      "pricePerUOM": 11.16,
      "activationDate": "17-01-2024",
      "isPromoActive": "N",
      "priceChangeCode": "H"
    },
    "isAvailable": true,
    "isPriceAvailable": true,
    "inPromo": false,
    "gtin": [
      "15400141906698",
      "15400141258520",
      "05400141258523"
    ],
    "topCategoryName": "Dranken",
    "topCategoryId": "354",
    "businessDomain": "RETAIL_BE",
    "IsPrivateLabel": true,
    "IsBiffe": false,
    "WeightconversionFactor": "0",
    "IsWeightArticle": false,
    "nutriscoreLabel": "B",
    "IsBio": false,
    "CountryOfOrigin": "BELGIË",
    "IsExclusivelySoldInLuxembourg": false,
    "OrderUnit": "P",
    "ShortName": "RFA GRAI DESSER GEM250G",
    "IsNew": false,
    "EcoscoreLabel": "B",
    "RecentQuanityOfStockUnits": "1,4,24",
    "LongName": "GRAINDOR Gemalen dessert RFA 250g",
    "AlcoholVolume": "0",
    "FicCode": "I",
    "EcoscoreValue": "62"
  },
  {
    "productId": "98346",
    "technicalArticleNumber": "2880781",
    "commercialArticleNumber": "24499",
    "name": "cacaopoeder Family",
    "brand": "NESTLÉ NESQUIK",
    "seoBrand": "Nestlé Nesquik",
    "thumbNail": "https://static.colruytgroup.com/images/200x200/std.lang.all/09/90/asset-3360990.jpg",
    "fullImage": "https://static.colruytgroup.com/images/500x500/std.lang.all/09/90/asset-3360990.jpg",
    "squareImage": "https://static.colruytgroup.com/images/500x500sq/std.lang.all/09/90/asset-3360990.jpg",
    "content": "1,1kg",
    "walkRouteSequenceNumber": 1280,
    "price": {
      "basicPrice": 5.68,
      "recommendedQuantity": "1.0",
      "measurementUnitPrice": 5.17,
      "measurementUnit": "K",
      "isRedPrice": false,
      "pricePerUOM": 5.17,
      "activationDate": "23-03-2024",
      "recordSource": "Offline",
      "isPromoActive": "N",
      "priceChangeCode": "L"
    },
    "isAvailable": true,
    "isPriceAvailable": true,
    "inPromo": false,
    "gtin": [
      "07613034077851",
      "07613034741509",
      "07613034077868"
    ],
    "topCategoryName": "Dranken",
    "topCategoryId": "354",
    "businessDomain": "RETAIL_BE",
    "IsPrivateLabel": false,
    "IsBiffe": false,
    "WeightconversionFactor": "0",
    "IsWeightArticle": false,
    "nutriscoreLabel": "B",
    "IsBio": false,
    "CountryOfOrigin": "BELGIË",
    "IsExclusivelySoldInLuxembourg": false,
    "OrderUnit": "P",
    "ShortName": "NESQUICK 1.1KG",
    "IsNew": false,
    "RecentQuanityOfStockUnits": "1,12",
    "LongName": "NESTLÉ NESQUIK cacaopoeder Family 1,1kg",
    "AlcoholVolume": "0",
    "FicCode": "E"
  },
  {
    "productId": "214408",
    "technicalArticleNumber": "3475847",
    "commercialArticleNumber": "14234",
    "name": "trappist tripel 9,5%vol",
    "description": "*Trappistenbier\n*9,5 % vol\n*Nagisting op fles",
    "brand": "WESTMALLE",
    "seoBrand": "Westmalle",
    "thumbNail": "https://static.colruytgroup.com/images/200x200/std.lang.all/33/73/asset-2483373.jpg",
    "fullImage": "https://static.colruytgroup.com/images/500x500/std.lang.all/33/73/asset-2483373.jpg",
    "squareImage": "https://static.colruytgroup.com/images/500x500sq/std.lang.all/33/73/asset-2483373.jpg",
    "content": "6x33cl",
    "walkRouteSequenceNumber": 3622,
    "price": {
      "basicPrice": 8.77,
      "recommendedQuantity": "1.0",
      "measurementUnitPrice": 4.43,
      "measurementUnit": "L",
      "isRedPrice": false,
      "pricePerUOM": 4.43,
      "activationDate": "14-11-2023",
      "recordSource": "Offline",
      "isPromoActive": "N",
      "priceChangeCode": "E"
    },
    "isAvailable": true,
    "isPriceAvailable": true,
    "inPromo": false,
    "gtin": [
      "05400141392999"
    ],
    "topCategoryName": "Dranken",
    "topCategoryId": "354",
    "businessDomain": "RETAIL_BE",
    "IsPrivateLabel": false,
    "IsBiffe": false,
    "WeightconversionFactor": "0",
    "IsWeightArticle": false,
    "IsBio": false,
    "CountryOfOrigin": "BELGIË",
    "IsExclusivelySoldInLuxembourg": false,
    "OrderUnit": "P",
    "ShortName": "WESTMALLE TRIPEL 6X33CL",
    "IsNew": false,
    "EcoscoreLabel": "D",
    "RecentQuanityOfStockUnits": "1",
    "LongName": "WESTMALLE trappist tripel 9,5%vol 6x33cl",
    "AlcoholVolume": "9.5",
    "FicCode": "E",
    "DepositValue": [
      0.6
    ],
    "EcoscoreValue": "37"
  },
  {
    "productId": "606437",
    "technicalArticleNumber": "4276809",
    "commercialArticleNumber": "23131",
    "name": "blond 8,5%",
    "description": "*Sterk blond bier\n*8,5 % vol",
    "brand": "VICTORIA",
    "seoBrand": "Victoria",
    "thumbNail": "https://static.colruytgroup.com/images/200x200/std.lang.all/84/08/asset-2138408.jpg",
    "fullImage": "https://static.colruytgroup.com/images/500x500/std.lang.all/84/08/asset-2138408.jpg",
    "squareImage": "https://static.colruytgroup.com/images/500x500sq/std.lang.all/84/08/asset-2138408.jpg",
    "content": "6x33cl",
    "walkRouteSequenceNumber": 3744,
    "price": {
      "basicPrice": 7.37,
      "recommendedQuantity": "1.0",
      "measurementUnitPrice": 3.73,
      "measurementUnit": "L",
      "isRedPrice": false,
      "pricePerUOM": 3.73,
      "activationDate": "23-03-2024",
      "recordSource": "Folder",
      "isPromoActive": "Y",
      "priceChangeCode": "L"
    },
    "isAvailable": true,
    "isPriceAvailable": true,
    "inPromo": true,
    "promotion": [
      {
        "techPromoId": "100948COLR",
        "promotionId": "100948",
        "promotionType": "3",
        "isPersonalized": "N",
        "publicationStartDate": "13-03-2024",
        "publicationEndDate": "26-03-2024"
      }
    ],
    "gtin": [
      "05410228295044",
      "05410228275992",
      "05410228275985",
      "05410228305590"
    ],
    "topCategoryName": "Dranken",
    "topCategoryId": "354",
    "businessDomain": "RETAIL_BE",
    "IsPrivateLabel": false,
    "IsBiffe": false,
    "WeightconversionFactor": "0",
    "IsWeightArticle": false,
    "IsBio": false,
    "CountryOfOrigin": "BELGIË",
    "IsExclusivelySoldInLuxembourg": false,
    "OrderUnit": "P",
    "ShortName": "VICT BLOND 8.5% 6X33CL",
    "IsNew": false,
    "RecentQuanityOfStockUnits": "4,1,1",
    "LongName": "VICTORIA blond 8,5% 6x33cl",
    "AlcoholVolume": "8.5",
    "FicCode": "E",
    "DepositValue": [
      0.6
    ]
  },
  {
    "productId": "212603",
    "technicalArticleNumber": "3520644",
    "commercialArticleNumber": "12686",
    "name": "Limonade Orange Zero",
    "description": "*Bruisende limonade\n*Smaak: sinaasappel\n*Met zoetstoffen",
    "brand": "EVERYDAY",
    "seoBrand": "Everyday",
    "thumbNail": "https://static.colruytgroup.com/images/200x200/std.lang.all/72/55/asset-3417255.jpg",
    "fullImage": "https://static.colruytgroup.com/images/500x500/std.lang.all/72/55/asset-3417255.jpg",
    "squareImage": "https://static.colruytgroup.com/images/500x500sq/std.lang.all/72/55/asset-3417255.jpg",
    "content": "50cl",
    "walkRouteSequenceNumber": 4349,
    "price": {
      "basicPrice": 0.348,
      "recommendedQuantity": "6.0",
      "measurementUnitPrice": 0.7,
      "measurementUnit": "L",
      "isRedPrice": false,
      "pricePerUOM": 0.7,
      "activationDate": "02-03-2024",
      "recordSource": "Offline",
      "isPromoActive": "N",
      "priceChangeCode": "L"
    },
    "isAvailable": true,
    "isPriceAvailable": true,
    "inPromo": false,
    "gtin": [
      "05400141398120",
      "25400141101779",
      "05400141101775",
      "05400141108743",
      "05400141398113",
      "15400141805748"
    ],
    "topCategoryName": "Dranken",
    "topCategoryId": "354",
    "businessDomain": "RETAIL_BE",
    "IsPrivateLabel": true,
    "IsBiffe": false,
    "WeightconversionFactor": "0",
    "IsWeightArticle": false,
    "nutriscoreLabel": "C",
    "IsBio": false,
    "CountryOfOrigin": "BELGIË",
    "IsExclusivelySoldInLuxembourg": false,
    "OrderUnit": "P",
    "ShortName": "EVD LIMO ORANGE ZERO50C",
    "IsNew": false,
    "RecentQuanityOfStockUnits": "6,1,24",
    "LongName": "EVERYDAY Limonade Orange Zero 50cl",
    "AlcoholVolume": "0",
    "FicCode": "I"
  },
  {
    "productId": "50582",
    "technicalArticleNumber": "2181620",
    "commercialArticleNumber": "19730",
    "name": "appelsap PET",
    "description": "*Appelsap\n*Uit sapconcentraat\n*Met 100 % vruchten\n*Zonder pulp",
    "brand": "BONI",
    "seoBrand": "Boni Selection",
    "thumbNail": "https://static.colruytgroup.com/images/200x200/std.lang.all/92/51/asset-3349251.jpg",
    "fullImage": "https://static.colruytgroup.com/images/500x500/std.lang.all/92/51/asset-3349251.jpg",
    "squareImage": "https://static.colruytgroup.com/images/500x500sq/std.lang.all/92/51/asset-3349251.jpg",
    "content": "1L",
    "walkRouteSequenceNumber": 4769,
    "price": {
      "basicPrice": 0.99,
      "recommendedQuantity": "1.0",
      "measurementUnitPrice": 0.99,
      "measurementUnit": "L",
      "isRedPrice": false,
      "pricePerUOM": 0.99,
      "activationDate": "07-12-2023",
      "recordSource": "Offline",
      "isPromoActive": "N",
      "priceChangeCode": "H"
    },
    "isAvailable": true,
    "isPriceAvailable": true,
    "inPromo": false,
    "gtin": [
      "05400141047110",
      "05400141087406",
      "05400141087413",
      "05400141304176",
      "15400141304173",
      "05400141297300"
    ],
    "topCategoryName": "Dranken",
    "topCategoryId": "354",
    "businessDomain": "RETAIL_BE",
    "IsPrivateLabel": true,
    "IsBiffe": false,
    "WeightconversionFactor": "0",
    "IsWeightArticle": false,
    "nutriscoreLabel": "C",
    "IsBio": false,
    "CountryOfOrigin": "DUITSLAND",
    "IsExclusivelySoldInLuxembourg": false,
    "OrderUnit": "P",
    "ShortName": "BONI APPELSAP PET1L",
    "IsNew": false,
    "EcoscoreLabel": "B",
    "RecentQuanityOfStockUnits": "1,6",
    "LongName": "BONI appelsap PET 1L",
    "AlcoholVolume": "0",
    "FicCode": "I",
    "EcoscoreValue": "71"
  },
  {
    "productId": "718599",
    "technicalArticleNumber": "4466993",
    "commercialArticleNumber": "26878",
    "name": "koffiemelk romig PET",
    "description": "*Geëvaporeerde,\ngesteriliseerde melk",
    "brand": "BONI",
    "seoBrand": "Boni Selection",
    "thumbNail": "https://static.colruytgroup.com/images/200x200/std.lang.all/04/20/asset-2700420.jpg",
    "fullImage": "https://static.colruytgroup.com/images/500x500/std.lang.all/04/20/asset-2700420.jpg",
    "squareImage": "https://static.colruytgroup.com/images/500x500sq/std.lang.all/04/20/asset-2700420.jpg",
    "content": "471ml",
    "walkRouteSequenceNumber": 6357,
    "price": {
      "basicPrice": 2.04,
      "recommendedQuantity": "1.0",
      "measurementUnitPrice": 4.34,
      "measurementUnit": "L",
      "isRedPrice": false,
      "pricePerUOM": 4.34,
      "activationDate": "17-11-2023",
      "isPromoActive": "N",
      "priceChangeCode": "H"
    },
    "isAvailable": true,
    "isPriceAvailable": true,
    "inPromo": false,
    "gtin": [
      "05400141950311",
      "15400141950318"
    ],
    "topCategoryName": "Zuivel",
    "topCategoryId": "65",
    "businessDomain": "RETAIL_BE",
    "IsPrivateLabel": true,
    "IsBiffe": false,
    "WeightconversionFactor": "0",
    "IsWeightArticle": false,
    "nutriscoreLabel": "E",
    "IsBio": false,
    "CountryOfOrigin": "BELGIË",
    "IsExclusivelySoldInLuxembourg": false,
    "OrderUnit": "P",
    "ShortName": "BONI KOFFIEMEL.PET471ML",
    "IsNew": false,
    "EcoscoreLabel": "C",
    "RecentQuanityOfStockUnits": "1,12",
    "LongName": "BONI koffiemelk romig PET 471ml",
    "FicCode": "I",
    "EcoscoreValue": "51"
  },
  {
    "productId": "11173",
    "technicalArticleNumber": "1350964",
    "commercialArticleNumber": "5308",
    "name": "plat water",
    "description": "*Mineraalwater\n*Niet-bruisend\n*Droogrest: 309 mg/l\n*Babyvoeding",
    "brand": "EVIAN",
    "seoBrand": "Evian",
    "thumbNail": "https://static.colruytgroup.com/images/200x200/std.lang.all/10/19/asset-3361019.jpg",
    "fullImage": "https://static.colruytgroup.com/images/500x500/std.lang.all/10/19/asset-3361019.jpg",
    "squareImage": "https://static.colruytgroup.com/images/500x500sq/std.lang.all/10/19/asset-3361019.jpg",
    "content": "50cl",
    "walkRouteSequenceNumber": 3989,
    "price": {
      "basicPrice": 0.681,
      "recommendedQuantity": "6.0",
      "measurementUnitPrice": 1.37,
      "measurementUnit": "L",
      "isRedPrice": false,
      "pricePerUOM": 1.37,
      "activationDate": "14-02-2024",
      "recordSource": "Offline",
      "isPromoActive": "N",
      "priceChangeCode": "E"
    },
    "isAvailable": true,
    "isPriceAvailable": true,
    "inPromo": false,
    "gtin": [
      "03068320007403",
      "03068320055008",
      "03068320055022",
      "03068320124537",
      "03068320124544",
      "03068320104232",
      "03068320099651"
    ],
    "topCategoryName": "Dranken",
    "topCategoryId": "354",
    "businessDomain": "RETAIL_BE",
    "IsPrivateLabel": false,
    "IsBiffe": false,
    "WeightconversionFactor": "0",
    "IsWeightArticle": false,
    "nutriscoreLabel": "A",
    "IsBio": false,
    "CountryOfOrigin": "FRANKRIJK",
    "IsExclusivelySoldInLuxembourg": false,
    "OrderUnit": "P",
    "ShortName": "EVIA PLAT WATER 50CL",
    "IsNew": false,
    "RecentQuanityOfStockUnits": "1,24,6",
    "LongName": "EVIAN plat water 50cl",
    "AlcoholVolume": "0",
    "FicCode": "E"
  },
  {
    "productId": "252506",
    "technicalArticleNumber": "3621145",
    "commercialArticleNumber": "16689",
    "name": "sinaas pulp 100% puur sap brik",
    "description": "*Sinaasappelsap\n*Puur sap\n*Met 100% vruchten\n*Met pulp",
    "brand": "BONI",
    "seoBrand": "Boni Selection",
    "thumbNail": "https://static.colruytgroup.com/images/200x200/std.lang.all/15/77/asset-3361577.jpg",
    "fullImage": "https://static.colruytgroup.com/images/500x500/std.lang.all/15/77/asset-3361577.jpg",
    "squareImage": "https://static.colruytgroup.com/images/500x500sq/std.lang.all/15/77/asset-3361577.jpg",
    "content": "1L",
    "walkRouteSequenceNumber": 4854,
    "price": {
      "basicPrice": 1.89,
      "recommendedQuantity": "1.0",
      "measurementUnitPrice": 1.89,
      "measurementUnit": "L",
      "isRedPrice": false,
      "pricePerUOM": 1.89,
      "activationDate": "14-02-2024",
      "recordSource": "Offline",
      "isPromoActive": "N",
      "priceChangeCode": "E"
    },
    "isAvailable": true,
    "isPriceAvailable": true,
    "inPromo": false,
    "gtin": [
      "15400141100140",
      "15400141304456",
      "05400141304459",
      "05400141100143"
    ],
    "topCategoryName": "Dranken",
    "topCategoryId": "354",
    "businessDomain": "RETAIL_BE",
    "IsPrivateLabel": true,
    "IsBiffe": false,
    "WeightconversionFactor": "0",
    "IsWeightArticle": false,
    "nutriscoreLabel": "C",
    "IsBio": false,
    "CountryOfOrigin": "DUITSLAND",
    "IsExclusivelySoldInLuxembourg": false,
    "OrderUnit": "P",
    "ShortName": "BONI SINAAS PULP BRIK1L",
    "IsNew": false,
    "EcoscoreLabel": "C",
    "RecentQuanityOfStockUnits": "8,1",
    "LongName": "BONI sinaas pulp 100% puur sap brik 1L",
    "AlcoholVolume": "0",
    "FicCode": "I",
    "EcoscoreValue": "41"
  },
  {
    "productId": "596",
    "technicalArticleNumber": "5652",
    "commercialArticleNumber": "5652",
    "name": "koffiemelk glas",
    "description": "*Gesteriliseerde\nmelk",
    "brand": "EVERYDAY",
    "seoBrand": "Everyday",
    "thumbNail": "https://static.colruytgroup.com/images/200x200/std.lang.all/29/78/asset-532978.jpg",
    "fullImage": "https://static.colruytgroup.com/images/500x500/std.lang.all/29/78/asset-532978.jpg",
    "squareImage": "https://static.colruytgroup.com/images/500x500sq/std.lang.all/29/78/asset-532978.jpg",
    "content": "250ml",
    "walkRouteSequenceNumber": 6368,
    "price": {
      "basicPrice": 0.69,
      "recommendedQuantity": "1.0",
      "measurementUnitPrice": 2.76,
      "measurementUnit": "L",
      "isRedPrice": false,
      "pricePerUOM": 2.76,
      "activationDate": "14-11-2023",
      "recordSource": "Offline",
      "isPromoActive": "N",
      "priceChangeCode": "E"
    },
    "isAvailable": true,
    "isPriceAvailable": true,
    "inPromo": false,
    "gtin": [
      "05400141005745",
      "05400141099621",
      "05400141168334",
      "05400141415889",
      "15400141099628",
      "15400141415886"
    ],
    "topCategoryName": "Zuivel",
    "topCategoryId": "65",
    "businessDomain": "RETAIL_BE",
    "IsPrivateLabel": true,
    "IsBiffe": false,
    "WeightconversionFactor": "0",
    "IsWeightArticle": false,
    "nutriscoreLabel": "C",
    "IsBio": false,
    "CountryOfOrigin": "DUITSLAND",
    "IsExclusivelySoldInLuxembourg": false,
    "OrderUnit": "P",
    "ShortName": "EVD MELK VOOR KOFF 250M",
    "IsNew": false,
    "EcoscoreLabel": "D",
    "RecentQuanityOfStockUnits": "1,20",
    "LongName": "EVERYDAY koffiemelk glas 250ml",
    "AlcoholVolume": "0",
    "FicCode": "I",
    "EcoscoreValue": "28"
  },
  {
    "productId": "439237",
    "technicalArticleNumber": "3985735",
    "commercialArticleNumber": "3960",
    "name": "amandeldrink suikervrij brik",
    "description": "*Plantaardig",
    "brand": "BONI",
    "seoBrand": "Boni Selection",
    "thumbNail": "https://static.colruytgroup.com/images/200x200/std.lang.all/21/87/asset-3342187.jpg",
    "fullImage": "https://static.colruytgroup.com/images/500x500/std.lang.all/21/87/asset-3342187.jpg",
    "squareImage": "https://static.colruytgroup.com/images/500x500sq/std.lang.all/21/87/asset-3342187.jpg",
    "content": "1L",
    "walkRouteSequenceNumber": 6278,
    "price": {
      "basicPrice": 1.49,
      "recommendedQuantity": "1.0",
      "measurementUnitPrice": 1.49,
      "measurementUnit": "L",
      "isRedPrice": false,
      "pricePerUOM": 1.49,
      "activationDate": "19-03-2024",
      "recordSource": "Offline",
      "isPromoActive": "N",
      "priceChangeCode": "E"
    },
    "isAvailable": true,
    "isPriceAvailable": true,
    "inPromo": false,
    "gtin": [
      "05400141452266",
      "05400141130713",
      "05400141301885",
      "15400141301882",
      "15400141130710"
    ],
    "topCategoryName": "Zuivel",
    "topCategoryId": "65",
    "businessDomain": "RETAIL_BE",
    "IsPrivateLabel": true,
    "IsBiffe": false,
    "WeightconversionFactor": "0",
    "IsWeightArticle": false,
    "nutriscoreLabel": "B",
    "IsBio": false,
    "CountryOfOrigin": "DUITSLAND",
    "IsExclusivelySoldInLuxembourg": false,
    "OrderUnit": "P",
    "ShortName": "BONI AMAN.DR.SUIKERVR1L",
    "IsNew": false,
    "EcoscoreLabel": "B",
    "RecentQuanityOfStockUnits": "10,1",
    "LongName": "BONI amandeldrink suikervrij brik 1L",
    "AlcoholVolume": "0",
    "FicCode": "I",
    "EcoscoreValue": "74"
  },
  {
    "productId": "27573",
    "technicalArticleNumber": "1938633",
    "commercialArticleNumber": "5322",
    "name": "No Sugar Orange",
    "description": "*Smaak: sinaasappel\n*Bruisend\n*Met zoetstoffen",
    "brand": "FANTA",
    "seoBrand": "Fanta Zero",
    "thumbNail": "https://static.colruytgroup.com/images/200x200/std.lang.all/87/99/asset-1718799.jpg",
    "fullImage": "https://static.colruytgroup.com/images/500x500/std.lang.all/87/99/asset-1718799.jpg",
    "squareImage": "https://static.colruytgroup.com/images/500x500sq/std.lang.all/87/99/asset-1718799.jpg",
    "content": "1,5L",
    "walkRouteSequenceNumber": 4347,
    "price": {
      "basicPrice": 2.07,
      "recommendedQuantity": "6.0",
      "measurementUnitPrice": 1.38,
      "measurementUnit": "L",
      "isRedPrice": false,
      "pricePerUOM": 1.38,
      "activationDate": "14-03-2024",
      "recordSource": "Offline",
      "isPromoActive": "N",
      "priceChangeCode": "E"
    },
    "isAvailable": true,
    "isPriceAvailable": true,
    "inPromo": false,
    "gtin": [
      "05449000138026",
      "05449000070722"
    ],
    "topCategoryName": "Dranken",
    "topCategoryId": "354",
    "businessDomain": "RETAIL_BE",
    "IsPrivateLabel": false,
    "IsBiffe": false,
    "WeightconversionFactor": "0",
    "IsWeightArticle": false,
    "nutriscoreLabel": "C",
    "IsBio": false,
    "CountryOfOrigin": "BELGIË",
    "IsExclusivelySoldInLuxembourg": false,
    "OrderUnit": "P",
    "ShortName": "FANT NS ORANGE 1.5L",
    "IsNew": false,
    "RecentQuanityOfStockUnits": "6,1",
    "LongName": "FANTA No Sugar Orange 1,5L",
    "AlcoholVolume": "0",
    "FicCode": "E"
  },
  {
    "productId": "1283",
    "technicalArticleNumber": "19030",
    "commercialArticleNumber": "19030",
    "name": "Porto Ruby 19,0%",
    "description": "*Porto ruby\n*Aperitief\n*19,0 % vol",
    "brand": "EVERYDAY",
    "seoBrand": "Everyday",
    "thumbNail": "https://static.colruytgroup.com/images/200x200/std.lang.all/38/80/asset-3223880.jpg",
    "fullImage": "https://static.colruytgroup.com/images/500x500/std.lang.all/38/80/asset-3223880.jpg",
    "squareImage": "https://static.colruytgroup.com/images/500x500sq/std.lang.all/38/80/asset-3223880.jpg",
    "content": "75cl",
    "walkRouteSequenceNumber": 730,
    "price": {
      "basicPrice": 4.69,
      "recommendedQuantity": "1.0",
      "measurementUnitPrice": 6.26,
      "measurementUnit": "L",
      "isRedPrice": false,
      "pricePerUOM": 6.26,
      "activationDate": "14-11-2023",
      "recordSource": "Offline",
      "isPromoActive": "N",
      "priceChangeCode": "E"
    },
    "isAvailable": true,
    "isPriceAvailable": true,
    "inPromo": false,
    "gtin": [
      "05400141013672",
      "15400141013679"
    ],
    "topCategoryName": "Dranken",
    "topCategoryId": "354",
    "businessDomain": "RETAIL_BE",
    "IsPrivateLabel": true,
    "IsBiffe": false,
    "WeightconversionFactor": "0",
    "IsWeightArticle": false,
    "IsBio": false,
    "CountryOfOrigin": "PORTUGAL",
    "IsExclusivelySoldInLuxembourg": false,
    "OrderUnit": "P",
    "ShortName": "EVD PORTO RUBY 19% 75CL",
    "IsNew": false,
    "EcoscoreLabel": "D",
    "RecentQuanityOfStockUnits": "12,1",
    "LongName": "EVERYDAY Porto Ruby 19,0% 75cl",
    "AlcoholVolume": "19",
    "FicCode": "I",
    "EcoscoreValue": "39"
  },
  {
    "productId": "14158",
    "technicalArticleNumber": "1572769",
    "commercialArticleNumber": "19545",
    "name": "Cranberry Classic",
    "description": "*Cranberrysap\n*Uit sapconcentraat\n*Met 27 % vruchten\n*Met zoetstoffen\n*Zonder pulp",
    "brand": "OCEAN SPRAY",
    "seoBrand": "Ocean Spray",
    "thumbNail": "https://static.colruytgroup.com/images/200x200/std.lang.all/50/83/asset-2685083.jpg",
    "fullImage": "https://static.colruytgroup.com/images/500x500/std.lang.all/50/83/asset-2685083.jpg",
    "squareImage": "https://static.colruytgroup.com/images/500x500sq/std.lang.all/50/83/asset-2685083.jpg",
    "content": "1L",
    "walkRouteSequenceNumber": 4805,
    "price": {
      "basicPrice": 1.99,
      "recommendedQuantity": "1.0",
      "measurementUnitPrice": 1.99,
      "measurementUnit": "L",
      "isRedPrice": false,
      "pricePerUOM": 1.99,
      "activationDate": "22-02-2024",
      "recordSource": "Offline",
      "isPromoActive": "N",
      "priceChangeCode": "H"
    },
    "isAvailable": true,
    "isPriceAvailable": true,
    "inPromo": false,
    "gtin": [
      "10031200456998",
      "00031200456991"
    ],
    "topCategoryName": "Dranken",
    "topCategoryId": "354",
    "businessDomain": "RETAIL_BE",
    "IsPrivateLabel": false,
    "IsBiffe": false,
    "WeightconversionFactor": "0",
    "IsWeightArticle": false,
    "nutriscoreLabel": "C",
    "IsBio": false,
    "CountryOfOrigin": "DUITSLAND",
    "IsExclusivelySoldInLuxembourg": false,
    "OrderUnit": "P",
    "ShortName": "OCEAN SPRAY CRANBERY 1L",
    "IsNew": false,
    "EcoscoreLabel": "C",
    "RecentQuanityOfStockUnits": "1,6",
    "LongName": "OCEAN SPRAY Cranberry Classic 1L",
    "AlcoholVolume": "0",
    "FicCode": "E",
    "EcoscoreValue": "49"
  },
  {
    "productId": "280407",
    "technicalArticleNumber": "3667119",
    "commercialArticleNumber": "21936",
    "name": "energiedrank",
    "description": "*Energiedrank\n*Taurine/Cafeïne",
    "brand": "RED BULL",
    "seoBrand": "Red Bull",
    "thumbNail": "https://static.colruytgroup.com/images/200x200/std.lang.all/37/03/asset-1183703.jpg",
    "fullImage": "https://static.colruytgroup.com/images/500x500/std.lang.all/37/03/asset-1183703.jpg",
    "squareImage": "https://static.colruytgroup.com/images/500x500sq/std.lang.all/37/03/asset-1183703.jpg",
    "content": "35,5cl",
    "walkRouteSequenceNumber": 4683,
    "price": {
      "basicPrice": 1.67,
      "recommendedQuantity": "4.0",
      "measurementUnitPrice": 4.71,
      "measurementUnit": "L",
      "isRedPrice": false,
      "pricePerUOM": 4.71,
      "activationDate": "22-03-2024",
      "recordSource": "Offline",
      "isPromoActive": "N",
      "priceChangeCode": "L"
    },
    "isAvailable": true,
    "isPriceAvailable": true,
    "inPromo": false,
    "gtin": [
      "09002490206314",
      "09002490206482",
      "09002490249328",
      "09002490210229"
    ],
    "topCategoryName": "Dranken",
    "topCategoryId": "354",
    "businessDomain": "RETAIL_BE",
    "IsPrivateLabel": false,
    "IsBiffe": false,
    "WeightconversionFactor": "0",
    "IsWeightArticle": false,
    "nutriscoreLabel": "E",
    "IsBio": false,
    "CountryOfOrigin": "OOSTENRIJK",
    "IsExclusivelySoldInLuxembourg": false,
    "OrderUnit": "P",
    "ShortName": "REDB ENERGIEDRANK35.5CL",
    "IsNew": false,
    "RecentQuanityOfStockUnits": "4,24,1",
    "LongName": "RED BULL energiedrank 35,5cl",
    "AlcoholVolume": "0",
    "FicCode": "E"
  },
  {
    "productId": "355278",
    "technicalArticleNumber": "3858453",
    "commercialArticleNumber": "41410",
    "name": "Dessert pads",
    "description": "*Pads",
    "brand": "DOUWE EGBERTS",
    "seoBrand": "Douwe Egberts",
    "thumbNail": "https://static.colruytgroup.com/images/200x200/std.lang.all/18/82/asset-1481882.jpg",
    "fullImage": "https://static.colruytgroup.com/images/500x500/std.lang.all/18/82/asset-1481882.jpg",
    "squareImage": "https://static.colruytgroup.com/images/500x500sq/std.lang.all/18/82/asset-1481882.jpg",
    "content": "32st",
    "walkRouteSequenceNumber": 1153,
    "price": {
      "basicPrice": 4.39,
      "recommendedQuantity": "2.0",
      "measurementUnitPrice": 19.78,
      "measurementUnit": "K",
      "isRedPrice": false,
      "pricePerUOM": 19.78,
      "activationDate": "17-02-2024",
      "recordSource": "Offline",
      "isPromoActive": "N",
      "priceChangeCode": "E"
    },
    "isAvailable": true,
    "isPriceAvailable": true,
    "inPromo": false,
    "gtin": [
      "08711000417836",
      "05410138044466",
      "05410138044459",
      "08711000417843"
    ],
    "topCategoryName": "Dranken",
    "topCategoryId": "354",
    "businessDomain": "RETAIL_BE",
    "IsPrivateLabel": false,
    "IsBiffe": false,
    "WeightconversionFactor": "0",
    "IsWeightArticle": false,
    "nutriscoreLabel": "B",
    "IsBio": false,
    "CountryOfOrigin": "NEDERLAND",
    "IsExclusivelySoldInLuxembourg": false,
    "OrderUnit": "P",
    "ShortName": "D.E. DESSERT PADS 32ST",
    "IsNew": false,
    "RecentQuanityOfStockUnits": "1,10,2,10",
    "LongName": "DOUWE EGBERTS Dessert pads 32st",
    "AlcoholVolume": "0",
    "FicCode": "E"
  },
  {
    "productId": "38016",
    "technicalArticleNumber": "1837859",
    "commercialArticleNumber": "19310",
    "name": "sinaasappelsap PET",
    "description": "*Sinaasappelsap\n*Uit sapconcentraat\n*Met 100 % vruchten\n*Zonder pulp",
    "brand": "BONI",
    "seoBrand": "Boni Selection",
    "thumbNail": "https://static.colruytgroup.com/images/200x200/std.lang.all/61/29/asset-2516129.jpg",
    "fullImage": "https://static.colruytgroup.com/images/500x500/std.lang.all/61/29/asset-2516129.jpg",
    "squareImage": "https://static.colruytgroup.com/images/500x500sq/std.lang.all/61/29/asset-2516129.jpg",
    "content": "33cl",
    "walkRouteSequenceNumber": 4827,
    "price": {
      "basicPrice": 0.45,
      "recommendedQuantity": "6.0",
      "measurementUnitPrice": 1.37,
      "measurementUnit": "L",
      "isRedPrice": false,
      "pricePerUOM": 1.37,
      "activationDate": "17-02-2024",
      "recordSource": "Offline",
      "isPromoActive": "N",
      "priceChangeCode": "E"
    },
    "isAvailable": true,
    "isPriceAvailable": true,
    "inPromo": false,
    "gtin": [
      "05400141403091",
      "25400141403095",
      "15400141403098",
      "05400141079685",
      "15400141970187",
      "05400141087789"
    ],
    "topCategoryName": "Dranken",
    "topCategoryId": "354",
    "businessDomain": "RETAIL_BE",
    "IsPrivateLabel": true,
    "IsBiffe": false,
    "WeightconversionFactor": "0",
    "IsWeightArticle": false,
    "nutriscoreLabel": "C",
    "IsBio": false,
    "CountryOfOrigin": "POLEN",
    "IsExclusivelySoldInLuxembourg": false,
    "OrderUnit": "P",
    "ShortName": "BONI SIN.SAP PET 33CL",
    "IsNew": false,
    "EcoscoreLabel": "A",
    "RecentQuanityOfStockUnits": "18,6,1",
    "LongName": "BONI sinaasappelsap PET 33cl",
    "AlcoholVolume": "0",
    "FicCode": "I",
    "EcoscoreValue": "89"
  },
  {
    "productId": "11177",
    "technicalArticleNumber": "1350974",
    "commercialArticleNumber": "5442",
    "name": "Ice Tea bruisend",
    "description": "*Ice tea\n*Zwarte theesmaak\n*Sparkling\n*Ijs thee\n*Soft drink",
    "brand": "LIPTON",
    "seoBrand": "Lipton",
    "thumbNail": "https://static.colruytgroup.com/images/200x200/std.lang.all/13/13/asset-1421313.jpg",
    "fullImage": "https://static.colruytgroup.com/images/500x500/std.lang.all/13/13/asset-1421313.jpg",
    "squareImage": "https://static.colruytgroup.com/images/500x500sq/std.lang.all/13/13/asset-1421313.jpg",
    "content": "50cl",
    "walkRouteSequenceNumber": 4195,
    "price": {
      "basicPrice": 0.99,
      "recommendedQuantity": "8.0",
      "measurementUnitPrice": 1.98,
      "measurementUnit": "L",
      "isRedPrice": false,
      "pricePerUOM": 1.98,
      "activationDate": "23-03-2024",
      "recordSource": "Folder",
      "isPromoActive": "N",
      "priceChangeCode": "E"
    },
    "isAvailable": true,
    "isPriceAvailable": true,
    "inPromo": false,
    "gtin": [
      "05410033820707",
      "08712423005211",
      "08722700485186",
      "08722700613817",
      "08712423005228"
    ],
    "topCategoryName": "Dranken",
    "topCategoryId": "354",
    "businessDomain": "RETAIL_BE",
    "IsPrivateLabel": false,
    "IsBiffe": false,
    "WeightconversionFactor": "0",
    "IsWeightArticle": false,
    "IsBio": false,
    "CountryOfOrigin": "NEDERLAND",
    "IsExclusivelySoldInLuxembourg": false,
    "OrderUnit": "P",
    "ShortName": "LIPT ICE TEA BRUIS.50CL",
    "IsNew": false,
    "RecentQuanityOfStockUnits": "8,24,1",
    "LongName": "LIPTON Ice Tea bruisend 50cl",
    "AlcoholVolume": "0",
    "FicCode": "E"
  },
  {
    "productId": "50393",
    "technicalArticleNumber": "2381479",
    "commercialArticleNumber": "31421",
    "name": "energiedrank blik",
    "description": "*Energiedrank\n*Taurine/Cafeïne",
    "brand": "RODEO",
    "seoBrand": "Rodeo",
    "thumbNail": "https://static.colruytgroup.com/images/200x200/std.lang.all/11/80/asset-1581180.jpg",
    "fullImage": "https://static.colruytgroup.com/images/500x500/std.lang.all/11/80/asset-1581180.jpg",
    "squareImage": "https://static.colruytgroup.com/images/500x500sq/std.lang.all/11/80/asset-1581180.jpg",
    "content": "50cl",
    "walkRouteSequenceNumber": 4681,
    "price": {
      "basicPrice": 0.85,
      "recommendedQuantity": "1.0",
      "measurementUnitPrice": 1.7,
      "measurementUnit": "L",
      "isRedPrice": false,
      "pricePerUOM": 1.7,
      "activationDate": "17-02-2024",
      "recordSource": "Offline",
      "isPromoActive": "N",
      "priceChangeCode": "E"
    },
    "isAvailable": true,
    "isPriceAvailable": true,
    "inPromo": false,
    "gtin": [
      "08711900010410",
      "08711900010403"
    ],
    "topCategoryName": "Dranken",
    "topCategoryId": "354",
    "businessDomain": "RETAIL_BE",
    "IsPrivateLabel": false,
    "IsBiffe": false,
    "WeightconversionFactor": "0",
    "IsWeightArticle": false,
    "IsBio": false,
    "CountryOfOrigin": "NEDERLAND",
    "IsExclusivelySoldInLuxembourg": false,
    "OrderUnit": "P",
    "ShortName": "RODEO REGULAR 50CL",
    "IsNew": false,
    "RecentQuanityOfStockUnits": "24,1",
    "LongName": "RODEO energiedrank blik 50cl",
    "AlcoholVolume": "0",
    "FicCode": "E"
  },
  {
    "productId": "426274",
    "technicalArticleNumber": "3969463",
    "commercialArticleNumber": "2994",
    "name": "bruisend water glas",
    "brand": "SPA INTENSE",
    "seoBrand": "Spa Intense",
    "thumbNail": "https://static.colruytgroup.com/images/200x200/std.lang.all/69/78/asset-2376978.jpg",
    "fullImage": "https://static.colruytgroup.com/images/500x500/std.lang.all/69/78/asset-2376978.jpg",
    "squareImage": "https://static.colruytgroup.com/images/500x500sq/std.lang.all/69/78/asset-2376978.jpg",
    "content": "6x1L",
    "walkRouteSequenceNumber": 3891,
    "price": {
      "basicPrice": 4.5,
      "recommendedQuantity": "1.0",
      "quantityPrice": 4.32,
      "quantityPriceQuantity": "3.0",
      "measurementUnitPrice": 0.75,
      "measurementUnitQuantityPrice": 0.72,
      "measurementUnit": "L",
      "isRedPrice": false,
      "pricePerUOM": 0.75,
      "activationDate": "03-02-2024",
      "recordSource": "Online",
      "isPromoActive": "N",
      "priceChangeCode": "H",
      "quantityPricePerUOM": 0.72,
      "quantityActivationDate": "03-02-2024",
      "quantityPriceChangeCode": "H"
    },
    "isAvailable": true,
    "isPriceAvailable": true,
    "inPromo": false,
    "gtin": [
      "05410013111023",
      "05410013111009",
      "05410013111061"
    ],
    "topCategoryName": "Dranken",
    "topCategoryId": "354",
    "businessDomain": "RETAIL_BE",
    "IsPrivateLabel": false,
    "IsBiffe": false,
    "WeightconversionFactor": "0",
    "IsWeightArticle": false,
    "nutriscoreLabel": "A",
    "IsBio": false,
    "CountryOfOrigin": "BELGIË",
    "IsExclusivelySoldInLuxembourg": false,
    "OrderUnit": "P",
    "ShortName": "SPA INTENSE GLAS 6X1L",
    "IsNew": false,
    "RecentQuanityOfStockUnits": "1",
    "LongName": "SPA INTENSE bruisend water glas 6x1L",
    "AlcoholVolume": "0",
    "FicCode": "E",
    "DepositValue": [
      3.5
    ]
  },
  {
    "productId": "446",
    "technicalArticleNumber": "5179",
    "commercialArticleNumber": "5179",
    "name": "plat water",
    "description": "*Mineraalwater\n*Niet-bruisend\n*Droogrest: 201 mg/l\n*Babyvoeding\n*Niet biologisch gecertificeerd",
    "brand": "VALVERT",
    "seoBrand": "Valvert",
    "thumbNail": "https://static.colruytgroup.com/images/200x200/std.lang.all/10/65/asset-3011065.jpg",
    "fullImage": "https://static.colruytgroup.com/images/500x500/std.lang.all/10/65/asset-3011065.jpg",
    "squareImage": "https://static.colruytgroup.com/images/500x500sq/std.lang.all/10/65/asset-3011065.jpg",
    "content": "1,5L",
    "walkRouteSequenceNumber": 3980,
    "price": {
      "basicPrice": 0.89,
      "recommendedQuantity": "6.0",
      "measurementUnitPrice": 0.6,
      "measurementUnit": "L",
      "isRedPrice": false,
      "pricePerUOM": 0.6,
      "activationDate": "09-03-2024",
      "recordSource": "Offline",
      "isPromoActive": "N",
      "priceChangeCode": "H"
    },
    "isAvailable": true,
    "isPriceAvailable": true,
    "inPromo": false,
    "gtin": [
      "05410789012630",
      "05410789012647"
    ],
    "topCategoryName": "Dranken",
    "topCategoryId": "354",
    "businessDomain": "RETAIL_BE",
    "IsPrivateLabel": false,
    "IsBiffe": false,
    "WeightconversionFactor": "0",
    "IsWeightArticle": false,
    "nutriscoreLabel": "A",
    "IsBio": false,
    "CountryOfOrigin": "BELGIË",
    "IsExclusivelySoldInLuxembourg": false,
    "OrderUnit": "P",
    "ShortName": "VALV PLAT WATER 1.5L",
    "InSeason": true,
    "IsNew": false,
    "RecentQuanityOfStockUnits": "6,1",
    "LongName": "VALVERT plat water 1,5L",
    "AlcoholVolume": "0",
    "StartSeasonDate": "01/02/1996",
    "FicCode": "E"
  },
  {
    "productId": "243837",
    "technicalArticleNumber": "3520868",
    "commercialArticleNumber": "40647",
    "name": "Agrum' zero",
    "description": "*Smaak: citrus\n*Bruisend\n*Met zoetstoffen",
    "brand": "BONI",
    "seoBrand": "Boni Selection",
    "thumbNail": "https://static.colruytgroup.com/images/200x200/std.lang.all/72/56/asset-3417256.jpg",
    "fullImage": "https://static.colruytgroup.com/images/500x500/std.lang.all/72/56/asset-3417256.jpg",
    "squareImage": "https://static.colruytgroup.com/images/500x500sq/std.lang.all/72/56/asset-3417256.jpg",
    "content": "1,5L",
    "walkRouteSequenceNumber": 4299,
    "price": {
      "basicPrice": 0.99,
      "recommendedQuantity": "6.0",
      "measurementUnitPrice": 0.66,
      "measurementUnit": "L",
      "isRedPrice": false,
      "pricePerUOM": 0.66,
      "activationDate": "13-03-2024",
      "recordSource": "Offline",
      "isPromoActive": "N",
      "priceChangeCode": "E"
    },
    "isAvailable": true,
    "isPriceAvailable": true,
    "inPromo": false,
    "gtin": [
      "15400141303442",
      "05400141303445",
      "05400141402919",
      "05400141403701"
    ],
    "topCategoryName": "Dranken",
    "topCategoryId": "354",
    "businessDomain": "RETAIL_BE",
    "IsPrivateLabel": true,
    "IsBiffe": false,
    "WeightconversionFactor": "0",
    "IsWeightArticle": false,
    "nutriscoreLabel": "C",
    "IsBio": false,
    "CountryOfOrigin": "BELGIË",
    "IsExclusivelySoldInLuxembourg": false,
    "OrderUnit": "P",
    "ShortName": "BONI AGRUM ZERO 1.5L",
    "IsNew": false,
    "RecentQuanityOfStockUnits": "1,6",
    "LongName": "BONI Agrum' zero 1,5L",
    "AlcoholVolume": "0",
    "FicCode": "I"
  },
  {
    "productId": "1453",
    "technicalArticleNumber": "19643",
    "commercialArticleNumber": "19643",
    "name": "Jonagold 100% puur sap brik",
    "description": "*Appelsap\n*Uit puur sap\n*Met 100 % vruchten\n*Zonder pulp",
    "brand": "BONI",
    "seoBrand": "Boni Selection",
    "thumbNail": "https://static.colruytgroup.com/images/200x200/std.lang.all/78/94/asset-3167894.jpg",
    "fullImage": "https://static.colruytgroup.com/images/500x500/std.lang.all/78/94/asset-3167894.jpg",
    "squareImage": "https://static.colruytgroup.com/images/500x500sq/std.lang.all/78/94/asset-3167894.jpg",
    "content": "1L",
    "walkRouteSequenceNumber": 4771,
    "price": {
      "basicPrice": 1.49,
      "recommendedQuantity": "1.0",
      "measurementUnitPrice": 1.49,
      "measurementUnit": "L",
      "isRedPrice": false,
      "pricePerUOM": 1.49,
      "activationDate": "14-11-2023",
      "recordSource": "Offline",
      "isPromoActive": "N",
      "priceChangeCode": "E"
    },
    "isAvailable": true,
    "isPriceAvailable": true,
    "inPromo": false,
    "gtin": [
      "05400141225044",
      "05400141303506",
      "05400141404760",
      "15400141303503",
      "15400141975557"
    ],
    "topCategoryName": "Dranken",
    "topCategoryId": "354",
    "businessDomain": "RETAIL_BE",
    "IsPrivateLabel": true,
    "IsBiffe": false,
    "WeightconversionFactor": "0",
    "IsWeightArticle": false,
    "nutriscoreLabel": "C",
    "IsBio": false,
    "CountryOfOrigin": "NEDERLAND",
    "IsExclusivelySoldInLuxembourg": false,
    "OrderUnit": "P",
    "ShortName": "BONI JONAGOLD APPEL 1L",
    "IsNew": false,
    "EcoscoreLabel": "B",
    "RecentQuanityOfStockUnits": "12,1",
    "LongName": "BONI Jonagold 100% puur sap brik 1L",
    "AlcoholVolume": "0",
    "FicCode": "I",
    "EcoscoreValue": "62"
  },
  {
    "productId": "39234",
    "technicalArticleNumber": "1789376",
    "commercialArticleNumber": "6941",
    "name": "bruisend water",
    "description": "*Mineraalwater\n*Bruisend\n*Droogrest: 480 mg/l",
    "brand": "PERRIER",
    "seoBrand": "Perrier",
    "thumbNail": "https://static.colruytgroup.com/images/200x200/std.lang.all/40/39/asset-3344039.jpg",
    "fullImage": "https://static.colruytgroup.com/images/500x500/std.lang.all/40/39/asset-3344039.jpg",
    "squareImage": "https://static.colruytgroup.com/images/500x500sq/std.lang.all/40/39/asset-3344039.jpg",
    "content": "1L",
    "walkRouteSequenceNumber": 3893,
    "price": {
      "basicPrice": 0.93,
      "recommendedQuantity": "6.0",
      "measurementUnitPrice": 0.93,
      "measurementUnit": "L",
      "isRedPrice": false,
      "pricePerUOM": 0.93,
      "activationDate": "16-03-2024",
      "recordSource": "Offline",
      "isPromoActive": "N",
      "priceChangeCode": "H"
    },
    "isAvailable": true,
    "isPriceAvailable": true,
    "inPromo": false,
    "gtin": [
      "07613035833289",
      "07613035833272",
      "03179732348913"
    ],
    "topCategoryName": "Dranken",
    "topCategoryId": "354",
    "businessDomain": "RETAIL_BE",
    "IsPrivateLabel": false,
    "IsBiffe": false,
    "WeightconversionFactor": "0",
    "IsWeightArticle": false,
    "nutriscoreLabel": "A",
    "IsBio": false,
    "CountryOfOrigin": "FRANKRIJK",
    "IsExclusivelySoldInLuxembourg": false,
    "OrderUnit": "P",
    "ShortName": "PERRIER PET 1L",
    "IsNew": false,
    "RecentQuanityOfStockUnits": "1,6",
    "LongName": "PERRIER bruisend water 1L",
    "AlcoholVolume": "0",
    "FicCode": "E"
  },
  {
    "productId": "331307",
    "technicalArticleNumber": "3811206",
    "commercialArticleNumber": "16209",
    "name": "Black Tea Peach-Hibiscus",
    "description": "*Smaak: perzik,\nhibiscus\n*Niet-bruisend",
    "brand": "FUZE TEA",
    "seoBrand": "Fuze Tea",
    "thumbNail": "https://static.colruytgroup.com/images/200x200/std.lang.all/27/69/asset-2932769.jpg",
    "fullImage": "https://static.colruytgroup.com/images/500x500/std.lang.all/27/69/asset-2932769.jpg",
    "squareImage": "https://static.colruytgroup.com/images/500x500sq/std.lang.all/27/69/asset-2932769.jpg",
    "content": "40cl",
    "walkRouteSequenceNumber": 4216,
    "price": {
      "basicPrice": 1.25,
      "recommendedQuantity": "6.0",
      "measurementUnitPrice": 3.13,
      "measurementUnit": "L",
      "isRedPrice": false,
      "pricePerUOM": 3.13,
      "activationDate": "23-03-2024",
      "recordSource": "Offline",
      "isPromoActive": "N",
      "priceChangeCode": "L"
    },
    "isAvailable": true,
    "isPriceAvailable": true,
    "inPromo": false,
    "gtin": [
      "05449000309099",
      "05449000302434",
      "05449000238511",
      "05449000238504",
      "05449000237972"
    ],
    "topCategoryName": "Dranken",
    "topCategoryId": "354",
    "businessDomain": "RETAIL_BE",
    "IsPrivateLabel": false,
    "IsBiffe": false,
    "WeightconversionFactor": "0",
    "IsWeightArticle": false,
    "nutriscoreLabel": "D",
    "IsBio": false,
    "CountryOfOrigin": "FRANKRIJK",
    "IsExclusivelySoldInLuxembourg": false,
    "OrderUnit": "P",
    "ShortName": "FUZE BL.TEA PEA-HIB40CL",
    "IsNew": false,
    "RecentQuanityOfStockUnits": "1,6,24",
    "LongName": "FUZE TEA Black Tea Peach-Hibiscus 40cl",
    "FicCode": "E"
  },
  {
    "productId": "301992",
    "technicalArticleNumber": "3700265",
    "commercialArticleNumber": "10360",
    "name": "volle melk brik",
    "description": "*Vol\n*België",
    "brand": "BONI BIO",
    "seoBrand": "Boni Selection Bio",
    "thumbNail": "https://static.colruytgroup.com/images/200x200/std.lang.all/81/43/asset-3028143.jpg",
    "fullImage": "https://static.colruytgroup.com/images/500x500/std.lang.all/81/43/asset-3028143.jpg",
    "squareImage": "https://static.colruytgroup.com/images/500x500sq/std.lang.all/81/43/asset-3028143.jpg",
    "content": "1L",
    "walkRouteSequenceNumber": 6253,
    "price": {
      "basicPrice": 1.59,
      "recommendedQuantity": "1.0",
      "measurementUnitPrice": 1.59,
      "measurementUnit": "L",
      "isRedPrice": false,
      "pricePerUOM": 1.59,
      "activationDate": "17-08-2023",
      "recordSource": "Offline",
      "isPromoActive": "N",
      "priceChangeCode": "E"
    },
    "isAvailable": true,
    "isPriceAvailable": true,
    "inPromo": false,
    "gtin": [
      "15400141822110",
      "15400141293026",
      "15400141358817",
      "05400141033793",
      "05400141293029",
      "05400141358810",
      "15400141033790"
    ],
    "topCategoryName": "Zuivel",
    "topCategoryId": "65",
    "businessDomain": "RETAIL_BE",
    "IsPrivateLabel": true,
    "IsBiffe": false,
    "WeightconversionFactor": "0",
    "IsWeightArticle": false,
    "nutriscoreLabel": "C",
    "IsBio": true,
    "CountryOfOrigin": "BELGIË",
    "IsExclusivelySoldInLuxembourg": false,
    "OrderUnit": "P",
    "ShortName": "BONI BIO VOLLE MELK1L",
    "IsNew": false,
    "EcoscoreLabel": "B",
    "RecentQuanityOfStockUnits": "12,1",
    "LongName": "BONI BIO volle melk brik 1L",
    "AlcoholVolume": "0",
    "FicCode": "I",
    "EcoscoreValue": "76"
  },
  {
    "productId": "357970",
    "technicalArticleNumber": "3788462",
    "commercialArticleNumber": "18853",
    "name": "Sportdrank Lemon",
    "description": "*Sportdrank\n*Smaak: citroen",
    "brand": "BONI",
    "seoBrand": "Boni Selection",
    "thumbNail": "https://static.colruytgroup.com/images/200x200/std.lang.all/66/77/asset-2246677.jpg",
    "fullImage": "https://static.colruytgroup.com/images/500x500/std.lang.all/66/77/asset-2246677.jpg",
    "squareImage": "https://static.colruytgroup.com/images/500x500sq/std.lang.all/66/77/asset-2246677.jpg",
    "content": "50cl",
    "walkRouteSequenceNumber": 4726,
    "price": {
      "basicPrice": 0.681,
      "recommendedQuantity": "1.0",
      "measurementUnitPrice": 1.37,
      "measurementUnit": "L",
      "isRedPrice": false,
      "pricePerUOM": 1.37,
      "activationDate": "04-03-2024",
      "isPromoActive": "N",
      "priceChangeCode": "L"
    },
    "isAvailable": true,
    "isPriceAvailable": true,
    "inPromo": false,
    "gtin": [
      "15400141867258",
      "05400141867251",
      "05400141303353",
      "15400141303350",
      "05400141105551",
      "05400141105292"
    ],
    "topCategoryName": "Dranken",
    "topCategoryId": "354",
    "businessDomain": "RETAIL_BE",
    "IsPrivateLabel": true,
    "IsBiffe": false,
    "WeightconversionFactor": "0",
    "IsWeightArticle": false,
    "IsBio": false,
    "CountryOfOrigin": "NEDERLAND",
    "IsExclusivelySoldInLuxembourg": false,
    "OrderUnit": "P",
    "ShortName": "BONI SPORTDR LEMON 50CL",
    "IsNew": false,
    "RecentQuanityOfStockUnits": "6,1,6,1",
    "LongName": "BONI Sportdrank Lemon 50cl",
    "AlcoholVolume": "0",
    "FicCode": "I"
  },
  {
    "productId": "292634",
    "technicalArticleNumber": "3708928",
    "commercialArticleNumber": "16920",
    "name": "amandeldrink",
    "description": "*Plantaardig",
    "brand": "BONI",
    "seoBrand": "Boni Selection",
    "thumbNail": "https://static.colruytgroup.com/images/200x200/std.lang.all/15/78/asset-3361578.jpg",
    "fullImage": "https://static.colruytgroup.com/images/500x500/std.lang.all/15/78/asset-3361578.jpg",
    "squareImage": "https://static.colruytgroup.com/images/500x500sq/std.lang.all/15/78/asset-3361578.jpg",
    "content": "1L",
    "walkRouteSequenceNumber": 6281,
    "price": {
      "basicPrice": 1.43,
      "recommendedQuantity": "1.0",
      "measurementUnitPrice": 1.43,
      "measurementUnit": "L",
      "isRedPrice": false,
      "pricePerUOM": 1.43,
      "activationDate": "21-03-2024",
      "recordSource": "Folder",
      "isPromoActive": "N",
      "priceChangeCode": "L"
    },
    "isAvailable": true,
    "isPriceAvailable": true,
    "inPromo": false,
    "gtin": [
      "15400141241867",
      "05400141301922",
      "05400141033939",
      "05400141241860",
      "15400141301929",
      "15400141850939",
      "05400141850932"
    ],
    "topCategoryName": "Zuivel",
    "topCategoryId": "65",
    "businessDomain": "RETAIL_BE",
    "IsPrivateLabel": true,
    "IsBiffe": false,
    "WeightconversionFactor": "0",
    "IsWeightArticle": false,
    "nutriscoreLabel": "C",
    "IsBio": false,
    "CountryOfOrigin": "DUITSLAND",
    "IsExclusivelySoldInLuxembourg": false,
    "OrderUnit": "P",
    "ShortName": "BONI AMANDELDRINK 1L",
    "IsNew": false,
    "EcoscoreLabel": "A",
    "RecentQuanityOfStockUnits": "1,10",
    "LongName": "BONI amandeldrink 1L",
    "AlcoholVolume": "0",
    "FicCode": "I",
    "EcoscoreValue": "88"
  },
  {
    "productId": "38018",
    "technicalArticleNumber": "1837865",
    "commercialArticleNumber": "19312",
    "name": "multivruchtensap PET",
    "description": "*Multivruchtensap\n*Gedeeltelijk uit\nsapconcentraten\n*Met 100 % vruchten\n*Zonder pulp",
    "brand": "BONI",
    "seoBrand": "Boni Selection",
    "thumbNail": "https://static.colruytgroup.com/images/200x200/std.lang.all/92/25/asset-3239225.jpg",
    "fullImage": "https://static.colruytgroup.com/images/500x500/std.lang.all/92/25/asset-3239225.jpg",
    "squareImage": "https://static.colruytgroup.com/images/500x500sq/std.lang.all/92/25/asset-3239225.jpg",
    "content": "33cl",
    "walkRouteSequenceNumber": 4799,
    "price": {
      "basicPrice": 0.548,
      "recommendedQuantity": "6.0",
      "measurementUnitPrice": 1.67,
      "measurementUnit": "L",
      "isRedPrice": false,
      "pricePerUOM": 1.67,
      "activationDate": "08-12-2023",
      "recordSource": "Offline",
      "isPromoActive": "N",
      "priceChangeCode": "H"
    },
    "isAvailable": true,
    "isPriceAvailable": true,
    "inPromo": false,
    "gtin": [
      "05400141079708",
      "15400141970200",
      "05400141087802",
      "05400141404654",
      "15400141404651",
      "25400141404658"
    ],
    "topCategoryName": "Dranken",
    "topCategoryId": "354",
    "businessDomain": "RETAIL_BE",
    "IsPrivateLabel": true,
    "IsBiffe": false,
    "WeightconversionFactor": "0",
    "IsWeightArticle": false,
    "nutriscoreLabel": "C",
    "IsBio": false,
    "CountryOfOrigin": "POLEN",
    "IsExclusivelySoldInLuxembourg": false,
    "OrderUnit": "P",
    "ShortName": "BONI MULTISAP PET 33CL",
    "IsNew": false,
    "EcoscoreLabel": "C",
    "RecentQuanityOfStockUnits": "18,6,1",
    "LongName": "BONI multivruchtensap PET 33cl",
    "AlcoholVolume": "0",
    "FicCode": "I",
    "EcoscoreValue": "52"
  },
  {
    "productId": "49664",
    "technicalArticleNumber": "2475620",
    "commercialArticleNumber": "37131",
    "name": "sinaasappelsap brik",
    "description": "*Sinaasappelsap\n*Uit sapconcentraat\n*Met 100 % vruchten\n*Zonder pulp",
    "brand": "BONI BIO",
    "seoBrand": "Boni Selection Bio",
    "thumbNail": "https://static.colruytgroup.com/images/200x200/std.lang.all/11/38/asset-3361138.jpg",
    "fullImage": "https://static.colruytgroup.com/images/500x500/std.lang.all/11/38/asset-3361138.jpg",
    "squareImage": "https://static.colruytgroup.com/images/500x500sq/std.lang.all/11/38/asset-3361138.jpg",
    "content": "1L",
    "walkRouteSequenceNumber": 4852,
    "price": {
      "basicPrice": 1.49,
      "recommendedQuantity": "1.0",
      "measurementUnitPrice": 1.49,
      "measurementUnit": "L",
      "isRedPrice": false,
      "pricePerUOM": 1.49,
      "activationDate": "22-11-2023",
      "recordSource": "Offline",
      "isPromoActive": "N",
      "priceChangeCode": "E"
    },
    "isAvailable": true,
    "isPriceAvailable": true,
    "inPromo": false,
    "gtin": [
      "05400141363098",
      "05400141353914",
      "05400141306156",
      "05400141114652",
      "05400141029734",
      "15400141114659",
      "15400141363095"
    ],
    "topCategoryName": "Dranken",
    "topCategoryId": "354",
    "businessDomain": "RETAIL_BE",
    "IsPrivateLabel": true,
    "IsBiffe": false,
    "WeightconversionFactor": "0",
    "IsWeightArticle": false,
    "nutriscoreLabel": "C",
    "IsBio": true,
    "CountryOfOrigin": "NEDERLAND",
    "IsExclusivelySoldInLuxembourg": false,
    "OrderUnit": "P",
    "ShortName": "BONI BIO SINAAS BRIK 1L",
    "IsNew": false,
    "EcoscoreLabel": "A",
    "RecentQuanityOfStockUnits": "1,12",
    "LongName": "BONI BIO sinaasappelsap brik 1L",
    "AlcoholVolume": "0",
    "FicCode": "I",
    "EcoscoreValue": "100"
  },
  {
    "productId": "19149",
    "technicalArticleNumber": "1773904",
    "commercialArticleNumber": "5070",
    "name": "No Sugar",
    "description": "*Bruisend\n*Met zoetstoffen",
    "brand": "SPRITE",
    "seoBrand": "Sprite",
    "thumbNail": "https://static.colruytgroup.com/images/200x200/std.lang.all/37/08/asset-3243708.jpg",
    "fullImage": "https://static.colruytgroup.com/images/500x500/std.lang.all/37/08/asset-3243708.jpg",
    "squareImage": "https://static.colruytgroup.com/images/500x500sq/std.lang.all/37/08/asset-3243708.jpg",
    "content": "33cl",
    "walkRouteSequenceNumber": 4321,
    "price": {
      "basicPrice": 0.75,
      "recommendedQuantity": "6.0",
      "measurementUnitPrice": 2.28,
      "measurementUnit": "L",
      "isRedPrice": false,
      "pricePerUOM": 2.28,
      "activationDate": "20-03-2024",
      "recordSource": "Offline",
      "isPromoActive": "N",
      "priceChangeCode": "L"
    },
    "isAvailable": true,
    "isPriceAvailable": true,
    "inPromo": true,
    "promotion": [
      {
        "techPromoId": "100843COLR",
        "promotionId": "100843",
        "promotionType": "3",
        "isPersonalized": "N",
        "publicationStartDate": "13-03-2024",
        "publicationEndDate": "26-03-2024"
      }
    ],
    "gtin": [
      "05449000116093",
      "05449000139313",
      "05449000106704",
      "05449000285980",
      "05449000288523",
      "05449000287526"
    ],
    "topCategoryName": "Dranken",
    "topCategoryId": "354",
    "businessDomain": "RETAIL_BE",
    "IsPrivateLabel": false,
    "IsBiffe": false,
    "WeightconversionFactor": "0",
    "IsWeightArticle": false,
    "nutriscoreLabel": "C",
    "IsBio": false,
    "CountryOfOrigin": "BELGIË",
    "IsExclusivelySoldInLuxembourg": false,
    "OrderUnit": "P",
    "ShortName": "SPRI NO SUGAR 33CL BLIK",
    "IsNew": false,
    "RecentQuanityOfStockUnits": "24,1,6",
    "LongName": "SPRITE No Sugar 33cl",
    "AlcoholVolume": "0",
    "FicCode": "E"
  },
  {
    "productId": "121019",
    "technicalArticleNumber": "2998078",
    "commercialArticleNumber": "6552",
    "name": "Tropical pouch",
    "description": "*Multivruchtendrank\n*Niet-bruisend\n*Uit sapconcentraat\n*Zonder pulp",
    "brand": "BONI",
    "seoBrand": "Boni Selection",
    "thumbNail": "https://static.colruytgroup.com/images/200x200/std.lang.all/15/26/asset-3351526.jpg",
    "fullImage": "https://static.colruytgroup.com/images/500x500/std.lang.all/15/26/asset-3351526.jpg",
    "squareImage": "https://static.colruytgroup.com/images/500x500sq/std.lang.all/15/26/asset-3351526.jpg",
    "content": "10x20cl",
    "walkRouteSequenceNumber": 4088,
    "price": {
      "basicPrice": 2.99,
      "recommendedQuantity": "1.0",
      "measurementUnitPrice": 1.5,
      "measurementUnit": "L",
      "isRedPrice": false,
      "pricePerUOM": 1.5,
      "activationDate": "04-04-2023",
      "isPromoActive": "N",
      "priceChangeCode": "H"
    },
    "isAvailable": true,
    "isPriceAvailable": true,
    "inPromo": false,
    "gtin": [
      "15400141833871",
      "15400141304562",
      "05400141377316",
      "05400141304565",
      "05400141046632",
      "05400141562378",
      "15400141562375"
    ],
    "topCategoryName": "Dranken",
    "topCategoryId": "354",
    "businessDomain": "RETAIL_BE",
    "IsPrivateLabel": true,
    "IsBiffe": false,
    "WeightconversionFactor": "0",
    "IsWeightArticle": false,
    "nutriscoreLabel": "D",
    "IsBio": false,
    "CountryOfOrigin": "DUITSLAND",
    "IsExclusivelySoldInLuxembourg": false,
    "OrderUnit": "P",
    "ShortName": "BONI TROPICAL 10X20CL",
    "InSeason": true,
    "IsNew": false,
    "RecentQuanityOfStockUnits": "4,1,1",
    "LongName": "BONI Tropical pouch 10x20cl",
    "AlcoholVolume": "0",
    "StartSeasonDate": "20/06/2016",
    "FicCode": "I"
  },
  {
    "productId": "218415",
    "technicalArticleNumber": "3477430",
    "commercialArticleNumber": "15733",
    "name": "thee kamille infusion",
    "description": "*Kruideninfusie\n*Kamille",
    "brand": "BONI",
    "seoBrand": "Boni Selection",
    "thumbNail": "https://static.colruytgroup.com/images/200x200/std.lang.all/56/75/asset-2475675.jpg",
    "fullImage": "https://static.colruytgroup.com/images/500x500/std.lang.all/56/75/asset-2475675.jpg",
    "squareImage": "https://static.colruytgroup.com/images/500x500sq/std.lang.all/56/75/asset-2475675.jpg",
    "content": "25st",
    "walkRouteSequenceNumber": 1254,
    "price": {
      "basicPrice": 0.99,
      "recommendedQuantity": "1.0",
      "measurementUnitPrice": 26.76,
      "measurementUnit": "K",
      "isRedPrice": false,
      "pricePerUOM": 26.76,
      "activationDate": "01-03-2024",
      "recordSource": "Offline",
      "isPromoActive": "N",
      "priceChangeCode": "E"
    },
    "isAvailable": true,
    "isPriceAvailable": true,
    "inPromo": false,
    "gtin": [
      "05400141397154",
      "15400141397151",
      "15400141820529",
      "05400141393040"
    ],
    "topCategoryName": "Dranken",
    "topCategoryId": "354",
    "businessDomain": "RETAIL_BE",
    "IsPrivateLabel": true,
    "IsBiffe": false,
    "WeightconversionFactor": "0",
    "IsWeightArticle": false,
    "nutriscoreLabel": "B",
    "IsBio": false,
    "CountryOfOrigin": "AFGHANISTAN",
    "IsExclusivelySoldInLuxembourg": false,
    "OrderUnit": "P",
    "ShortName": "BONI KAMILLE 25X1.5G",
    "IsNew": false,
    "EcoscoreLabel": "A",
    "RecentQuanityOfStockUnits": "1,10",
    "LongName": "BONI thee kamille infusion 25st",
    "AlcoholVolume": "0",
    "FicCode": "I",
    "EcoscoreValue": "100"
  },
  {
    "productId": "570",
    "technicalArticleNumber": "5551",
    "commercialArticleNumber": "5551",
    "name": "volle melk brik",
    "description": "*Volle melk\n*Verrijkt met\nvitamine D\n*België",
    "brand": "JOYVALLE",
    "seoBrand": "Joyvalle",
    "thumbNail": "https://static.colruytgroup.com/images/200x200/std.lang.all/60/98/asset-3176098.jpg",
    "fullImage": "https://static.colruytgroup.com/images/500x500/std.lang.all/60/98/asset-3176098.jpg",
    "squareImage": "https://static.colruytgroup.com/images/500x500sq/std.lang.all/60/98/asset-3176098.jpg",
    "content": "1L",
    "walkRouteSequenceNumber": 6250,
    "price": {
      "basicPrice": 1.98,
      "recommendedQuantity": "1.0",
      "measurementUnitPrice": 1.98,
      "measurementUnit": "L",
      "isRedPrice": false,
      "pricePerUOM": 1.98,
      "activationDate": "13-03-2024",
      "isPromoActive": "Y",
      "priceChangeCode": "E"
    },
    "isAvailable": true,
    "isPriceAvailable": true,
    "inPromo": true,
    "promotion": [
      {
        "techPromoId": "100835COLR",
        "promotionId": "100835",
        "promotionType": "4",
        "isPersonalized": "N",
        "publicationStartDate": "13-03-2024",
        "publicationEndDate": "26-03-2024"
      }
    ],
    "gtin": [
      "05410438045125",
      "05410401011010",
      "05410401011416",
      "05410438045149"
    ],
    "topCategoryName": "Zuivel",
    "topCategoryId": "65",
    "businessDomain": "RETAIL_BE",
    "IsPrivateLabel": false,
    "IsBiffe": false,
    "WeightconversionFactor": "0",
    "IsWeightArticle": false,
    "nutriscoreLabel": "A",
    "IsBio": false,
    "CountryOfOrigin": "BELGIË",
    "IsExclusivelySoldInLuxembourg": false,
    "OrderUnit": "P",
    "ShortName": "JOYV VOLLE MELK 1L",
    "IsNew": false,
    "EcoscoreLabel": "D",
    "RecentQuanityOfStockUnits": "1,12",
    "LongName": "JOYVALLE volle melk brik 1L",
    "AlcoholVolume": "0",
    "FicCode": "E",
    "EcoscoreValue": "32"
  },
  {
    "productId": "41373",
    "technicalArticleNumber": "2503714",
    "commercialArticleNumber": "3173",
    "name": "aardbeidrink brik",
    "description": "*Magere melk\n*Oorsprong: Belgie",
    "brand": "EVERYDAY",
    "seoBrand": "Everyday",
    "thumbNail": "https://static.colruytgroup.com/images/200x200/std.lang.all/99/52/asset-1549952.jpg",
    "fullImage": "https://static.colruytgroup.com/images/500x500/std.lang.all/99/52/asset-1549952.jpg",
    "squareImage": "https://static.colruytgroup.com/images/500x500sq/std.lang.all/99/52/asset-1549952.jpg",
    "content": "6x20cl",
    "walkRouteSequenceNumber": 6341,
    "price": {
      "basicPrice": 1.55,
      "recommendedQuantity": "1.0",
      "measurementUnitPrice": 1.3,
      "measurementUnit": "L",
      "isRedPrice": false,
      "pricePerUOM": 1.3,
      "activationDate": "13-04-2023",
      "recordSource": "Offline",
      "isPromoActive": "N",
      "priceChangeCode": "H"
    },
    "isAvailable": true,
    "isPriceAvailable": true,
    "inPromo": false,
    "gtin": [
      "05400141096590",
      "05400141105100",
      "15400141105107",
      "05400141379754",
      "05400141168341"
    ],
    "topCategoryName": "Zuivel",
    "topCategoryId": "65",
    "businessDomain": "RETAIL_BE",
    "IsPrivateLabel": true,
    "IsBiffe": false,
    "WeightconversionFactor": "0",
    "IsWeightArticle": false,
    "nutriscoreLabel": "C",
    "IsBio": false,
    "CountryOfOrigin": "BELGIË",
    "IsExclusivelySoldInLuxembourg": false,
    "OrderUnit": "P",
    "ShortName": "EVD AARDBEIDRINK 6X20CL",
    "IsNew": false,
    "EcoscoreLabel": "A",
    "RecentQuanityOfStockUnits": "5,1",
    "LongName": "EVERYDAY aardbeidrink brik 6x20cl",
    "AlcoholVolume": "0",
    "FicCode": "I",
    "EcoscoreValue": "99"
  },
  {
    "productId": "473222",
    "technicalArticleNumber": "4066696",
    "commercialArticleNumber": "1481",
    "name": "magere melk PET",
    "brand": "BONI",
    "seoBrand": "Boni Selection",
    "thumbNail": "https://static.colruytgroup.com/images/200x200/nl_be/83/57/asset-3028357.jpg",
    "fullImage": "https://static.colruytgroup.com/images/500x500/nl_be/83/57/asset-3028357.jpg",
    "squareImage": "https://static.colruytgroup.com/images/500x500sq/nl_be/83/57/asset-3028357.jpg",
    "content": "1L",
    "walkRouteSequenceNumber": 6266,
    "price": {
      "basicPrice": 1.04,
      "recommendedQuantity": "1.0",
      "measurementUnitPrice": 1.04,
      "measurementUnit": "L",
      "isRedPrice": false,
      "pricePerUOM": 1.04,
      "activationDate": "12-03-2024",
      "recordSource": "Offline",
      "isPromoActive": "N",
      "priceChangeCode": "E"
    },
    "isAvailable": true,
    "isPriceAvailable": true,
    "inPromo": false,
    "gtin": [
      "35400141269476",
      "05400141269475",
      "15400141269472"
    ],
    "topCategoryName": "Zuivel",
    "topCategoryId": "65",
    "businessDomain": "RETAIL_BE",
    "IsPrivateLabel": true,
    "IsBiffe": false,
    "WeightconversionFactor": "0",
    "IsWeightArticle": false,
    "nutriscoreLabel": "B",
    "IsBio": false,
    "CountryOfOrigin": "BELGIË",
    "IsExclusivelySoldInLuxembourg": false,
    "OrderUnit": "P",
    "ShortName": "BONI MAG MELK 1L",
    "IsNew": false,
    "EcoscoreLabel": "B",
    "RecentQuanityOfStockUnits": "6,1",
    "LongName": "BONI magere melk PET 1L",
    "AlcoholVolume": "0",
    "FicCode": "I",
    "EcoscoreValue": "72"
  },
  {
    "productId": "131968",
    "technicalArticleNumber": "3185911",
    "commercialArticleNumber": "24684",
    "name": "caps café lait",
    "description": "*Koffie met melk\n*Evenwichtig & rond\n*Intensiteit 7\n*30 Capsules",
    "brand": "NESCAFÉ DOLCE GUSTO",
    "seoBrand": "Nescafé Dolce Gusto",
    "thumbNail": "https://static.colruytgroup.com/images/200x200/std.lang.all/10/49/asset-3211049.jpg",
    "fullImage": "https://static.colruytgroup.com/images/500x500/std.lang.all/10/49/asset-3211049.jpg",
    "squareImage": "https://static.colruytgroup.com/images/500x500sq/std.lang.all/10/49/asset-3211049.jpg",
    "content": "30st",
    "walkRouteSequenceNumber": 1125,
    "price": {
      "basicPrice": 8.42,
      "recommendedQuantity": "1.0",
      "measurementUnitPrice": 28.07,
      "measurementUnit": "K",
      "isRedPrice": false,
      "pricePerUOM": 28.07,
      "activationDate": "18-03-2024",
      "recordSource": "Offline",
      "isPromoActive": "N",
      "priceChangeCode": "H"
    },
    "isAvailable": true,
    "isPriceAvailable": true,
    "inPromo": false,
    "gtin": [
      "07613034365781",
      "07613034365774"
    ],
    "topCategoryName": "Dranken",
    "topCategoryId": "354",
    "businessDomain": "RETAIL_BE",
    "IsPrivateLabel": false,
    "IsBiffe": false,
    "WeightconversionFactor": "0",
    "IsWeightArticle": false,
    "nutriscoreLabel": "B",
    "IsBio": false,
    "CountryOfOrigin": "VERENIGD KONINKRIJK",
    "IsExclusivelySoldInLuxembourg": false,
    "OrderUnit": "P",
    "ShortName": "DOL GUS CAFE LAIT30CUPS",
    "IsNew": false,
    "RecentQuanityOfStockUnits": "3,1",
    "LongName": "NESCAFÉ DOLCE GUSTO caps café lait 30st",
    "AlcoholVolume": "0",
    "FicCode": "E"
  },
  {
    "productId": "38015",
    "technicalArticleNumber": "1837858",
    "commercialArticleNumber": "19315",
    "name": "sinaasappelsap brik",
    "description": "*Sinaasappelsap\n*Uit sapconcentraat\n*Met 100 % vruchten\n*Zonder pulp",
    "brand": "EVERYDAY",
    "seoBrand": "Everyday",
    "thumbNail": "https://static.colruytgroup.com/images/200x200/std.lang.all/09/07/asset-560907.jpg",
    "fullImage": "https://static.colruytgroup.com/images/500x500/std.lang.all/09/07/asset-560907.jpg",
    "squareImage": "https://static.colruytgroup.com/images/500x500sq/std.lang.all/09/07/asset-560907.jpg",
    "content": "10x20cl",
    "walkRouteSequenceNumber": 4753,
    "price": {
      "basicPrice": 1.99,
      "recommendedQuantity": "1.0",
      "measurementUnitPrice": 1,
      "measurementUnit": "L",
      "isRedPrice": false,
      "pricePerUOM": 1,
      "activationDate": "22-03-2024",
      "recordSource": "Offline",
      "isPromoActive": "N",
      "priceChangeCode": "L"
    },
    "isAvailable": true,
    "isPriceAvailable": true,
    "inPromo": false,
    "gtin": [
      "15400141907664",
      "15400141046936",
      "05400141124248"
    ],
    "topCategoryName": "Dranken",
    "topCategoryId": "354",
    "businessDomain": "RETAIL_BE",
    "IsPrivateLabel": true,
    "IsBiffe": false,
    "WeightconversionFactor": "0",
    "IsWeightArticle": false,
    "nutriscoreLabel": "C",
    "IsBio": false,
    "CountryOfOrigin": "NEDERLAND",
    "IsExclusivelySoldInLuxembourg": false,
    "OrderUnit": "P",
    "ShortName": "EVD SINAASSAP 10X20CL",
    "IsNew": false,
    "EcoscoreLabel": "A",
    "RecentQuanityOfStockUnits": "3,1",
    "LongName": "EVERYDAY sinaasappelsap brik 10x20cl",
    "AlcoholVolume": "0",
    "FicCode": "I",
    "EcoscoreValue": "89"
  },
  {
    "productId": "33442",
    "technicalArticleNumber": "1777308",
    "commercialArticleNumber": "5853",
    "name": "Tropical PET",
    "description": "*Limonade\n*Niet bruisend\n*Smaak:\nmultivruchten",
    "brand": "OASIS MINI",
    "seoBrand": "Oasis",
    "thumbNail": "https://static.colruytgroup.com/images/200x200/std.lang.all/00/95/asset-3270095.jpg",
    "fullImage": "https://static.colruytgroup.com/images/500x500/std.lang.all/00/95/asset-3270095.jpg",
    "squareImage": "https://static.colruytgroup.com/images/500x500sq/std.lang.all/00/95/asset-3270095.jpg",
    "content": "25cl",
    "walkRouteSequenceNumber": 4817,
    "price": {
      "basicPrice": 0.831,
      "recommendedQuantity": "6.0",
      "measurementUnitPrice": 3.33,
      "measurementUnit": "L",
      "isRedPrice": false,
      "pricePerUOM": 3.33,
      "activationDate": "19-03-2024",
      "recordSource": "Offline",
      "isPromoActive": "N",
      "priceChangeCode": "H"
    },
    "isAvailable": true,
    "isPriceAvailable": true,
    "inPromo": false,
    "gtin": [
      "03124488198749",
      "05400141000962",
      "03124480235558",
      "03124488162689",
      "03124480162687"
    ],
    "topCategoryName": "Dranken",
    "topCategoryId": "354",
    "businessDomain": "RETAIL_BE",
    "IsPrivateLabel": false,
    "IsBiffe": false,
    "WeightconversionFactor": "0",
    "IsWeightArticle": false,
    "nutriscoreLabel": "D",
    "IsBio": false,
    "CountryOfOrigin": "ITALIË",
    "IsExclusivelySoldInLuxembourg": false,
    "OrderUnit": "P",
    "ShortName": "OASI MINI TROPIC.PET25C",
    "IsNew": false,
    "RecentQuanityOfStockUnits": "24,24,1,6",
    "LongName": "OASIS MINI Tropical PET 25cl",
    "AlcoholVolume": "0",
    "FicCode": "E"
  },
  {
    "productId": "344853",
    "technicalArticleNumber": "3827796",
    "commercialArticleNumber": "21806",
    "name": "less sugar brik",
    "description": "*Zonder toegevoegde\nsuikers\n*België",
    "brand": "CÉCÉMEL",
    "seoBrand": "Cécémel",
    "thumbNail": "https://static.colruytgroup.com/images/200x200/nl_be/05/56/asset-2400556.jpg",
    "fullImage": "https://static.colruytgroup.com/images/500x500/nl_be/05/56/asset-2400556.jpg",
    "squareImage": "https://static.colruytgroup.com/images/500x500sq/nl_be/05/56/asset-2400556.jpg",
    "content": "6x20cl",
    "walkRouteSequenceNumber": 1609,
    "price": {
      "basicPrice": 3.22,
      "recommendedQuantity": "1.0",
      "measurementUnitPrice": 2.69,
      "measurementUnit": "L",
      "isRedPrice": false,
      "pricePerUOM": 2.69,
      "activationDate": "23-03-2024",
      "recordSource": "Folder",
      "isPromoActive": "N",
      "priceChangeCode": "L"
    },
    "isAvailable": true,
    "isPriceAvailable": true,
    "inPromo": false,
    "gtin": [
      "05410438040496",
      "05410438040489"
    ],
    "topCategoryName": "Zuivel",
    "topCategoryId": "65",
    "businessDomain": "RETAIL_BE",
    "IsPrivateLabel": false,
    "IsBiffe": false,
    "WeightconversionFactor": "0",
    "IsWeightArticle": false,
    "nutriscoreLabel": "C",
    "IsBio": false,
    "CountryOfOrigin": "BELGIË",
    "IsExclusivelySoldInLuxembourg": false,
    "OrderUnit": "P",
    "ShortName": "CECE LESS SUG BR.6X20CL",
    "IsNew": false,
    "EcoscoreLabel": "B",
    "RecentQuanityOfStockUnits": "1,5",
    "LongName": "CÉCÉMEL less sugar brik 6x20cl",
    "AlcoholVolume": "0",
    "FicCode": "E",
    "EcoscoreValue": "71"
  },
  {
    "productId": "581",
    "technicalArticleNumber": "5595",
    "commercialArticleNumber": "5595",
    "name": "sojadrink",
    "description": "*België\n*Plantaardig,\nlactosevrij",
    "brand": "ALPRO",
    "seoBrand": "Alpro",
    "thumbNail": "https://static.colruytgroup.com/images/200x200/std.lang.all/77/64/asset-3367764.jpg",
    "fullImage": "https://static.colruytgroup.com/images/500x500/std.lang.all/77/64/asset-3367764.jpg",
    "squareImage": "https://static.colruytgroup.com/images/500x500sq/std.lang.all/77/64/asset-3367764.jpg",
    "content": "1L",
    "walkRouteSequenceNumber": 6283,
    "price": {
      "basicPrice": 1.29,
      "recommendedQuantity": "6.0",
      "measurementUnitPrice": 1.29,
      "measurementUnit": "L",
      "isRedPrice": false,
      "pricePerUOM": 1.29,
      "activationDate": "18-03-2024",
      "recordSource": "Offline",
      "isPromoActive": "N",
      "priceChangeCode": "H"
    },
    "isAvailable": true,
    "isPriceAvailable": true,
    "inPromo": true,
    "promotion": [
      {
        "techPromoId": "100834COLR",
        "promotionId": "100834",
        "promotionType": "4",
        "isPersonalized": "N",
        "publicationStartDate": "13-03-2024",
        "publicationEndDate": "26-03-2024"
      }
    ],
    "gtin": [
      "05411188115472",
      "05411188117117",
      "05411188117124"
    ],
    "topCategoryName": "Zuivel",
    "topCategoryId": "65",
    "businessDomain": "RETAIL_BE",
    "IsPrivateLabel": false,
    "IsBiffe": false,
    "WeightconversionFactor": "0",
    "IsWeightArticle": false,
    "nutriscoreLabel": "A",
    "IsBio": false,
    "CountryOfOrigin": "BELGIË",
    "IsExclusivelySoldInLuxembourg": false,
    "OrderUnit": "P",
    "ShortName": "ALPRO SOYADR ORIGIN. 1L",
    "IsNew": false,
    "EcoscoreLabel": "A",
    "RecentQuanityOfStockUnits": "6,1,12",
    "LongName": "ALPRO sojadrink 1L",
    "AlcoholVolume": "0",
    "FicCode": "E",
    "EcoscoreValue": "83"
  },
  {
    "productId": "302827",
    "technicalArticleNumber": "3729768",
    "commercialArticleNumber": "16626",
    "name": "High Energy Orange",
    "description": "*Sportdrank",
    "brand": "AA DRINK",
    "seoBrand": "AA DRINK",
    "thumbNail": "https://static.colruytgroup.com/images/200x200/std.lang.all/89/07/asset-2148907.jpg",
    "fullImage": "https://static.colruytgroup.com/images/500x500/std.lang.all/89/07/asset-2148907.jpg",
    "squareImage": "https://static.colruytgroup.com/images/500x500sq/std.lang.all/89/07/asset-2148907.jpg",
    "content": "50cl",
    "walkRouteSequenceNumber": 4719,
    "price": {
      "basicPrice": 1.19,
      "recommendedQuantity": "6.0",
      "quantityPrice": 1.14,
      "quantityPriceQuantity": "24.0",
      "measurementUnitPrice": 2.38,
      "measurementUnitQuantityPrice": 2.28,
      "measurementUnit": "L",
      "isRedPrice": false,
      "pricePerUOM": 2.38,
      "activationDate": "19-03-2024",
      "recordSource": "Offline",
      "isPromoActive": "N",
      "priceChangeCode": "H",
      "quantityPricePerUOM": 2.28,
      "quantityActivationDate": "19-03-2024",
      "quantityPriceChangeCode": "H"
    },
    "isAvailable": true,
    "isPriceAvailable": true,
    "inPromo": false,
    "gtin": [
      "08722200954748",
      "08722200950443",
      "00000087222203"
    ],
    "topCategoryName": "Dranken",
    "topCategoryId": "354",
    "businessDomain": "RETAIL_BE",
    "IsPrivateLabel": false,
    "IsBiffe": false,
    "WeightconversionFactor": "0",
    "IsWeightArticle": false,
    "nutriscoreLabel": "E",
    "IsBio": false,
    "CountryOfOrigin": "NEDERLAND",
    "IsExclusivelySoldInLuxembourg": false,
    "OrderUnit": "P",
    "ShortName": "AA DR.HIGH ENERG.50C",
    "IsNew": false,
    "RecentQuanityOfStockUnits": "6,1,12",
    "LongName": "AA DRINK High Energy Orange 50cl",
    "AlcoholVolume": "0",
    "FicCode": "E"
  },
  {
    "productId": "347839",
    "technicalArticleNumber": "3863902",
    "commercialArticleNumber": "42252",
    "name": "Sinaasappelsap brik",
    "description": "*Sinaasappelsap\n*Uit sapconcentraat\n*Met 100 % vruchten\n*Zonder pulp",
    "brand": "MINUTE MAID",
    "seoBrand": "Minute Maid",
    "thumbNail": "https://static.colruytgroup.com/images/200x200/std.lang.all/66/81/asset-3376681.jpg",
    "fullImage": "https://static.colruytgroup.com/images/500x500/std.lang.all/66/81/asset-3376681.jpg",
    "squareImage": "https://static.colruytgroup.com/images/500x500sq/std.lang.all/66/81/asset-3376681.jpg",
    "content": "1L",
    "walkRouteSequenceNumber": 4858,
    "price": {
      "basicPrice": 1.69,
      "recommendedQuantity": "1.0",
      "measurementUnitPrice": 1.69,
      "measurementUnit": "L",
      "isRedPrice": false,
      "pricePerUOM": 1.69,
      "activationDate": "12-03-2024",
      "recordSource": "Offline",
      "isPromoActive": "N",
      "priceChangeCode": "H"
    },
    "isAvailable": true,
    "isPriceAvailable": true,
    "inPromo": false,
    "gtin": [
      "05449000319289",
      "05449000243454",
      "05449000243447",
      "05449000243416",
      "05449000319272"
    ],
    "topCategoryName": "Dranken",
    "topCategoryId": "354",
    "businessDomain": "RETAIL_BE",
    "IsPrivateLabel": false,
    "IsBiffe": false,
    "WeightconversionFactor": "0",
    "IsWeightArticle": false,
    "nutriscoreLabel": "C",
    "IsBio": false,
    "CountryOfOrigin": "BELGIË",
    "IsExclusivelySoldInLuxembourg": false,
    "OrderUnit": "P",
    "ShortName": "MIMA SINAASSAP BRIK 1L",
    "IsNew": false,
    "EcoscoreLabel": "D",
    "RecentQuanityOfStockUnits": "6,1,4,1",
    "LongName": "MINUTE MAID Sinaasappelsap brik 1L",
    "AlcoholVolume": "0",
    "FicCode": "E",
    "EcoscoreValue": "34"
  },
  {
    "productId": "30185",
    "technicalArticleNumber": "1695563",
    "commercialArticleNumber": "5392",
    "name": "Red Peach",
    "description": "*Sportdrank\n*Smaak: perzik",
    "brand": "AQUARIUS",
    "seoBrand": "Aquarius",
    "thumbNail": "https://static.colruytgroup.com/images/200x200/std.lang.all/37/06/asset-3243706.jpg",
    "fullImage": "https://static.colruytgroup.com/images/500x500/std.lang.all/37/06/asset-3243706.jpg",
    "squareImage": "https://static.colruytgroup.com/images/500x500sq/std.lang.all/37/06/asset-3243706.jpg",
    "content": "50cl",
    "walkRouteSequenceNumber": 4734,
    "price": {
      "basicPrice": 1.83,
      "recommendedQuantity": "6.0",
      "quantityPrice": 1.76,
      "quantityPriceQuantity": "24.0",
      "measurementUnitPrice": 3.66,
      "measurementUnitQuantityPrice": 3.52,
      "measurementUnit": "L",
      "isRedPrice": false,
      "pricePerUOM": 3.66,
      "activationDate": "17-02-2024",
      "recordSource": "Offline",
      "isPromoActive": "N",
      "priceChangeCode": "E",
      "quantityPricePerUOM": 3.52,
      "quantityActivationDate": "17-02-2024",
      "quantityPriceChangeCode": "E"
    },
    "isAvailable": true,
    "isPriceAvailable": true,
    "inPromo": false,
    "gtin": [
      "05449000131133",
      "05449000197504",
      "05449000197597"
    ],
    "topCategoryName": "Dranken",
    "topCategoryId": "354",
    "businessDomain": "RETAIL_BE",
    "IsPrivateLabel": false,
    "IsBiffe": false,
    "WeightconversionFactor": "0",
    "IsWeightArticle": false,
    "nutriscoreLabel": "D",
    "IsBio": false,
    "CountryOfOrigin": "BELGIË",
    "IsExclusivelySoldInLuxembourg": false,
    "OrderUnit": "P",
    "ShortName": "AQUARIUS RED PEACH 50CL",
    "IsNew": false,
    "RecentQuanityOfStockUnits": "1,24,6",
    "LongName": "AQUARIUS Red Peach 50cl",
    "AlcoholVolume": "0",
    "FicCode": "E"
  },
  {
    "productId": "36548",
    "technicalArticleNumber": "1841760",
    "commercialArticleNumber": "5359",
    "name": "bruisend water",
    "description": "*Mineraalwater\n*Bruisend\n*Droogrest: 47 mg/l",
    "brand": "SPA INTENSE",
    "seoBrand": "Spa Intense",
    "thumbNail": "https://static.colruytgroup.com/images/200x200/std.lang.all/98/49/asset-679849.jpg",
    "fullImage": "https://static.colruytgroup.com/images/500x500/std.lang.all/98/49/asset-679849.jpg",
    "squareImage": "https://static.colruytgroup.com/images/500x500sq/std.lang.all/98/49/asset-679849.jpg",
    "content": "1L",
    "walkRouteSequenceNumber": 3946,
    "price": {
      "basicPrice": 0.99,
      "recommendedQuantity": "6.0",
      "measurementUnitPrice": 0.99,
      "measurementUnit": "L",
      "isRedPrice": false,
      "pricePerUOM": 0.99,
      "activationDate": "14-11-2023",
      "recordSource": "Offline",
      "isPromoActive": "N",
      "priceChangeCode": "E"
    },
    "isAvailable": true,
    "isPriceAvailable": true,
    "inPromo": false,
    "gtin": [
      "05410013111719",
      "05410013111702"
    ],
    "topCategoryName": "Dranken",
    "topCategoryId": "354",
    "businessDomain": "RETAIL_BE",
    "IsPrivateLabel": false,
    "IsBiffe": false,
    "WeightconversionFactor": "0",
    "IsWeightArticle": false,
    "nutriscoreLabel": "A",
    "IsBio": false,
    "CountryOfOrigin": "BELGIË",
    "IsExclusivelySoldInLuxembourg": false,
    "OrderUnit": "P",
    "ShortName": "SPA INTENSE 1L PET",
    "IsNew": false,
    "RecentQuanityOfStockUnits": "6,1",
    "LongName": "SPA INTENSE bruisend water 1L",
    "AlcoholVolume": "0",
    "FicCode": "E"
  },
  {
    "productId": "454145",
    "technicalArticleNumber": "4021107",
    "commercialArticleNumber": "5152",
    "name": "grenadine limonade",
    "description": "*Bruisend",
    "brand": "BONI",
    "seoBrand": "Boni Selection",
    "thumbNail": "https://static.colruytgroup.com/images/200x200/std.lang.all/62/03/asset-1746203.jpg",
    "fullImage": "https://static.colruytgroup.com/images/500x500/std.lang.all/62/03/asset-1746203.jpg",
    "squareImage": "https://static.colruytgroup.com/images/500x500sq/std.lang.all/62/03/asset-1746203.jpg",
    "content": "50cl",
    "walkRouteSequenceNumber": 4248,
    "price": {
      "basicPrice": 0.75,
      "recommendedQuantity": "9.0",
      "quantityPrice": 0.69,
      "quantityPriceQuantity": "27.0",
      "measurementUnitPrice": 1.5,
      "measurementUnitQuantityPrice": 1.38,
      "measurementUnit": "L",
      "isRedPrice": false,
      "pricePerUOM": 1.5,
      "activationDate": "10-01-2024",
      "recordSource": "Offline",
      "isPromoActive": "N",
      "priceChangeCode": "E",
      "quantityPricePerUOM": 1.38,
      "quantityActivationDate": "10-01-2024",
      "quantityPriceChangeCode": "H"
    },
    "isAvailable": true,
    "isPriceAvailable": true,
    "inPromo": false,
    "gtin": [
      "05400141239782",
      "15400141239789"
    ],
    "topCategoryName": "Dranken",
    "topCategoryId": "354",
    "businessDomain": "RETAIL_BE",
    "IsPrivateLabel": true,
    "IsBiffe": false,
    "WeightconversionFactor": "0",
    "IsWeightArticle": false,
    "nutriscoreLabel": "D",
    "IsBio": false,
    "CountryOfOrigin": "BELGIË",
    "IsExclusivelySoldInLuxembourg": false,
    "OrderUnit": "P",
    "ShortName": "BONI GRENADINE LIMO50C",
    "IsNew": false,
    "RecentQuanityOfStockUnits": "1,9",
    "LongName": "BONI grenadine limonade 50cl",
    "FicCode": "I"
  },
  {
    "productId": "301180",
    "technicalArticleNumber": "3712539",
    "commercialArticleNumber": "19858",
    "name": "caps Lungo 6 dessert",
    "description": "*Zachte smaak\n*Caps",
    "brand": "DOUWE EGBERTS",
    "seoBrand": "Douwe Egberts",
    "thumbNail": "https://static.colruytgroup.com/images/200x200/std.lang.all/16/22/asset-1731622.jpg",
    "fullImage": "https://static.colruytgroup.com/images/500x500/std.lang.all/16/22/asset-1731622.jpg",
    "squareImage": "https://static.colruytgroup.com/images/500x500sq/std.lang.all/16/22/asset-1731622.jpg",
    "content": "20st",
    "walkRouteSequenceNumber": 1055,
    "price": {
      "basicPrice": 4.69,
      "recommendedQuantity": "1.0",
      "measurementUnitPrice": 45.1,
      "measurementUnit": "K",
      "isRedPrice": false,
      "pricePerUOM": 45.1,
      "activationDate": "15-03-2024",
      "recordSource": "Offline",
      "isPromoActive": "N",
      "priceChangeCode": "H"
    },
    "isAvailable": true,
    "isPriceAvailable": true,
    "inPromo": false,
    "gtin": [
      "08711000371282",
      "05400141037586",
      "08711000372906"
    ],
    "topCategoryName": "Dranken",
    "topCategoryId": "354",
    "businessDomain": "RETAIL_BE",
    "IsPrivateLabel": false,
    "IsBiffe": false,
    "WeightconversionFactor": "0",
    "IsWeightArticle": false,
    "nutriscoreLabel": "B",
    "IsBio": false,
    "CountryOfOrigin": "FRANKRIJK",
    "IsExclusivelySoldInLuxembourg": false,
    "OrderUnit": "P",
    "ShortName": "D.E. LUNGO DESSERT 20C",
    "IsNew": false,
    "RecentQuanityOfStockUnits": "1,10",
    "LongName": "DOUWE EGBERTS caps Lungo 6 dessert 20st",
    "AlcoholVolume": "0",
    "FicCode": "E"
  },
  {
    "productId": "332025",
    "technicalArticleNumber": "3814437",
    "commercialArticleNumber": "51222",
    "name": "Pads Strong RFA",
    "description": "*Intense koffie\n*Pittig, robuust\n*Pads",
    "brand": "GRAINDOR",
    "seoBrand": "Graindor",
    "thumbNail": "https://static.colruytgroup.com/images/200x200/std.lang.all/99/58/asset-1619958.jpg",
    "fullImage": "https://static.colruytgroup.com/images/500x500/std.lang.all/99/58/asset-1619958.jpg",
    "squareImage": "https://static.colruytgroup.com/images/500x500sq/std.lang.all/99/58/asset-1619958.jpg",
    "content": "36st 252g",
    "walkRouteSequenceNumber": 1158,
    "price": {
      "basicPrice": 2.69,
      "recommendedQuantity": "1.0",
      "measurementUnitPrice": 10.68,
      "measurementUnit": "K",
      "isRedPrice": false,
      "pricePerUOM": 10.68,
      "activationDate": "14-03-2024",
      "recordSource": "Offline",
      "isPromoActive": "N",
      "priceChangeCode": "E"
    },
    "isAvailable": true,
    "isPriceAvailable": true,
    "inPromo": false,
    "gtin": [
      "15400141034698",
      "05400141034691"
    ],
    "topCategoryName": "Dranken",
    "topCategoryId": "354",
    "businessDomain": "RETAIL_BE",
    "IsPrivateLabel": true,
    "IsBiffe": false,
    "WeightconversionFactor": "0",
    "IsWeightArticle": false,
    "nutriscoreLabel": "B",
    "IsBio": false,
    "CountryOfOrigin": "BELGIË",
    "IsExclusivelySoldInLuxembourg": false,
    "OrderUnit": "P",
    "ShortName": "RFA GRAI STRONG 36PADS",
    "IsNew": false,
    "EcoscoreLabel": "C",
    "RecentQuanityOfStockUnits": "1,10",
    "LongName": "GRAINDOR Pads Strong RFA 36st 252g",
    "AlcoholVolume": "0",
    "FicCode": "I",
    "EcoscoreValue": "55"
  },
  {
    "productId": "747504",
    "technicalArticleNumber": "4516552",
    "commercialArticleNumber": "13890",
    "name": "Zero Sugar No Caffeine",
    "description": "*Bruisend\n*Met zoetstoffen\n*Zonder cafeïne",
    "brand": "COCA-COLA",
    "seoBrand": "Coca-Cola Zero Sugar",
    "thumbNail": "https://static.colruytgroup.com/images/200x200/std.lang.all/26/03/asset-2952603.jpg",
    "fullImage": "https://static.colruytgroup.com/images/500x500/std.lang.all/26/03/asset-2952603.jpg",
    "squareImage": "https://static.colruytgroup.com/images/500x500sq/std.lang.all/26/03/asset-2952603.jpg",
    "content": "33cl",
    "walkRouteSequenceNumber": 4358,
    "price": {
      "basicPrice": 0.881,
      "recommendedQuantity": "15.0",
      "measurementUnitPrice": 2.68,
      "measurementUnit": "L",
      "isRedPrice": false,
      "pricePerUOM": 2.68,
      "activationDate": "19-03-2024",
      "recordSource": "Offline",
      "isPromoActive": "N",
      "priceChangeCode": "H"
    },
    "isAvailable": true,
    "isPriceAvailable": true,
    "inPromo": false,
    "gtin": [
      "05449000310408",
      "05449000233295",
      "05449000233721",
      "05449000304339"
    ],
    "topCategoryName": "Dranken",
    "topCategoryId": "354",
    "businessDomain": "RETAIL_BE",
    "IsPrivateLabel": false,
    "IsBiffe": false,
    "WeightconversionFactor": "0",
    "IsWeightArticle": false,
    "nutriscoreLabel": "C",
    "IsBio": false,
    "CountryOfOrigin": "BELGIË",
    "IsExclusivelySoldInLuxembourg": false,
    "OrderUnit": "P",
    "ShortName": "COCA ZERO NO CAFF. 33CL",
    "IsNew": false,
    "RecentQuanityOfStockUnits": "15,1",
    "LongName": "COCA-COLA Zero Sugar No Caffeine 33cl",
    "FicCode": "E"
  },
  {
    "productId": "434",
    "technicalArticleNumber": "5139",
    "commercialArticleNumber": "5139",
    "name": "Tropical",
    "description": "*Limonade\n*Niet-bruisend\n*Smaak: multivruchten",
    "brand": "OASIS",
    "seoBrand": "Oasis",
    "thumbNail": "https://static.colruytgroup.com/images/200x200/std.lang.all/01/77/asset-3270177.jpg",
    "fullImage": "https://static.colruytgroup.com/images/500x500/std.lang.all/01/77/asset-3270177.jpg",
    "squareImage": "https://static.colruytgroup.com/images/500x500sq/std.lang.all/01/77/asset-3270177.jpg",
    "content": "2L",
    "walkRouteSequenceNumber": 4824,
    "price": {
      "basicPrice": 2.54,
      "recommendedQuantity": "6.0",
      "measurementUnitPrice": 1.27,
      "measurementUnit": "L",
      "isRedPrice": false,
      "pricePerUOM": 1.27,
      "activationDate": "19-03-2024",
      "recordSource": "Folder",
      "isPromoActive": "Y",
      "priceChangeCode": "L"
    },
    "isAvailable": true,
    "isPriceAvailable": true,
    "inPromo": true,
    "promotion": [
      {
        "techPromoId": "100906COLR",
        "promotionId": "100906",
        "promotionType": "3",
        "isPersonalized": "N",
        "publicationStartDate": "13-03-2024",
        "publicationEndDate": "26-03-2024"
      }
    ],
    "gtin": [
      "03124480191182",
      "03124480208842",
      "05410221406324",
      "03124488194017"
    ],
    "topCategoryName": "Dranken",
    "topCategoryId": "354",
    "businessDomain": "RETAIL_BE",
    "IsPrivateLabel": false,
    "IsBiffe": false,
    "WeightconversionFactor": "0",
    "IsWeightArticle": false,
    "nutriscoreLabel": "D",
    "IsBio": false,
    "CountryOfOrigin": "FRANKRIJK",
    "IsExclusivelySoldInLuxembourg": false,
    "OrderUnit": "P",
    "ShortName": "OASI TROPICAL 2L",
    "IsNew": false,
    "RecentQuanityOfStockUnits": "1,6,6,1",
    "LongName": "OASIS Tropical 2L",
    "AlcoholVolume": "0",
    "FicCode": "E"
  },
  {
    "productId": "610189",
    "technicalArticleNumber": "4282995",
    "commercialArticleNumber": "16540",
    "name": "Caps Lungo",
    "description": "*Lungo koffie\n*Evenwichtig\n*Intensiteit 6\n*30 Capsules",
    "brand": "NESCAFÉ DOLCE GUSTO",
    "seoBrand": "Nescafé Dolce Gusto",
    "thumbNail": "https://static.colruytgroup.com/images/200x200/std.lang.all/43/70/asset-2284370.jpg",
    "fullImage": "https://static.colruytgroup.com/images/500x500/std.lang.all/43/70/asset-2284370.jpg",
    "squareImage": "https://static.colruytgroup.com/images/500x500sq/std.lang.all/43/70/asset-2284370.jpg",
    "content": "30st",
    "walkRouteSequenceNumber": 1065,
    "price": {
      "basicPrice": 8.23,
      "recommendedQuantity": "1.0",
      "measurementUnitPrice": 42.21,
      "measurementUnit": "K",
      "isRedPrice": false,
      "pricePerUOM": 42.21,
      "activationDate": "19-03-2024",
      "recordSource": "Offline",
      "isPromoActive": "N",
      "priceChangeCode": "H"
    },
    "isAvailable": true,
    "isPriceAvailable": true,
    "inPromo": false,
    "gtin": [
      "07613037882933",
      "07613037882926"
    ],
    "topCategoryName": "Dranken",
    "topCategoryId": "354",
    "businessDomain": "RETAIL_BE",
    "IsPrivateLabel": false,
    "IsBiffe": false,
    "WeightconversionFactor": "0",
    "IsWeightArticle": false,
    "nutriscoreLabel": "B",
    "IsBio": false,
    "CountryOfOrigin": "DUITSLAND",
    "IsExclusivelySoldInLuxembourg": false,
    "OrderUnit": "P",
    "ShortName": "NESC DG LUNGO 30CUPS",
    "IsNew": false,
    "RecentQuanityOfStockUnits": "1,3",
    "LongName": "NESCAFÉ DOLCE GUSTO Caps Lungo 30st",
    "FicCode": "E"
  },
  {
    "productId": "437482",
    "technicalArticleNumber": "3985697",
    "commercialArticleNumber": "3958",
    "name": "haverdrink zonder toegev.suikers",
    "description": "*Plantaardig\n*Zonder toegevoegde\nsuikers",
    "brand": "BONI",
    "seoBrand": "Boni Selection",
    "thumbNail": "https://static.colruytgroup.com/images/200x200/std.lang.all/37/30/asset-3353730.jpg",
    "fullImage": "https://static.colruytgroup.com/images/500x500/std.lang.all/37/30/asset-3353730.jpg",
    "squareImage": "https://static.colruytgroup.com/images/500x500sq/std.lang.all/37/30/asset-3353730.jpg",
    "content": "1L",
    "walkRouteSequenceNumber": 6276,
    "price": {
      "basicPrice": 1.49,
      "recommendedQuantity": "1.0",
      "measurementUnitPrice": 1.49,
      "measurementUnit": "L",
      "isRedPrice": false,
      "pricePerUOM": 1.49,
      "activationDate": "19-03-2024",
      "recordSource": "Offline",
      "isPromoActive": "N",
      "priceChangeCode": "E"
    },
    "isAvailable": true,
    "isPriceAvailable": true,
    "inPromo": false,
    "gtin": [
      "05400141130690",
      "05400141301830",
      "15400141301837",
      "05400141452259"
    ],
    "topCategoryName": "Zuivel",
    "topCategoryId": "65",
    "businessDomain": "RETAIL_BE",
    "IsPrivateLabel": true,
    "IsBiffe": false,
    "WeightconversionFactor": "0",
    "IsWeightArticle": false,
    "nutriscoreLabel": "B",
    "IsBio": false,
    "CountryOfOrigin": "DUITSLAND",
    "IsExclusivelySoldInLuxembourg": false,
    "OrderUnit": "P",
    "ShortName": "BONI HAVERDR.Z.T.SUIK1L",
    "IsNew": false,
    "EcoscoreLabel": "B",
    "RecentQuanityOfStockUnits": "10,1",
    "LongName": "BONI haverdrink zonder toegev.suikers 1L",
    "FicCode": "I",
    "EcoscoreValue": "67"
  },
  {
    "productId": "13636",
    "technicalArticleNumber": "1228361",
    "commercialArticleNumber": "5367",
    "name": "Agrum'",
    "description": "*Smaak: citrus\n*Bruisend\n*Suiker,zoetstoffen",
    "brand": "SCHWEPPES",
    "seoBrand": "Schweppes",
    "thumbNail": "https://static.colruytgroup.com/images/200x200/std.lang.all/29/25/asset-3232925.jpg",
    "fullImage": "https://static.colruytgroup.com/images/500x500/std.lang.all/29/25/asset-3232925.jpg",
    "squareImage": "https://static.colruytgroup.com/images/500x500sq/std.lang.all/29/25/asset-3232925.jpg",
    "content": "33cl",
    "walkRouteSequenceNumber": 4300,
    "price": {
      "basicPrice": 0.75,
      "recommendedQuantity": "6.0",
      "measurementUnitPrice": 2.28,
      "measurementUnit": "L",
      "isRedPrice": false,
      "pricePerUOM": 2.28,
      "activationDate": "22-03-2024",
      "recordSource": "Offline",
      "isPromoActive": "N",
      "priceChangeCode": "L"
    },
    "isAvailable": true,
    "isPriceAvailable": true,
    "inPromo": false,
    "gtin": [
      "03124488187026",
      "05410221105456",
      "05410221205187",
      "05410221305085",
      "05410221205170"
    ],
    "topCategoryName": "Dranken",
    "topCategoryId": "354",
    "businessDomain": "RETAIL_BE",
    "IsPrivateLabel": false,
    "IsBiffe": false,
    "WeightconversionFactor": "0",
    "IsWeightArticle": false,
    "nutriscoreLabel": "E",
    "IsBio": false,
    "CountryOfOrigin": "FRANKRIJK",
    "IsExclusivelySoldInLuxembourg": false,
    "OrderUnit": "P",
    "ShortName": "SCHWEPPES AGRUM BLIK 33",
    "IsNew": false,
    "RecentQuanityOfStockUnits": "1,8,24,6,24",
    "LongName": "SCHWEPPES Agrum' 33cl",
    "AlcoholVolume": "0",
    "FicCode": "E"
  },
  {
    "productId": "177888",
    "technicalArticleNumber": "3332828",
    "commercialArticleNumber": "7506",
    "name": "Volle melk PET",
    "description": "*Volle melk\n*België",
    "brand": "CAMPINA",
    "seoBrand": "Campina",
    "thumbNail": "https://static.colruytgroup.com/images/200x200/nl_be/82/41/asset-3388241.jpg",
    "fullImage": "https://static.colruytgroup.com/images/500x500/nl_be/82/41/asset-3388241.jpg",
    "squareImage": "https://static.colruytgroup.com/images/500x500sq/nl_be/82/41/asset-3388241.jpg",
    "content": "50cl",
    "walkRouteSequenceNumber": 6247,
    "price": {
      "basicPrice": 1.38,
      "recommendedQuantity": "6.0",
      "measurementUnitPrice": 2.76,
      "measurementUnit": "L",
      "isRedPrice": false,
      "pricePerUOM": 2.76,
      "activationDate": "12-03-2024",
      "recordSource": "Offline",
      "isPromoActive": "N",
      "priceChangeCode": "E"
    },
    "isAvailable": true,
    "isPriceAvailable": true,
    "inPromo": false,
    "gtin": [
      "05410438001619",
      "05410438026292",
      "05410438026339",
      "05410438046467"
    ],
    "topCategoryName": "Zuivel",
    "topCategoryId": "65",
    "businessDomain": "RETAIL_BE",
    "IsPrivateLabel": false,
    "IsBiffe": false,
    "WeightconversionFactor": "0",
    "IsWeightArticle": false,
    "nutriscoreLabel": "B",
    "IsBio": false,
    "CountryOfOrigin": "BELGIË",
    "IsExclusivelySoldInLuxembourg": false,
    "OrderUnit": "P",
    "ShortName": "CAMP VOL MELK PET 50CL",
    "IsNew": false,
    "EcoscoreLabel": "C",
    "RecentQuanityOfStockUnits": "1,6,24",
    "LongName": "CAMPINA Volle melk PET 50cl",
    "AlcoholVolume": "0",
    "FicCode": "E",
    "EcoscoreValue": "59"
  },
  {
    "productId": "337683",
    "technicalArticleNumber": "3823862",
    "commercialArticleNumber": "40870",
    "name": "Oploskoffie Gold UTZ",
    "description": "*Smaak: Rijk, bitter\n*Ecuador\n*Oploskoffie",
    "brand": "EVERYDAY",
    "seoBrand": "Everyday",
    "thumbNail": "https://static.colruytgroup.com/images/200x200/std.lang.all/33/93/asset-1793393.jpg",
    "fullImage": "https://static.colruytgroup.com/images/500x500/std.lang.all/33/93/asset-1793393.jpg",
    "squareImage": "https://static.colruytgroup.com/images/500x500sq/std.lang.all/33/93/asset-1793393.jpg",
    "content": "100g",
    "walkRouteSequenceNumber": 1185,
    "price": {
      "basicPrice": 2.09,
      "recommendedQuantity": "1.0",
      "quantityPrice": 1.84,
      "quantityPriceQuantity": "2.0",
      "measurementUnitPrice": 20.9,
      "measurementUnitQuantityPrice": 18.4,
      "measurementUnit": "K",
      "isRedPrice": false,
      "pricePerUOM": 20.9,
      "activationDate": "08-03-2024",
      "recordSource": "Offline",
      "isPromoActive": "N",
      "priceChangeCode": "L",
      "quantityPricePerUOM": 18.4,
      "quantityActivationDate": "08-03-2024",
      "quantityPriceChangeCode": "E"
    },
    "isAvailable": true,
    "isPriceAvailable": true,
    "inPromo": false,
    "gtin": [
      "15400141194224",
      "05400141194227"
    ],
    "topCategoryName": "Dranken",
    "topCategoryId": "354",
    "businessDomain": "RETAIL_BE",
    "IsPrivateLabel": true,
    "IsBiffe": false,
    "WeightconversionFactor": "0",
    "IsWeightArticle": false,
    "nutriscoreLabel": "B",
    "IsBio": false,
    "CountryOfOrigin": "INDIA",
    "IsExclusivelySoldInLuxembourg": false,
    "OrderUnit": "P",
    "ShortName": "EVD OPLOS GOLD 100G UTZ",
    "IsNew": false,
    "EcoscoreLabel": "D",
    "RecentQuanityOfStockUnits": "1,12",
    "LongName": "EVERYDAY Oploskoffie Gold UTZ 100g",
    "AlcoholVolume": "0",
    "FicCode": "I",
    "EcoscoreValue": "34"
  },
  {
    "productId": "163198",
    "technicalArticleNumber": "3391619",
    "commercialArticleNumber": "11903",
    "name": "limonade Zitrone Fit",
    "description": "*Smaak: citroen\n*Bruisend\n*Met zoetstoffen",
    "brand": "TÖNISSTEINER",
    "seoBrand": "Tönissteiner",
    "thumbNail": "https://static.colruytgroup.com/images/200x200/nl_be/99/08/asset-1479908.jpg",
    "fullImage": "https://static.colruytgroup.com/images/500x500/nl_be/99/08/asset-1479908.jpg",
    "squareImage": "https://static.colruytgroup.com/images/500x500sq/nl_be/99/08/asset-1479908.jpg",
    "content": "1L",
    "walkRouteSequenceNumber": 4298,
    "price": {
      "basicPrice": 1.99,
      "recommendedQuantity": "6.0",
      "measurementUnitPrice": 1.99,
      "measurementUnit": "L",
      "isRedPrice": false,
      "pricePerUOM": 1.99,
      "activationDate": "14-03-2024",
      "recordSource": "Offline",
      "isPromoActive": "N",
      "priceChangeCode": "E"
    },
    "isAvailable": true,
    "isPriceAvailable": true,
    "inPromo": false,
    "gtin": [
      "04002968053117",
      "04002968053148"
    ],
    "topCategoryName": "Dranken",
    "topCategoryId": "354",
    "businessDomain": "RETAIL_BE",
    "IsPrivateLabel": false,
    "IsBiffe": false,
    "WeightconversionFactor": "0",
    "IsWeightArticle": false,
    "nutriscoreLabel": "B",
    "IsBio": false,
    "CountryOfOrigin": "BELGIË",
    "IsExclusivelySoldInLuxembourg": false,
    "OrderUnit": "P",
    "ShortName": "TONI CITROEN FIT PET 1L",
    "IsNew": false,
    "RecentQuanityOfStockUnits": "6,1",
    "LongName": "TÖNISSTEINER limonade Zitrone Fit 1L",
    "AlcoholVolume": "0",
    "FicCode": "E"
  },
  {
    "productId": "1657",
    "technicalArticleNumber": "22348",
    "commercialArticleNumber": "22348",
    "name": "Moka Royal gemalen",
    "description": "*Sterkte: intense\nkoffie\n*Smaak: doordringend\npittig\n*Gemalen koffie",
    "brand": "DOUWE EGBERTS",
    "seoBrand": "Douwe Egberts",
    "thumbNail": "https://static.colruytgroup.com/images/200x200/std.lang.all/41/25/asset-1934125.jpg",
    "fullImage": "https://static.colruytgroup.com/images/500x500/std.lang.all/41/25/asset-1934125.jpg",
    "squareImage": "https://static.colruytgroup.com/images/500x500sq/std.lang.all/41/25/asset-1934125.jpg",
    "content": "500g",
    "walkRouteSequenceNumber": 1152,
    "price": {
      "basicPrice": 5.99,
      "recommendedQuantity": "3.0",
      "measurementUnitPrice": 11.98,
      "measurementUnit": "K",
      "isRedPrice": false,
      "pricePerUOM": 11.98,
      "activationDate": "23-03-2024",
      "recordSource": "Folder",
      "isPromoActive": "Y",
      "priceChangeCode": "E"
    },
    "isAvailable": true,
    "isPriceAvailable": true,
    "inPromo": true,
    "promotion": [
      {
        "techPromoId": "100903COLR",
        "promotionId": "100903",
        "promotionType": "0",
        "isPersonalized": "N",
        "publicationStartDate": "13-03-2024",
        "publicationEndDate": "26-03-2024"
      }
    ],
    "gtin": [
      "05410138002244",
      "05410138003432",
      "15410138002241"
    ],
    "topCategoryName": "Dranken",
    "topCategoryId": "354",
    "businessDomain": "RETAIL_BE",
    "IsPrivateLabel": false,
    "IsBiffe": false,
    "WeightconversionFactor": "0",
    "IsWeightArticle": false,
    "nutriscoreLabel": "B",
    "IsBio": false,
    "CountryOfOrigin": "NEDERLAND",
    "IsExclusivelySoldInLuxembourg": false,
    "OrderUnit": "P",
    "ShortName": "D EGB MOKA GEMALEN 500",
    "IsNew": false,
    "RecentQuanityOfStockUnits": "12,1",
    "LongName": "DOUWE EGBERTS Moka Royal gemalen 500g",
    "AlcoholVolume": "0",
    "FicCode": "E"
  },
  {
    "productId": "11169",
    "technicalArticleNumber": "1350959",
    "commercialArticleNumber": "5156",
    "name": "lichtbruisend water",
    "description": "*Mineraalwater\n*Lichtbruisend\n*Droogrest: 160 mg/l",
    "brand": "BRU",
    "seoBrand": "Bru",
    "thumbNail": "https://static.colruytgroup.com/images/200x200/std.lang.all/78/56/asset-2537856.jpg",
    "fullImage": "https://static.colruytgroup.com/images/500x500/std.lang.all/78/56/asset-2537856.jpg",
    "squareImage": "https://static.colruytgroup.com/images/500x500sq/std.lang.all/78/56/asset-2537856.jpg",
    "content": "50cl",
    "walkRouteSequenceNumber": 3909,
    "price": {
      "basicPrice": 0.67,
      "recommendedQuantity": "8.0",
      "quantityPrice": 0.64,
      "quantityPriceQuantity": "24.0",
      "measurementUnitPrice": 1.34,
      "measurementUnitQuantityPrice": 1.28,
      "measurementUnit": "L",
      "isRedPrice": false,
      "pricePerUOM": 1.34,
      "activationDate": "03-02-2024",
      "recordSource": "Online",
      "isPromoActive": "N",
      "priceChangeCode": "H",
      "quantityPricePerUOM": 1.28,
      "quantityActivationDate": "03-02-2024",
      "quantityPriceChangeCode": "H"
    },
    "isAvailable": true,
    "isPriceAvailable": true,
    "inPromo": false,
    "gtin": [
      "05410013307501",
      "05410013307648",
      "05410013307631"
    ],
    "topCategoryName": "Dranken",
    "topCategoryId": "354",
    "businessDomain": "RETAIL_BE",
    "IsPrivateLabel": false,
    "IsBiffe": false,
    "WeightconversionFactor": "0",
    "IsWeightArticle": false,
    "nutriscoreLabel": "A",
    "IsBio": false,
    "CountryOfOrigin": "BELGIË",
    "IsExclusivelySoldInLuxembourg": false,
    "OrderUnit": "P",
    "ShortName": "BRU 50CL VV",
    "IsNew": false,
    "RecentQuanityOfStockUnits": "24,8,1",
    "LongName": "BRU lichtbruisend water 50cl",
    "AlcoholVolume": "0",
    "FicCode": "E"
  },
  {
    "productId": "46602",
    "technicalArticleNumber": "2512679",
    "commercialArticleNumber": "1114",
    "name": "trappist blauw 9,0%vol",
    "description": "*Trappistenbier\n*9 % vol\n*Nagisting op fles",
    "brand": "CHIMAY",
    "seoBrand": "Chimay",
    "thumbNail": "https://static.colruytgroup.com/images/200x200/std.lang.all/54/12/asset-2045412.jpg",
    "fullImage": "https://static.colruytgroup.com/images/500x500/std.lang.all/54/12/asset-2045412.jpg",
    "squareImage": "https://static.colruytgroup.com/images/500x500sq/std.lang.all/54/12/asset-2045412.jpg",
    "content": "8x33cl",
    "walkRouteSequenceNumber": 3640,
    "price": {
      "basicPrice": 12.72,
      "recommendedQuantity": "1.0",
      "measurementUnitPrice": 4.82,
      "measurementUnit": "L",
      "isRedPrice": false,
      "pricePerUOM": 4.82,
      "activationDate": "02-01-2024",
      "recordSource": "Offline",
      "isPromoActive": "N",
      "priceChangeCode": "H"
    },
    "isAvailable": true,
    "isPriceAvailable": true,
    "inPromo": false,
    "gtin": [
      "05400141011142"
    ],
    "topCategoryName": "Dranken",
    "topCategoryId": "354",
    "businessDomain": "RETAIL_BE",
    "IsPrivateLabel": false,
    "IsBiffe": false,
    "WeightconversionFactor": "0",
    "IsWeightArticle": false,
    "IsBio": false,
    "CountryOfOrigin": "BELGIË",
    "IsExclusivelySoldInLuxembourg": false,
    "OrderUnit": "P",
    "ShortName": "CHIMAY BLAUW 8X33CL",
    "IsNew": false,
    "EcoscoreLabel": "D",
    "RecentQuanityOfStockUnits": "1",
    "LongName": "CHIMAY trappist blauw 9,0%vol 8x33cl",
    "AlcoholVolume": "9",
    "FicCode": "E",
    "DepositValue": [
      0.8
    ],
    "EcoscoreValue": "37"
  },
  {
    "productId": "691068",
    "technicalArticleNumber": "4417863",
    "commercialArticleNumber": "21826",
    "name": "halfvolle chocomelk PET",
    "description": "*Halfvolle melk\n*België",
    "brand": "BONI",
    "seoBrand": "Boni Selection",
    "thumbNail": "https://static.colruytgroup.com/images/200x200/nl_be/90/32/asset-3349032.jpg",
    "fullImage": "https://static.colruytgroup.com/images/500x500/nl_be/90/32/asset-3349032.jpg",
    "squareImage": "https://static.colruytgroup.com/images/500x500sq/nl_be/90/32/asset-3349032.jpg",
    "content": "50cl",
    "walkRouteSequenceNumber": 6343,
    "price": {
      "basicPrice": 1.05,
      "recommendedQuantity": "1.0",
      "quantityPrice": 0.998,
      "quantityPriceQuantity": "6.0",
      "measurementUnitPrice": 2.1,
      "measurementUnitQuantityPrice": 2,
      "measurementUnit": "L",
      "isRedPrice": false,
      "pricePerUOM": 2.1,
      "activationDate": "16-03-2024",
      "recordSource": "Offline",
      "isPromoActive": "N",
      "priceChangeCode": "E",
      "quantityPricePerUOM": 2,
      "quantityActivationDate": "16-03-2024",
      "quantityPriceChangeCode": "H"
    },
    "isAvailable": true,
    "isPriceAvailable": true,
    "inPromo": false,
    "gtin": [
      "15400141940234",
      "05400141940237"
    ],
    "topCategoryName": "Zuivel",
    "topCategoryId": "65",
    "businessDomain": "RETAIL_BE",
    "IsPrivateLabel": true,
    "IsBiffe": false,
    "WeightconversionFactor": "0",
    "IsWeightArticle": false,
    "nutriscoreLabel": "D",
    "IsBio": false,
    "CountryOfOrigin": "BELGIË",
    "IsExclusivelySoldInLuxembourg": false,
    "OrderUnit": "P",
    "ShortName": "BONI CHOCO HV PET 50CL",
    "IsNew": false,
    "EcoscoreLabel": "B",
    "RecentQuanityOfStockUnits": "1,6",
    "LongName": "BONI halfvolle chocomelk PET 50cl",
    "FicCode": "I",
    "EcoscoreValue": "72"
  },
  {
    "productId": "569",
    "technicalArticleNumber": "5434",
    "commercialArticleNumber": "5434",
    "name": "Ice Tea Peach",
    "description": "*Ice tea\n*Perziksmaak\n*Non-sparkling\n*Ijs thee\n*Soft drink",
    "brand": "LIPTON",
    "seoBrand": "Lipton",
    "thumbNail": "https://static.colruytgroup.com/images/200x200/std.lang.all/53/38/asset-3205338.jpg",
    "fullImage": "https://static.colruytgroup.com/images/500x500/std.lang.all/53/38/asset-3205338.jpg",
    "squareImage": "https://static.colruytgroup.com/images/500x500sq/std.lang.all/53/38/asset-3205338.jpg",
    "content": "33cl",
    "walkRouteSequenceNumber": 4221,
    "price": {
      "basicPrice": 0.672,
      "recommendedQuantity": "8.0",
      "measurementUnitPrice": 2.04,
      "measurementUnit": "L",
      "isRedPrice": false,
      "pricePerUOM": 2.04,
      "activationDate": "05-03-2024",
      "recordSource": "Offline",
      "isPromoActive": "N",
      "priceChangeCode": "H"
    },
    "isAvailable": true,
    "isPriceAvailable": true,
    "inPromo": false,
    "gtin": [
      "08711327582286",
      "08712100824241",
      "08712100824258",
      "08717163937785",
      "08717163937815",
      "08717163938287",
      "08710447794821",
      "08711327582644",
      "08711327582156"
    ],
    "topCategoryName": "Dranken",
    "topCategoryId": "354",
    "businessDomain": "RETAIL_BE",
    "IsPrivateLabel": false,
    "IsBiffe": false,
    "WeightconversionFactor": "0",
    "IsWeightArticle": false,
    "nutriscoreLabel": "D",
    "IsBio": false,
    "CountryOfOrigin": "NEDERLAND",
    "IsExclusivelySoldInLuxembourg": false,
    "OrderUnit": "P",
    "ShortName": "LIPTON PLAT PERZIK 33CL",
    "IsNew": false,
    "RecentQuanityOfStockUnits": "1,8,24,24",
    "LongName": "LIPTON Ice Tea Peach 33cl",
    "AlcoholVolume": "0",
    "FicCode": "E"
  },
  {
    "productId": "333989",
    "technicalArticleNumber": "3814337",
    "commercialArticleNumber": "51201",
    "name": "Gemalen moka RFA",
    "description": "*Sterkte: intense\nkoffie\n*Smaak: robuust,\nkrachtig\n*Gemalen koffie",
    "brand": "GRAINDOR",
    "seoBrand": "Graindor",
    "thumbNail": "https://static.colruytgroup.com/images/200x200/std.lang.all/40/76/asset-3124076.jpg",
    "fullImage": "https://static.colruytgroup.com/images/500x500/std.lang.all/40/76/asset-3124076.jpg",
    "squareImage": "https://static.colruytgroup.com/images/500x500sq/std.lang.all/40/76/asset-3124076.jpg",
    "content": "500g",
    "walkRouteSequenceNumber": 1087,
    "price": {
      "basicPrice": 5.39,
      "recommendedQuantity": "2.0",
      "measurementUnitPrice": 10.78,
      "measurementUnit": "K",
      "isRedPrice": true,
      "redPriceReason": "Promo",
      "referencePrice": 5.69,
      "retentionPeriod": 30,
      "pricePerUOM": 10.78,
      "activationDate": "13-03-2024",
      "isPromoActive": "Y",
      "priceChangeCode": "L"
    },
    "isAvailable": true,
    "isPriceAvailable": true,
    "inPromo": false,
    "gtin": [
      "15400141033004",
      "05400141033007"
    ],
    "topCategoryName": "Dranken",
    "topCategoryId": "354",
    "businessDomain": "RETAIL_BE",
    "IsPrivateLabel": true,
    "IsBiffe": false,
    "WeightconversionFactor": "0",
    "IsWeightArticle": false,
    "nutriscoreLabel": "B",
    "IsBio": false,
    "CountryOfOrigin": "BELGIË",
    "IsExclusivelySoldInLuxembourg": false,
    "OrderUnit": "P",
    "ShortName": "GRAI MOKA VAC 500G",
    "IsNew": false,
    "EcoscoreLabel": "B",
    "RecentQuanityOfStockUnits": "2,1",
    "LongName": "GRAINDOR Gemalen moka RFA 500g",
    "AlcoholVolume": "0",
    "FicCode": "I",
    "EcoscoreValue": "60"
  },
  {
    "productId": "681384",
    "technicalArticleNumber": "4400948",
    "commercialArticleNumber": "24636",
    "name": "limonade Exotic Fit",
    "description": "*Bruisende limonade",
    "brand": "TÖNISSTEINER",
    "seoBrand": "Tönissteiner",
    "thumbNail": "https://static.colruytgroup.com/images/200x200/std.lang.all/46/60/asset-2384660.jpg",
    "fullImage": "https://static.colruytgroup.com/images/500x500/std.lang.all/46/60/asset-2384660.jpg",
    "squareImage": "https://static.colruytgroup.com/images/500x500sq/std.lang.all/46/60/asset-2384660.jpg",
    "content": "33cl",
    "walkRouteSequenceNumber": 4273,
    "price": {
      "basicPrice": 1.01,
      "recommendedQuantity": "6.0",
      "quantityPrice": 0.97,
      "quantityPriceQuantity": "24.0",
      "measurementUnitPrice": 3.07,
      "measurementUnitQuantityPrice": 2.94,
      "measurementUnit": "L",
      "isRedPrice": false,
      "pricePerUOM": 3.07,
      "activationDate": "19-03-2024",
      "recordSource": "Offline",
      "isPromoActive": "N",
      "priceChangeCode": "H",
      "quantityPricePerUOM": 2.94,
      "quantityActivationDate": "19-03-2024",
      "quantityPriceChangeCode": "H"
    },
    "isAvailable": true,
    "isPriceAvailable": true,
    "inPromo": false,
    "gtin": [
      "04002968032891",
      "04002968031894",
      "04002968231898"
    ],
    "topCategoryName": "Dranken",
    "topCategoryId": "354",
    "businessDomain": "RETAIL_BE",
    "IsPrivateLabel": false,
    "IsBiffe": false,
    "WeightconversionFactor": "0",
    "IsWeightArticle": false,
    "nutriscoreLabel": "B",
    "IsBio": false,
    "CountryOfOrigin": "DUITSLAND",
    "IsExclusivelySoldInLuxembourg": false,
    "OrderUnit": "P",
    "ShortName": "TONI LIMO EXOT.FIT 33CL",
    "IsNew": false,
    "RecentQuanityOfStockUnits": "6,1,24",
    "LongName": "TÖNISSTEINER limonade Exotic Fit 33cl",
    "FicCode": "E"
  },
  {
    "productId": "584511",
    "technicalArticleNumber": "4239563",
    "commercialArticleNumber": "19170",
    "name": "Blue Ice Isotonic",
    "brand": "AQUARIUS",
    "seoBrand": "Aquarius",
    "thumbNail": "https://static.colruytgroup.com/images/200x200/std.lang.all/37/13/asset-3243713.jpg",
    "fullImage": "https://static.colruytgroup.com/images/500x500/std.lang.all/37/13/asset-3243713.jpg",
    "squareImage": "https://static.colruytgroup.com/images/500x500sq/std.lang.all/37/13/asset-3243713.jpg",
    "content": "50cl",
    "walkRouteSequenceNumber": 4732,
    "price": {
      "basicPrice": 1.34,
      "recommendedQuantity": "6.0",
      "measurementUnitPrice": 2.68,
      "measurementUnit": "L",
      "isRedPrice": false,
      "pricePerUOM": 2.68,
      "activationDate": "23-03-2024",
      "recordSource": "Folder",
      "isPromoActive": "N",
      "priceChangeCode": "E"
    },
    "isAvailable": true,
    "isPriceAvailable": true,
    "inPromo": false,
    "gtin": [
      "05449000268518",
      "05449000268525",
      "05449000268556"
    ],
    "topCategoryName": "Dranken",
    "topCategoryId": "354",
    "businessDomain": "RETAIL_BE",
    "IsPrivateLabel": false,
    "IsBiffe": false,
    "WeightconversionFactor": "0",
    "IsWeightArticle": false,
    "nutriscoreLabel": "D",
    "IsBio": false,
    "CountryOfOrigin": "VERENIGD KONINKRIJK",
    "IsExclusivelySoldInLuxembourg": false,
    "OrderUnit": "P",
    "ShortName": "AQUA BLUE ICE ISOT 50CL",
    "InSeason": true,
    "IsNew": false,
    "RecentQuanityOfStockUnits": "1,6,24",
    "LongName": "AQUARIUS Blue Ice Isotonic 50cl",
    "StartSeasonDate": "18/05/2022",
    "FicCode": "E"
  },
  {
    "productId": "331924",
    "technicalArticleNumber": "3814388",
    "commercialArticleNumber": "51216",
    "name": "Bonen Dessert RFA",
    "description": "*Sterkte: Zachte\nkoffie\n*Smaak: pittig\n*Koffiebonen",
    "brand": "GRAINDOR",
    "seoBrand": "Graindor",
    "thumbNail": "https://static.colruytgroup.com/images/200x200/std.lang.all/73/77/asset-2007377.jpg",
    "fullImage": "https://static.colruytgroup.com/images/500x500/std.lang.all/73/77/asset-2007377.jpg",
    "squareImage": "https://static.colruytgroup.com/images/500x500sq/std.lang.all/73/77/asset-2007377.jpg",
    "content": "500g",
    "walkRouteSequenceNumber": 1013,
    "price": {
      "basicPrice": 5.49,
      "recommendedQuantity": "1.0",
      "measurementUnitPrice": 10.98,
      "measurementUnit": "K",
      "isRedPrice": false,
      "pricePerUOM": 10.98,
      "activationDate": "14-03-2024",
      "recordSource": "Offline",
      "isPromoActive": "N",
      "priceChangeCode": "E"
    },
    "isAvailable": true,
    "isPriceAvailable": true,
    "inPromo": false,
    "gtin": [
      "05400141034288",
      "35400141034289"
    ],
    "topCategoryName": "Dranken",
    "topCategoryId": "354",
    "businessDomain": "RETAIL_BE",
    "IsPrivateLabel": true,
    "IsBiffe": false,
    "WeightconversionFactor": "0",
    "IsWeightArticle": false,
    "nutriscoreLabel": "B",
    "IsBio": false,
    "CountryOfOrigin": "BELGIË",
    "IsExclusivelySoldInLuxembourg": false,
    "OrderUnit": "P",
    "ShortName": "GRAI DESSERT BONEN 500G",
    "IsNew": false,
    "EcoscoreLabel": "C",
    "RecentQuanityOfStockUnits": "1,8",
    "LongName": "GRAINDOR Bonen Dessert RFA 500g",
    "AlcoholVolume": "0",
    "FicCode": "I",
    "EcoscoreValue": "59"
  },
  {
    "productId": "401",
    "technicalArticleNumber": "5346",
    "commercialArticleNumber": "5346",
    "name": "Lemon bruisend",
    "description": "*Smaak: citroen\n*Bruisend\n*Suiker,zoetstoffen\n*Bevat kinine",
    "brand": "GINI",
    "seoBrand": "Gini",
    "thumbNail": "https://static.colruytgroup.com/images/200x200/std.lang.all/75/26/asset-2037526.jpg",
    "fullImage": "https://static.colruytgroup.com/images/500x500/std.lang.all/75/26/asset-2037526.jpg",
    "squareImage": "https://static.colruytgroup.com/images/500x500sq/std.lang.all/75/26/asset-2037526.jpg",
    "content": "33cl",
    "walkRouteSequenceNumber": 4327,
    "price": {
      "basicPrice": 0.665,
      "recommendedQuantity": "6.0",
      "measurementUnitPrice": 2.02,
      "measurementUnit": "L",
      "isRedPrice": false,
      "pricePerUOM": 2.02,
      "activationDate": "17-02-2024",
      "recordSource": "Offline",
      "isPromoActive": "N",
      "priceChangeCode": "L"
    },
    "isAvailable": true,
    "isPriceAvailable": true,
    "inPromo": false,
    "gtin": [
      "05410221106507",
      "05410221205354",
      "05410221305320",
      "03124482002318"
    ],
    "topCategoryName": "Dranken",
    "topCategoryId": "354",
    "businessDomain": "RETAIL_BE",
    "IsPrivateLabel": false,
    "IsBiffe": false,
    "WeightconversionFactor": "0",
    "IsWeightArticle": false,
    "nutriscoreLabel": "E",
    "IsBio": false,
    "CountryOfOrigin": "FRANKRIJK",
    "IsExclusivelySoldInLuxembourg": false,
    "OrderUnit": "P",
    "ShortName": "GINI BLIK 33 CL.",
    "IsNew": false,
    "RecentQuanityOfStockUnits": "24,6,1",
    "LongName": "GINI Lemon bruisend 33cl",
    "AlcoholVolume": "0",
    "FicCode": "E"
  },
  {
    "productId": "404",
    "technicalArticleNumber": "5353",
    "commercialArticleNumber": "5353",
    "name": "ginger ale bruisend",
    "description": "*Bruisend\n*Suiker, zoetstoffen",
    "brand": "CANADA DRY",
    "seoBrand": "Canada Dry",
    "thumbNail": "https://static.colruytgroup.com/images/200x200/std.lang.all/62/85/asset-3156285.jpg",
    "fullImage": "https://static.colruytgroup.com/images/500x500/std.lang.all/62/85/asset-3156285.jpg",
    "squareImage": "https://static.colruytgroup.com/images/500x500sq/std.lang.all/62/85/asset-3156285.jpg",
    "content": "33cl",
    "walkRouteSequenceNumber": 4236,
    "price": {
      "basicPrice": 0.991,
      "recommendedQuantity": "6.0",
      "quantityPrice": 0.95,
      "quantityPriceQuantity": "24.0",
      "measurementUnitPrice": 3.01,
      "measurementUnitQuantityPrice": 2.89,
      "measurementUnit": "L",
      "isRedPrice": false,
      "pricePerUOM": 3.01,
      "activationDate": "01-03-2024",
      "recordSource": "Online",
      "isPromoActive": "N",
      "priceChangeCode": "H",
      "quantityPricePerUOM": 2.89,
      "quantityActivationDate": "01-03-2024",
      "quantityPriceChangeCode": "E"
    },
    "isAvailable": true,
    "isPriceAvailable": true,
    "inPromo": false,
    "gtin": [
      "03124480000347",
      "03124480000415",
      "03124482000376",
      "03124488197353",
      "03124480197344",
      "03124480197351"
    ],
    "topCategoryName": "Dranken",
    "topCategoryId": "354",
    "businessDomain": "RETAIL_BE",
    "IsPrivateLabel": false,
    "IsBiffe": false,
    "WeightconversionFactor": "0",
    "IsWeightArticle": false,
    "nutriscoreLabel": "E",
    "IsBio": false,
    "CountryOfOrigin": "FRANKRIJK",
    "IsExclusivelySoldInLuxembourg": false,
    "OrderUnit": "P",
    "ShortName": "CADR GINGER ALE 33CL",
    "IsNew": false,
    "RecentQuanityOfStockUnits": "1,24,6",
    "LongName": "CANADA DRY ginger ale bruisend 33cl",
    "AlcoholVolume": "0",
    "FicCode": "E"
  },
  {
    "productId": "11166",
    "technicalArticleNumber": "1350955",
    "commercialArticleNumber": "5321",
    "name": "bruisend water",
    "description": "*Mineraalwater\n*Bruisend\n*Droogrest: 480 mg/l",
    "brand": "PERRIER",
    "seoBrand": "Perrier",
    "thumbNail": "https://static.colruytgroup.com/images/200x200/std.lang.all/86/87/asset-2048687.jpg",
    "fullImage": "https://static.colruytgroup.com/images/500x500/std.lang.all/86/87/asset-2048687.jpg",
    "squareImage": "https://static.colruytgroup.com/images/500x500sq/std.lang.all/86/87/asset-2048687.jpg",
    "content": "50cl",
    "walkRouteSequenceNumber": 3910,
    "price": {
      "basicPrice": 0.69,
      "recommendedQuantity": "6.0",
      "measurementUnitPrice": 1.38,
      "measurementUnit": "L",
      "isRedPrice": false,
      "pricePerUOM": 1.38,
      "activationDate": "14-03-2024",
      "recordSource": "Offline",
      "isPromoActive": "N",
      "priceChangeCode": "E"
    },
    "isAvailable": true,
    "isPriceAvailable": true,
    "inPromo": false,
    "gtin": [
      "03179730004804",
      "03179730121884",
      "03179730005306",
      "03179730001001"
    ],
    "topCategoryName": "Dranken",
    "topCategoryId": "354",
    "businessDomain": "RETAIL_BE",
    "IsPrivateLabel": false,
    "IsBiffe": false,
    "WeightconversionFactor": "0",
    "IsWeightArticle": false,
    "nutriscoreLabel": "A",
    "IsBio": false,
    "CountryOfOrigin": "FRANKRIJK",
    "IsExclusivelySoldInLuxembourg": false,
    "OrderUnit": "P",
    "ShortName": "PERRIER NAT 50CL PET",
    "IsNew": false,
    "RecentQuanityOfStockUnits": "1,24,6",
    "LongName": "PERRIER bruisend water 50cl",
    "AlcoholVolume": "0",
    "FicCode": "E"
  },
  {
    "productId": "11612",
    "technicalArticleNumber": "1356099",
    "commercialArticleNumber": "5355",
    "name": "Sugarfree energiedrank",
    "description": "*Energiedrank\n*Taurine/cafeïne\n*Met zoetstoffen",
    "brand": "RED BULL",
    "seoBrand": "Red Bull",
    "thumbNail": "https://static.colruytgroup.com/images/200x200/std.lang.all/95/76/asset-389576.jpg",
    "fullImage": "https://static.colruytgroup.com/images/500x500/std.lang.all/95/76/asset-389576.jpg",
    "squareImage": "https://static.colruytgroup.com/images/500x500sq/std.lang.all/95/76/asset-389576.jpg",
    "content": "25cl",
    "walkRouteSequenceNumber": 4682,
    "price": {
      "basicPrice": 0.996,
      "recommendedQuantity": "6.0",
      "measurementUnitPrice": 3.99,
      "measurementUnit": "L",
      "isRedPrice": false,
      "pricePerUOM": 3.99,
      "activationDate": "23-03-2024",
      "recordSource": "Folder",
      "isPromoActive": "N",
      "priceChangeCode": "E"
    },
    "isAvailable": true,
    "isPriceAvailable": true,
    "inPromo": false,
    "gtin": [
      "09002490200411",
      "00000090162800",
      "09002490200237",
      "09002490200404"
    ],
    "topCategoryName": "Dranken",
    "topCategoryId": "354",
    "businessDomain": "RETAIL_BE",
    "IsPrivateLabel": false,
    "IsBiffe": false,
    "WeightconversionFactor": "0",
    "IsWeightArticle": false,
    "nutriscoreLabel": "B",
    "IsBio": false,
    "CountryOfOrigin": "OOSTENRIJK",
    "IsExclusivelySoldInLuxembourg": false,
    "OrderUnit": "P",
    "ShortName": "RED BULL SUGARFREE 25CL",
    "IsNew": false,
    "RecentQuanityOfStockUnits": "1,6,24",
    "LongName": "RED BULL Sugarfree energiedrank 25cl",
    "AlcoholVolume": "0",
    "FicCode": "E"
  },
  {
    "productId": "405",
    "technicalArticleNumber": "5356",
    "commercialArticleNumber": "5356",
    "name": "pils 5,2% blik",
    "description": "*Pilsbier\n*5,2 % vol",
    "brand": "STELLA ARTOIS",
    "seoBrand": "Stella Artois",
    "thumbNail": "https://static.colruytgroup.com/images/200x200/std.lang.all/15/06/asset-1901506.jpg",
    "fullImage": "https://static.colruytgroup.com/images/500x500/std.lang.all/15/06/asset-1901506.jpg",
    "squareImage": "https://static.colruytgroup.com/images/500x500sq/std.lang.all/15/06/asset-1901506.jpg",
    "content": "33cl",
    "walkRouteSequenceNumber": 3837,
    "price": {
      "basicPrice": 0.831,
      "recommendedQuantity": "12.0",
      "measurementUnitPrice": 2.53,
      "measurementUnit": "L",
      "isRedPrice": false,
      "pricePerUOM": 2.53,
      "activationDate": "20-03-2024",
      "recordSource": "Folder",
      "isPromoActive": "N",
      "priceChangeCode": "L"
    },
    "isAvailable": true,
    "isPriceAvailable": true,
    "inPromo": false,
    "gtin": [
      "05410228104445",
      "05410228141303",
      "05410228156338",
      "05410228261544",
      "05410228261551"
    ],
    "topCategoryName": "Dranken",
    "topCategoryId": "354",
    "businessDomain": "RETAIL_BE",
    "IsPrivateLabel": false,
    "IsBiffe": false,
    "WeightconversionFactor": "0",
    "IsWeightArticle": false,
    "IsBio": false,
    "CountryOfOrigin": "BELGIË",
    "IsExclusivelySoldInLuxembourg": false,
    "OrderUnit": "P",
    "ShortName": "STEL PILS BLIK 33CL",
    "InSeason": true,
    "IsNew": false,
    "RecentQuanityOfStockUnits": "1,24,12",
    "LongName": "STELLA ARTOIS pils 5,2% blik 33cl",
    "AlcoholVolume": "5.2",
    "StartSeasonDate": "22/12/2005",
    "FicCode": "E"
  },
  {
    "productId": "192790",
    "technicalArticleNumber": "3456025",
    "commercialArticleNumber": "13272",
    "name": "Iced Tea Lemon niet-bruisend",
    "description": "*Smaak: citroen\n*Niet-bruisend",
    "brand": "BONI",
    "seoBrand": "Boni Selection",
    "thumbNail": "https://static.colruytgroup.com/images/200x200/std.lang.all/11/02/asset-3261102.jpg",
    "fullImage": "https://static.colruytgroup.com/images/500x500/std.lang.all/11/02/asset-3261102.jpg",
    "squareImage": "https://static.colruytgroup.com/images/500x500sq/std.lang.all/11/02/asset-3261102.jpg",
    "content": "1,5L",
    "walkRouteSequenceNumber": 4193,
    "price": {
      "basicPrice": 0.89,
      "recommendedQuantity": "6.0",
      "measurementUnitPrice": 0.6,
      "measurementUnit": "L",
      "isRedPrice": false,
      "pricePerUOM": 0.6,
      "activationDate": "31-03-2023",
      "recordSource": "Offline",
      "isPromoActive": "N",
      "priceChangeCode": "E"
    },
    "isAvailable": true,
    "isPriceAvailable": true,
    "inPromo": false,
    "gtin": [
      "15400141295143",
      "05400141295146",
      "05400141038613",
      "15400141038610",
      "05400141378931",
      "15400141819257",
      "05400141819250"
    ],
    "topCategoryName": "Dranken",
    "topCategoryId": "354",
    "businessDomain": "RETAIL_BE",
    "IsPrivateLabel": true,
    "IsBiffe": false,
    "WeightconversionFactor": "0",
    "IsWeightArticle": false,
    "nutriscoreLabel": "C",
    "IsBio": false,
    "CountryOfOrigin": "DUITSLAND",
    "IsExclusivelySoldInLuxembourg": false,
    "OrderUnit": "P",
    "ShortName": "BONI ICED TEA LEMON1.5L",
    "IsNew": false,
    "RecentQuanityOfStockUnits": "1,6,1",
    "LongName": "BONI Iced Tea Lemon niet-bruisend 1,5L",
    "AlcoholVolume": "0",
    "FicCode": "I"
  },
  {
    "productId": "19145",
    "technicalArticleNumber": "1773899",
    "commercialArticleNumber": "5066",
    "name": "No sugar",
    "description": "*Bruisend\n*Met zoetstoffen",
    "brand": "SPRITE",
    "seoBrand": "Sprite Zero",
    "thumbNail": "https://static.colruytgroup.com/images/200x200/std.lang.all/75/23/asset-3367523.jpg",
    "fullImage": "https://static.colruytgroup.com/images/500x500/std.lang.all/75/23/asset-3367523.jpg",
    "squareImage": "https://static.colruytgroup.com/images/500x500sq/std.lang.all/75/23/asset-3367523.jpg",
    "content": "1,5L",
    "walkRouteSequenceNumber": 4322,
    "price": {
      "basicPrice": 2.12,
      "recommendedQuantity": "6.0",
      "measurementUnitPrice": 1.42,
      "measurementUnit": "L",
      "isRedPrice": false,
      "pricePerUOM": 1.42,
      "activationDate": "20-03-2024",
      "recordSource": "Offline",
      "isPromoActive": "N",
      "priceChangeCode": "H"
    },
    "isAvailable": true,
    "isPriceAvailable": true,
    "inPromo": false,
    "gtin": [
      "05449000110039",
      "05449000130624"
    ],
    "topCategoryName": "Dranken",
    "topCategoryId": "354",
    "businessDomain": "RETAIL_BE",
    "IsPrivateLabel": false,
    "IsBiffe": false,
    "WeightconversionFactor": "0",
    "IsWeightArticle": false,
    "nutriscoreLabel": "C",
    "IsBio": false,
    "CountryOfOrigin": "BELGIË",
    "IsExclusivelySoldInLuxembourg": false,
    "OrderUnit": "P",
    "ShortName": "SPRI NO SUGAR 1L5 .",
    "IsNew": false,
    "RecentQuanityOfStockUnits": "1,6",
    "LongName": "SPRITE No sugar 1,5L",
    "AlcoholVolume": "0",
    "FicCode": "E"
  },
  {
    "productId": "565687",
    "technicalArticleNumber": "4207235",
    "commercialArticleNumber": "16048",
    "name": "limonade Pink Fit",
    "brand": "TÖNISSTEINER",
    "seoBrand": "Tönissteiner",
    "thumbNail": "https://static.colruytgroup.com/images/200x200/std.lang.all/41/51/asset-1994151.jpg",
    "fullImage": "https://static.colruytgroup.com/images/500x500/std.lang.all/41/51/asset-1994151.jpg",
    "squareImage": "https://static.colruytgroup.com/images/500x500sq/std.lang.all/41/51/asset-1994151.jpg",
    "content": "33cl",
    "walkRouteSequenceNumber": 4274,
    "price": {
      "basicPrice": 1.02,
      "recommendedQuantity": "6.0",
      "quantityPrice": 0.98,
      "quantityPriceQuantity": "24.0",
      "measurementUnitPrice": 3.1,
      "measurementUnitQuantityPrice": 2.97,
      "measurementUnit": "L",
      "isRedPrice": false,
      "pricePerUOM": 3.1,
      "activationDate": "09-03-2024",
      "recordSource": "Offline",
      "isPromoActive": "N",
      "priceChangeCode": "L",
      "quantityPricePerUOM": 2.97,
      "quantityActivationDate": "09-03-2024",
      "quantityPriceChangeCode": "L"
    },
    "isAvailable": true,
    "isPriceAvailable": true,
    "inPromo": false,
    "gtin": [
      "04002968231799",
      "04002968131792",
      "04002968031795"
    ],
    "topCategoryName": "Dranken",
    "topCategoryId": "354",
    "businessDomain": "RETAIL_BE",
    "IsPrivateLabel": false,
    "IsBiffe": false,
    "WeightconversionFactor": "0",
    "IsWeightArticle": false,
    "nutriscoreLabel": "B",
    "IsBio": false,
    "CountryOfOrigin": "DUITSLAND",
    "IsExclusivelySoldInLuxembourg": false,
    "OrderUnit": "P",
    "ShortName": "TONI LIMO PINK FIT 33CL",
    "IsNew": false,
    "RecentQuanityOfStockUnits": "6,1,24",
    "LongName": "TÖNISSTEINER limonade Pink Fit 33cl",
    "FicCode": "E"
  },
  {
    "productId": "50575",
    "technicalArticleNumber": "2181336",
    "commercialArticleNumber": "6776",
    "name": "chocolademelk PET",
    "brand": "CÉCÉMEL",
    "seoBrand": "Cécémel",
    "thumbNail": "https://static.colruytgroup.com/images/200x200/std.lang.all/07/33/asset-2400733.jpg",
    "fullImage": "https://static.colruytgroup.com/images/500x500/std.lang.all/07/33/asset-2400733.jpg",
    "squareImage": "https://static.colruytgroup.com/images/500x500sq/std.lang.all/07/33/asset-2400733.jpg",
    "content": "30cl",
    "walkRouteSequenceNumber": 6345,
    "price": {
      "basicPrice": 1.54,
      "recommendedQuantity": "6.0",
      "measurementUnitPrice": 5.14,
      "measurementUnit": "L",
      "isRedPrice": false,
      "pricePerUOM": 5.14,
      "activationDate": "19-03-2024",
      "recordSource": "Offline",
      "isPromoActive": "N",
      "priceChangeCode": "L"
    },
    "isAvailable": true,
    "isPriceAvailable": true,
    "inPromo": false,
    "gtin": [
      "05400141033892",
      "05410438035966",
      "05410438035973"
    ],
    "topCategoryName": "Zuivel",
    "topCategoryId": "65",
    "businessDomain": "RETAIL_BE",
    "IsPrivateLabel": false,
    "IsBiffe": false,
    "WeightconversionFactor": "0",
    "IsWeightArticle": false,
    "nutriscoreLabel": "E",
    "IsBio": false,
    "CountryOfOrigin": "BELGIË",
    "IsExclusivelySoldInLuxembourg": false,
    "OrderUnit": "P",
    "ShortName": "CECE CHOCOMELK PET 30CL",
    "InSeason": true,
    "IsNew": false,
    "EcoscoreLabel": "B",
    "RecentQuanityOfStockUnits": "6,12,1",
    "LongName": "CÉCÉMEL chocolademelk PET 30cl",
    "AlcoholVolume": "0",
    "StartSeasonDate": "10/02/2015",
    "FicCode": "E",
    "EcoscoreValue": "74"
  },
  {
    "productId": "372",
    "technicalArticleNumber": "5014",
    "commercialArticleNumber": "5014",
    "name": "limonade citroen",
    "description": "*Bruisende limonade\n*Smaak: citroen",
    "brand": "EVERYDAY",
    "seoBrand": "Everyday",
    "thumbNail": "https://static.colruytgroup.com/images/200x200/nl_be/07/58/asset-640758.jpg",
    "fullImage": "https://static.colruytgroup.com/images/500x500/nl_be/07/58/asset-640758.jpg",
    "squareImage": "https://static.colruytgroup.com/images/500x500sq/nl_be/07/58/asset-640758.jpg",
    "content": "1,5L",
    "walkRouteSequenceNumber": 3985,
    "price": {
      "basicPrice": 0.65,
      "recommendedQuantity": "6.0",
      "measurementUnitPrice": 0.434,
      "measurementUnit": "L",
      "isRedPrice": false,
      "pricePerUOM": 0.434,
      "activationDate": "23-03-2024",
      "recordSource": "Offline",
      "isPromoActive": "N",
      "priceChangeCode": "H"
    },
    "isAvailable": true,
    "isPriceAvailable": true,
    "inPromo": false,
    "gtin": [
      "05400141026153",
      "05400141079494",
      "05400141086836",
      "05400141086843"
    ],
    "topCategoryName": "Dranken",
    "topCategoryId": "354",
    "businessDomain": "RETAIL_BE",
    "IsPrivateLabel": true,
    "IsBiffe": false,
    "WeightconversionFactor": "0",
    "IsWeightArticle": false,
    "nutriscoreLabel": "D",
    "IsBio": false,
    "CountryOfOrigin": "BELGIË",
    "IsExclusivelySoldInLuxembourg": false,
    "OrderUnit": "P",
    "ShortName": "EVD CITROEN 1L5",
    "IsNew": false,
    "RecentQuanityOfStockUnits": "1,6",
    "LongName": "EVERYDAY limonade citroen 1,5L",
    "AlcoholVolume": "0",
    "FicCode": "I"
  },
  {
    "productId": "1876",
    "technicalArticleNumber": "26282",
    "commercialArticleNumber": "26282",
    "name": "Karnemelk natuur",
    "brand": "BALADE",
    "seoBrand": "Balade",
    "thumbNail": "https://static.colruytgroup.com/images/200x200/nl_be/64/49/asset-3226449.jpg",
    "fullImage": "https://static.colruytgroup.com/images/500x500/nl_be/64/49/asset-3226449.jpg",
    "squareImage": "https://static.colruytgroup.com/images/500x500sq/nl_be/64/49/asset-3226449.jpg",
    "content": "1L",
    "walkRouteSequenceNumber": 5734,
    "price": {
      "basicPrice": 2.55,
      "recommendedQuantity": "1.0",
      "quantityPrice": 2.2,
      "quantityPriceQuantity": "2.0",
      "measurementUnitPrice": 2.55,
      "measurementUnitQuantityPrice": 2.2,
      "measurementUnit": "L",
      "isRedPrice": false,
      "pricePerUOM": 2.55,
      "activationDate": "14-03-2024",
      "recordSource": "Offline",
      "isPromoActive": "N",
      "priceChangeCode": "E",
      "quantityPricePerUOM": 2.2,
      "quantityActivationDate": "14-03-2024",
      "quantityPriceChangeCode": "E"
    },
    "isAvailable": true,
    "isPriceAvailable": true,
    "inPromo": false,
    "gtin": [
      "05411156009666",
      "05411156009697",
      "05411396039843",
      "05411396039850"
    ],
    "topCategoryName": "Zuivel",
    "topCategoryId": "65",
    "businessDomain": "RETAIL_BE",
    "IsPrivateLabel": false,
    "IsBiffe": false,
    "WeightconversionFactor": "0",
    "IsWeightArticle": false,
    "nutriscoreLabel": "B",
    "IsBio": false,
    "CountryOfOrigin": "LUXEMBURG",
    "IsExclusivelySoldInLuxembourg": false,
    "OrderUnit": "P",
    "ShortName": "BALA KARNEMELK NATUUR1L",
    "IsNew": false,
    "RecentQuanityOfStockUnits": "1,8",
    "LongName": "BALADE Karnemelk natuur 1L",
    "AlcoholVolume": "0",
    "FicCode": "E"
  },
  {
    "productId": "399",
    "technicalArticleNumber": "5339",
    "commercialArticleNumber": "5339",
    "name": "Bruisend",
    "description": "*Bruisende limonade\n*Suiker, zoetstoffen",
    "brand": "SPRITE",
    "seoBrand": "Sprite",
    "thumbNail": "https://static.colruytgroup.com/images/200x200/std.lang.all/37/02/asset-3243702.jpg",
    "fullImage": "https://static.colruytgroup.com/images/500x500/std.lang.all/37/02/asset-3243702.jpg",
    "squareImage": "https://static.colruytgroup.com/images/500x500sq/std.lang.all/37/02/asset-3243702.jpg",
    "content": "33cl",
    "walkRouteSequenceNumber": 3996,
    "price": {
      "basicPrice": 0.798,
      "recommendedQuantity": "15.0",
      "measurementUnitPrice": 2.42,
      "measurementUnit": "L",
      "isRedPrice": false,
      "pricePerUOM": 2.42,
      "activationDate": "22-03-2024",
      "recordSource": "Offline",
      "isPromoActive": "Y",
      "priceChangeCode": "E"
    },
    "isAvailable": true,
    "isPriceAvailable": true,
    "inPromo": true,
    "promotion": [
      {
        "techPromoId": "100843COLR",
        "promotionId": "100843",
        "promotionType": "3",
        "isPersonalized": "N",
        "publicationStartDate": "13-03-2024",
        "publicationEndDate": "26-03-2024"
      }
    ],
    "gtin": [
      "05449000288462",
      "05449000214775",
      "05449000990754",
      "05449000289087",
      "05449000038531",
      "05449000014535",
      "05449000191922"
    ],
    "topCategoryName": "Dranken",
    "topCategoryId": "354",
    "businessDomain": "RETAIL_BE",
    "IsPrivateLabel": false,
    "IsBiffe": false,
    "WeightconversionFactor": "0",
    "IsWeightArticle": false,
    "nutriscoreLabel": "E",
    "IsBio": false,
    "CountryOfOrigin": "FRANKRIJK",
    "IsExclusivelySoldInLuxembourg": false,
    "OrderUnit": "P",
    "ShortName": "SPRITE BLIK 33CL",
    "IsNew": false,
    "RecentQuanityOfStockUnits": "1,30,15",
    "LongName": "SPRITE Bruisend 33cl",
    "AlcoholVolume": "0",
    "FicCode": "E"
  },
  {
    "productId": "373",
    "technicalArticleNumber": "5016",
    "commercialArticleNumber": "5016",
    "name": "pils 5,2% bak",
    "description": "*Pilsbier\n*5,2 % vol",
    "brand": "MAES",
    "seoBrand": "Maes",
    "thumbNail": "https://static.colruytgroup.com/images/200x200/std.lang.all/57/63/asset-3245763.jpg",
    "fullImage": "https://static.colruytgroup.com/images/500x500/std.lang.all/57/63/asset-3245763.jpg",
    "squareImage": "https://static.colruytgroup.com/images/500x500sq/std.lang.all/57/63/asset-3245763.jpg",
    "content": "24x25cl",
    "walkRouteSequenceNumber": 3886,
    "price": {
      "basicPrice": 15.59,
      "recommendedQuantity": "1.0",
      "measurementUnitPrice": 2.6,
      "measurementUnit": "L",
      "isRedPrice": false,
      "pricePerUOM": 2.6,
      "activationDate": "14-03-2024",
      "recordSource": "Offline",
      "isPromoActive": "N",
      "priceChangeCode": "H"
    },
    "isAvailable": true,
    "isPriceAvailable": true,
    "inPromo": false,
    "gtin": [
      "00000054017016",
      "05410263006278",
      "05410263006964",
      "05410263915754",
      "05410263912807"
    ],
    "topCategoryName": "Dranken",
    "topCategoryId": "354",
    "businessDomain": "RETAIL_BE",
    "IsPrivateLabel": false,
    "IsBiffe": false,
    "WeightconversionFactor": "0",
    "IsWeightArticle": false,
    "IsBio": false,
    "CountryOfOrigin": "BELGIË",
    "IsExclusivelySoldInLuxembourg": false,
    "OrderUnit": "P",
    "ShortName": "MAES PILS 24X25CL",
    "IsNew": false,
    "EcoscoreLabel": "B",
    "RecentQuanityOfStockUnits": "1",
    "LongName": "MAES pils 5,2% bak 24x25cl",
    "AlcoholVolume": "5.2",
    "FicCode": "E",
    "DepositValue": [
      4.5
    ],
    "EcoscoreValue": "69"
  },
  {
    "productId": "110239",
    "technicalArticleNumber": "3087943",
    "commercialArticleNumber": "41372",
    "name": "tonic Mediterranean",
    "description": "*Bruisend\n*Bevat kinine\n*Kruidige tonic",
    "brand": "FEVER-TREE",
    "seoBrand": "Fever-Tree",
    "thumbNail": "https://static.colruytgroup.com/images/200x200/std.lang.all/00/40/asset-600040.jpg",
    "fullImage": "https://static.colruytgroup.com/images/500x500/std.lang.all/00/40/asset-600040.jpg",
    "squareImage": "https://static.colruytgroup.com/images/500x500sq/std.lang.all/00/40/asset-600040.jpg",
    "content": "4x20cl",
    "walkRouteSequenceNumber": 766,
    "price": {
      "basicPrice": 5.19,
      "recommendedQuantity": "1.0",
      "measurementUnitPrice": 6.49,
      "measurementUnit": "L",
      "isRedPrice": false,
      "pricePerUOM": 6.49,
      "activationDate": "21-02-2024",
      "recordSource": "Offline",
      "isPromoActive": "N",
      "priceChangeCode": "H"
    },
    "isAvailable": true,
    "isPriceAvailable": true,
    "inPromo": false,
    "gtin": [
      "05060108450508",
      "05060108450515",
      "05060108450539"
    ],
    "topCategoryName": "Dranken",
    "topCategoryId": "354",
    "businessDomain": "RETAIL_BE",
    "IsPrivateLabel": false,
    "IsBiffe": false,
    "WeightconversionFactor": "0",
    "IsWeightArticle": false,
    "nutriscoreLabel": "D",
    "IsBio": false,
    "CountryOfOrigin": "VERENIGD KONINKRIJK",
    "IsExclusivelySoldInLuxembourg": false,
    "OrderUnit": "P",
    "ShortName": "FEV TREE MED.TON.4X200",
    "IsNew": false,
    "RecentQuanityOfStockUnits": "1,6",
    "LongName": "FEVER-TREE tonic Mediterranean 4x20cl",
    "AlcoholVolume": "0",
    "FicCode": "E"
  },
  {
    "productId": "84337",
    "technicalArticleNumber": "3016220",
    "commercialArticleNumber": "15729",
    "name": "Yellow Label",
    "description": "*Zwarte thee",
    "brand": "LIPTON",
    "seoBrand": "Lipton",
    "thumbNail": "https://static.colruytgroup.com/images/200x200/std.lang.all/34/88/asset-3183488.jpg",
    "fullImage": "https://static.colruytgroup.com/images/500x500/std.lang.all/34/88/asset-3183488.jpg",
    "squareImage": "https://static.colruytgroup.com/images/500x500sq/std.lang.all/34/88/asset-3183488.jpg",
    "content": "100st",
    "walkRouteSequenceNumber": 1273,
    "price": {
      "basicPrice": 4.95,
      "recommendedQuantity": "1.0",
      "measurementUnitPrice": 33,
      "measurementUnit": "K",
      "isRedPrice": false,
      "pricePerUOM": 33,
      "activationDate": "11-03-2024",
      "recordSource": "Offline",
      "isPromoActive": "N",
      "priceChangeCode": "H"
    },
    "isAvailable": true,
    "isPriceAvailable": true,
    "inPromo": false,
    "gtin": [
      "08720608019434",
      "08720608019496",
      "08711327516014",
      "08711327516007",
      "08711200756810",
      "08000990100027",
      "05410033800211"
    ],
    "topCategoryName": "Dranken",
    "topCategoryId": "354",
    "businessDomain": "RETAIL_BE",
    "IsPrivateLabel": false,
    "IsBiffe": false,
    "WeightconversionFactor": "0",
    "IsWeightArticle": false,
    "nutriscoreLabel": "B",
    "IsBio": false,
    "CountryOfOrigin": "POLEN",
    "IsExclusivelySoldInLuxembourg": false,
    "OrderUnit": "P",
    "ShortName": "LIPT YELLOW LABEL 100ST",
    "IsNew": false,
    "EcoscoreLabel": "B",
    "RecentQuanityOfStockUnits": "1,1,10",
    "LongName": "LIPTON Yellow Label 100st",
    "AlcoholVolume": "0",
    "FicCode": "E",
    "EcoscoreValue": "79"
  },
  {
    "productId": "14650",
    "technicalArticleNumber": "1592815",
    "commercialArticleNumber": "5165",
    "name": "cola Lemon",
    "description": "*Frisdrank\n*Cola\n*Met zoetstoffen",
    "brand": "PEPSI ZERO SUGAR",
    "seoBrand": "Pepsi Zero Sugar",
    "thumbNail": "https://static.colruytgroup.com/images/200x200/std.lang.all/25/66/asset-3432566.jpg",
    "fullImage": "https://static.colruytgroup.com/images/500x500/std.lang.all/25/66/asset-3432566.jpg",
    "squareImage": "https://static.colruytgroup.com/images/500x500sq/std.lang.all/25/66/asset-3432566.jpg",
    "content": "33cl",
    "walkRouteSequenceNumber": 4344,
    "price": {
      "basicPrice": 0.86,
      "recommendedQuantity": "6.0",
      "quantityPrice": 0.79,
      "quantityPriceQuantity": "24.0",
      "measurementUnitPrice": 2.61,
      "measurementUnitQuantityPrice": 2.4,
      "measurementUnit": "L",
      "isRedPrice": false,
      "pricePerUOM": 2.61,
      "activationDate": "17-02-2024",
      "recordSource": "Online",
      "isPromoActive": "N",
      "priceChangeCode": "E",
      "quantityPricePerUOM": 2.4,
      "quantityActivationDate": "17-02-2024",
      "quantityPriceChangeCode": "E"
    },
    "isAvailable": true,
    "isPriceAvailable": true,
    "inPromo": false,
    "gtin": [
      "04060800145642",
      "05410188033762",
      "05410188033755",
      "05410188033731"
    ],
    "topCategoryName": "Dranken",
    "topCategoryId": "354",
    "businessDomain": "RETAIL_BE",
    "IsPrivateLabel": false,
    "IsBiffe": false,
    "WeightconversionFactor": "0",
    "IsWeightArticle": false,
    "nutriscoreLabel": "B",
    "IsBio": false,
    "CountryOfOrigin": "EUROPA",
    "IsExclusivelySoldInLuxembourg": false,
    "OrderUnit": "P",
    "ShortName": "PEPSI ZS LEMON 33CL",
    "IsNew": false,
    "RecentQuanityOfStockUnits": "24,6,1",
    "LongName": "PEPSI ZERO SUGAR cola Lemon 33cl",
    "AlcoholVolume": "0",
    "FicCode": "E"
  },
  {
    "productId": "88521",
    "technicalArticleNumber": "2932664",
    "commercialArticleNumber": "34113",
    "name": "multivr.nectar brik",
    "description": "*Multivruchtensap\n*Uit sapconcentraat\n*Met 50 % vruchten\n*Zonder pulp",
    "brand": "EVERYDAY",
    "seoBrand": "Everyday",
    "thumbNail": "https://static.colruytgroup.com/images/200x200/std.lang.all/37/65/asset-2513765.jpg",
    "fullImage": "https://static.colruytgroup.com/images/500x500/std.lang.all/37/65/asset-2513765.jpg",
    "squareImage": "https://static.colruytgroup.com/images/500x500sq/std.lang.all/37/65/asset-2513765.jpg",
    "content": "10x20cl",
    "walkRouteSequenceNumber": 4754,
    "price": {
      "basicPrice": 2.99,
      "recommendedQuantity": "1.0",
      "measurementUnitPrice": 1.5,
      "measurementUnit": "L",
      "isRedPrice": false,
      "pricePerUOM": 1.5,
      "activationDate": "02-02-2024",
      "recordSource": "Offline",
      "isPromoActive": "N",
      "priceChangeCode": "E"
    },
    "isAvailable": true,
    "isPriceAvailable": true,
    "inPromo": false,
    "gtin": [
      "15400141046806",
      "15400141108764",
      "05400141124231",
      "05400141108767",
      "05400141029291"
    ],
    "topCategoryName": "Dranken",
    "topCategoryId": "354",
    "businessDomain": "RETAIL_BE",
    "IsPrivateLabel": true,
    "IsBiffe": false,
    "WeightconversionFactor": "0",
    "IsWeightArticle": false,
    "nutriscoreLabel": "B",
    "IsBio": false,
    "CountryOfOrigin": "BELGIË",
    "IsExclusivelySoldInLuxembourg": false,
    "OrderUnit": "P",
    "ShortName": "EVD MULTI VRUCH 10X20CL",
    "IsNew": false,
    "EcoscoreLabel": "E",
    "RecentQuanityOfStockUnits": "3,1",
    "LongName": "EVERYDAY multivr.nectar brik 10x20cl",
    "AlcoholVolume": "0",
    "FicCode": "I",
    "EcoscoreValue": "4"
  },
  {
    "productId": "33959",
    "technicalArticleNumber": "1684300",
    "commercialArticleNumber": "8751",
    "name": "tafelbier bruin 1,1%vol",
    "description": "*Tafelbier\n*1,1 % vol",
    "brand": "PIEDBOEUF",
    "seoBrand": "Piedboeuf",
    "thumbNail": "https://static.colruytgroup.com/images/200x200/std.lang.all/89/47/asset-858947.jpg",
    "fullImage": "https://static.colruytgroup.com/images/500x500/std.lang.all/89/47/asset-858947.jpg",
    "squareImage": "https://static.colruytgroup.com/images/500x500sq/std.lang.all/89/47/asset-858947.jpg",
    "content": "6x33cl",
    "walkRouteSequenceNumber": 3663,
    "price": {
      "basicPrice": 6.24,
      "recommendedQuantity": "1.0",
      "measurementUnitPrice": 3.16,
      "measurementUnit": "L",
      "isRedPrice": false,
      "pricePerUOM": 3.16,
      "activationDate": "27-02-2024",
      "recordSource": "Offline",
      "isPromoActive": "N",
      "priceChangeCode": "H"
    },
    "isAvailable": true,
    "isPriceAvailable": true,
    "inPromo": false,
    "gtin": [
      "05410228858669",
      "05410228141136",
      "00000025087512",
      "05400141087512"
    ],
    "topCategoryName": "Dranken",
    "topCategoryId": "354",
    "businessDomain": "RETAIL_BE",
    "IsPrivateLabel": false,
    "IsBiffe": false,
    "WeightconversionFactor": "0",
    "IsWeightArticle": false,
    "IsBio": false,
    "CountryOfOrigin": "BELGIË",
    "IsExclusivelySoldInLuxembourg": false,
    "OrderUnit": "P",
    "ShortName": "PIEDBOEUF BRUIN 6X33CL",
    "IsNew": false,
    "RecentQuanityOfStockUnits": "1",
    "LongName": "PIEDBOEUF tafelbier bruin 1,1%vol 6x33cl",
    "AlcoholVolume": "1.1",
    "FicCode": "E",
    "DepositValue": [
      0.6
    ]
  },
  {
    "productId": "83824",
    "technicalArticleNumber": "2970277",
    "commercialArticleNumber": "5067",
    "name": "Aranciata Rossa",
    "description": "*Smaak:\nbloedsinaasappel\n*Bruisend",
    "brand": "SAN PELLEGRINO",
    "seoBrand": "San Pellegrino",
    "thumbNail": "https://static.colruytgroup.com/images/200x200/nl_be/46/31/asset-2764631.jpg",
    "fullImage": "https://static.colruytgroup.com/images/500x500/nl_be/46/31/asset-2764631.jpg",
    "squareImage": "https://static.colruytgroup.com/images/500x500sq/nl_be/46/31/asset-2764631.jpg",
    "content": "33cl",
    "walkRouteSequenceNumber": 4269,
    "price": {
      "basicPrice": 0.865,
      "recommendedQuantity": "6.0",
      "measurementUnitPrice": 2.63,
      "measurementUnit": "L",
      "isRedPrice": false,
      "pricePerUOM": 2.63,
      "activationDate": "22-03-2024",
      "recordSource": "Offline",
      "isPromoActive": "N",
      "priceChangeCode": "L"
    },
    "isAvailable": true,
    "isPriceAvailable": true,
    "inPromo": false,
    "gtin": [
      "08002270496806",
      "08002270316531",
      "08002270316548",
      "08002270506802",
      "08002270506796",
      "08002270316555"
    ],
    "topCategoryName": "Dranken",
    "topCategoryId": "354",
    "businessDomain": "RETAIL_BE",
    "IsPrivateLabel": false,
    "IsBiffe": false,
    "WeightconversionFactor": "0",
    "IsWeightArticle": false,
    "nutriscoreLabel": "E",
    "IsBio": false,
    "CountryOfOrigin": "ITALIË",
    "IsExclusivelySoldInLuxembourg": false,
    "OrderUnit": "P",
    "ShortName": "SANP ARANCIATA ROSSA33C",
    "IsNew": false,
    "RecentQuanityOfStockUnits": "1,24,6",
    "LongName": "SAN PELLEGRINO Aranciata Rossa 33cl",
    "AlcoholVolume": "0",
    "FicCode": "E"
  },
  {
    "productId": "397",
    "technicalArticleNumber": "5334",
    "commercialArticleNumber": "5334",
    "name": "Light",
    "description": "*Bruisend\n*Met zoetstoffen\n*Bevat cafeïne",
    "brand": "COCA-COLA",
    "seoBrand": "Coca-Cola Light",
    "thumbNail": "https://static.colruytgroup.com/images/200x200/std.lang.all/80/02/asset-2538002.jpg",
    "fullImage": "https://static.colruytgroup.com/images/500x500/std.lang.all/80/02/asset-2538002.jpg",
    "squareImage": "https://static.colruytgroup.com/images/500x500sq/std.lang.all/80/02/asset-2538002.jpg",
    "content": "33cl",
    "walkRouteSequenceNumber": 4350,
    "price": {
      "basicPrice": 0.831,
      "recommendedQuantity": "15.0",
      "measurementUnitPrice": 2.52,
      "measurementUnit": "L",
      "isRedPrice": false,
      "pricePerUOM": 2.52,
      "activationDate": "16-03-2024",
      "recordSource": "Offline",
      "isPromoActive": "N",
      "priceChangeCode": "H"
    },
    "isAvailable": true,
    "isPriceAvailable": true,
    "inPromo": false,
    "gtin": [
      "05449000115126",
      "05449000050205",
      "05449000288608",
      "05449000288585",
      "05449000214812",
      "09049000000444",
      "05449000142566"
    ],
    "topCategoryName": "Dranken",
    "topCategoryId": "354",
    "businessDomain": "RETAIL_BE",
    "IsPrivateLabel": false,
    "IsBiffe": false,
    "WeightconversionFactor": "0",
    "IsWeightArticle": false,
    "nutriscoreLabel": "C",
    "IsBio": false,
    "CountryOfOrigin": "FRANKRIJK",
    "IsExclusivelySoldInLuxembourg": false,
    "OrderUnit": "P",
    "ShortName": "COCA LIGHT 33CL",
    "IsNew": false,
    "RecentQuanityOfStockUnits": "1,30,15",
    "LongName": "COCA-COLA Light 33cl",
    "FicCode": "E"
  },
  {
    "productId": "570789",
    "technicalArticleNumber": "4215666",
    "commercialArticleNumber": "2326",
    "name": "bruisend water framboos",
    "brand": "BONI",
    "seoBrand": "Boni Selection",
    "thumbNail": "https://static.colruytgroup.com/images/200x200/nl_be/43/52/asset-2344352.jpg",
    "fullImage": "https://static.colruytgroup.com/images/500x500/nl_be/43/52/asset-2344352.jpg",
    "squareImage": "https://static.colruytgroup.com/images/500x500sq/nl_be/43/52/asset-2344352.jpg",
    "content": "50cl",
    "walkRouteSequenceNumber": 4045,
    "price": {
      "basicPrice": 0.49,
      "recommendedQuantity": "6.0",
      "measurementUnitPrice": 0.98,
      "measurementUnit": "L",
      "isRedPrice": false,
      "pricePerUOM": 0.98,
      "activationDate": "17-11-2023",
      "isPromoActive": "N",
      "priceChangeCode": "H"
    },
    "isAvailable": true,
    "isPriceAvailable": true,
    "inPromo": false,
    "gtin": [
      "05400141420913",
      "25400141352102",
      "05400141352108",
      "15400141352105",
      "15400141420910"
    ],
    "topCategoryName": "Dranken",
    "topCategoryId": "354",
    "businessDomain": "RETAIL_BE",
    "IsPrivateLabel": true,
    "IsBiffe": false,
    "WeightconversionFactor": "0",
    "IsWeightArticle": false,
    "nutriscoreLabel": "C",
    "IsBio": false,
    "CountryOfOrigin": "BELGIË",
    "IsExclusivelySoldInLuxembourg": false,
    "OrderUnit": "P",
    "ShortName": "BONI BR WAT FRAMB.50CL",
    "IsNew": false,
    "RecentQuanityOfStockUnits": "24,6,1",
    "LongName": "BONI bruisend water framboos 50cl",
    "FicCode": "I"
  },
  {
    "productId": "1655",
    "technicalArticleNumber": "22345",
    "commercialArticleNumber": "22345",
    "name": "Moka Original",
    "description": "*Sterkte: intense\nkoffie\n*Smaak: bitter, vol\naroma, pittig\n*Gemalen koffie",
    "brand": "JACQMOTTE",
    "seoBrand": "Jacqmotte",
    "thumbNail": "https://static.colruytgroup.com/images/200x200/std.lang.all/44/36/asset-2224436.jpg",
    "fullImage": "https://static.colruytgroup.com/images/500x500/std.lang.all/44/36/asset-2224436.jpg",
    "squareImage": "https://static.colruytgroup.com/images/500x500sq/std.lang.all/44/36/asset-2224436.jpg",
    "content": "500g",
    "walkRouteSequenceNumber": 1187,
    "price": {
      "basicPrice": 7.9,
      "recommendedQuantity": "1.0",
      "measurementUnitPrice": 15.8,
      "measurementUnit": "K",
      "isRedPrice": false,
      "pricePerUOM": 15.8,
      "activationDate": "13-03-2024",
      "recordSource": "Offline",
      "isPromoActive": "N",
      "priceChangeCode": "E"
    },
    "isAvailable": true,
    "isPriceAvailable": true,
    "inPromo": false,
    "gtin": [
      "05410138004866",
      "05410138021658",
      "05410138053413",
      "15410138004863",
      "15410138021891"
    ],
    "topCategoryName": "Dranken",
    "topCategoryId": "354",
    "businessDomain": "RETAIL_BE",
    "IsPrivateLabel": false,
    "IsBiffe": false,
    "WeightconversionFactor": "0",
    "IsWeightArticle": false,
    "nutriscoreLabel": "B",
    "IsBio": false,
    "CountryOfOrigin": "NEDERLAND",
    "IsExclusivelySoldInLuxembourg": false,
    "OrderUnit": "P",
    "ShortName": "JACQM. MOKKA ORIG.500G",
    "IsNew": false,
    "RecentQuanityOfStockUnits": "12,1",
    "LongName": "JACQMOTTE Moka Original 500g",
    "AlcoholVolume": "0",
    "FicCode": "E"
  },
  {
    "productId": "57544",
    "technicalArticleNumber": "2472271",
    "commercialArticleNumber": "38369",
    "name": "appel-zwar.bes-framb PET",
    "description": "*Limonade\n*Niet bruisend\n*Smaak: zwarte bes,\nappel, framboos",
    "brand": "OASIS MINI",
    "seoBrand": "Oasis Mini",
    "thumbNail": "https://static.colruytgroup.com/images/200x200/nl_be/01/63/asset-3270163.jpg",
    "fullImage": "https://static.colruytgroup.com/images/500x500/nl_be/01/63/asset-3270163.jpg",
    "squareImage": "https://static.colruytgroup.com/images/500x500sq/nl_be/01/63/asset-3270163.jpg",
    "content": "25cl",
    "walkRouteSequenceNumber": 4820,
    "price": {
      "basicPrice": 0.948,
      "recommendedQuantity": "6.0",
      "measurementUnitPrice": 3.8,
      "measurementUnit": "L",
      "isRedPrice": false,
      "pricePerUOM": 3.8,
      "activationDate": "20-03-2024",
      "recordSource": "Offline",
      "isPromoActive": "N",
      "priceChangeCode": "H"
    },
    "isAvailable": true,
    "isPriceAvailable": true,
    "inPromo": false,
    "gtin": [
      "05400141171297",
      "05410221204029",
      "05410221704024",
      "05410221254024"
    ],
    "topCategoryName": "Dranken",
    "topCategoryId": "354",
    "businessDomain": "RETAIL_BE",
    "IsPrivateLabel": false,
    "IsBiffe": false,
    "WeightconversionFactor": "0",
    "IsWeightArticle": false,
    "nutriscoreLabel": "D",
    "IsBio": false,
    "CountryOfOrigin": "BELGIË",
    "IsExclusivelySoldInLuxembourg": false,
    "OrderUnit": "P",
    "ShortName": "OASI MINI AP-ZW-F.PET25",
    "IsNew": false,
    "RecentQuanityOfStockUnits": "24,1,6",
    "LongName": "OASIS MINI appel-zwar.bes-framb PET 25cl",
    "AlcoholVolume": "0",
    "FicCode": "E"
  },
  {
    "productId": "382435",
    "technicalArticleNumber": "3843935",
    "commercialArticleNumber": "21874",
    "name": "Ice Tea Peach",
    "description": "*Ice tea\n*Perziksmaak\n*Non-sparkling\n*Ijs thee\n*Soft drink",
    "brand": "LIPTON",
    "seoBrand": "Lipton",
    "thumbNail": "https://static.colruytgroup.com/images/200x200/std.lang.all/53/42/asset-3205342.jpg",
    "fullImage": "https://static.colruytgroup.com/images/500x500/std.lang.all/53/42/asset-3205342.jpg",
    "squareImage": "https://static.colruytgroup.com/images/500x500sq/std.lang.all/53/42/asset-3205342.jpg",
    "content": "50cl",
    "walkRouteSequenceNumber": 4220,
    "price": {
      "basicPrice": 0.84,
      "recommendedQuantity": "6.0",
      "measurementUnitPrice": 1.68,
      "measurementUnit": "L",
      "isRedPrice": false,
      "pricePerUOM": 1.68,
      "activationDate": "15-03-2024",
      "recordSource": "Offline",
      "isPromoActive": "N",
      "priceChangeCode": "E"
    },
    "isAvailable": true,
    "isPriceAvailable": true,
    "inPromo": false,
    "gtin": [
      "08711327582712",
      "08711327582309",
      "08711327582163",
      "08710447794814",
      "08712100824180",
      "08712100824173"
    ],
    "topCategoryName": "Dranken",
    "topCategoryId": "354",
    "businessDomain": "RETAIL_BE",
    "IsPrivateLabel": false,
    "IsBiffe": false,
    "WeightconversionFactor": "0",
    "IsWeightArticle": false,
    "nutriscoreLabel": "D",
    "IsBio": false,
    "CountryOfOrigin": "BELGIË",
    "IsExclusivelySoldInLuxembourg": false,
    "OrderUnit": "P",
    "ShortName": "LIPT ICE TEA PEACH 50CL",
    "IsNew": false,
    "RecentQuanityOfStockUnits": "1,6,24",
    "LongName": "LIPTON Ice Tea Peach 50cl",
    "AlcoholVolume": "0",
    "FicCode": "E"
  },
  {
    "productId": "25540",
    "technicalArticleNumber": "1958434",
    "commercialArticleNumber": "22155",
    "name": "Pads Strong",
    "description": "*Intense koffie\n*Pittig, vol aroma\n*Pads",
    "brand": "EVERYDAY",
    "seoBrand": "Everyday",
    "thumbNail": "https://static.colruytgroup.com/images/200x200/std.lang.all/96/41/asset-1039641.jpg",
    "fullImage": "https://static.colruytgroup.com/images/500x500/std.lang.all/96/41/asset-1039641.jpg",
    "squareImage": "https://static.colruytgroup.com/images/500x500sq/std.lang.all/96/41/asset-1039641.jpg",
    "content": "36st",
    "walkRouteSequenceNumber": 1162,
    "price": {
      "basicPrice": 2.19,
      "recommendedQuantity": "1.0",
      "measurementUnitPrice": 8.7,
      "measurementUnit": "K",
      "isRedPrice": false,
      "pricePerUOM": 8.7,
      "activationDate": "13-03-2024",
      "recordSource": "Offline",
      "isPromoActive": "N",
      "priceChangeCode": "H"
    },
    "isAvailable": true,
    "isPriceAvailable": true,
    "inPromo": false,
    "gtin": [
      "15400141905547",
      "05400141261585"
    ],
    "topCategoryName": "Dranken",
    "topCategoryId": "354",
    "businessDomain": "RETAIL_BE",
    "IsPrivateLabel": true,
    "IsBiffe": false,
    "WeightconversionFactor": "0",
    "IsWeightArticle": false,
    "nutriscoreLabel": "B",
    "IsBio": false,
    "CountryOfOrigin": "BELGIË",
    "IsExclusivelySoldInLuxembourg": false,
    "OrderUnit": "P",
    "ShortName": "EVD STRONG 36 PADS",
    "IsNew": false,
    "EcoscoreLabel": "C",
    "RecentQuanityOfStockUnits": "10,1",
    "LongName": "EVERYDAY Pads Strong 36st",
    "AlcoholVolume": "0",
    "FicCode": "I",
    "EcoscoreValue": "50"
  },
  {
    "productId": "18265",
    "technicalArticleNumber": "1712272",
    "commercialArticleNumber": "18975",
    "name": "Cranberry Classic Light",
    "description": "*Cranberrysap\n*Uit sapconcentraat\n*Met 25 % vruchten\n*Met zoetstoffen\n*Zonder pulp",
    "brand": "OCEAN SPRAY",
    "seoBrand": "Ocean Spray",
    "thumbNail": "https://static.colruytgroup.com/images/200x200/std.lang.all/52/18/asset-2685218.jpg",
    "fullImage": "https://static.colruytgroup.com/images/500x500/std.lang.all/52/18/asset-2685218.jpg",
    "squareImage": "https://static.colruytgroup.com/images/500x500sq/std.lang.all/52/18/asset-2685218.jpg",
    "content": "1L",
    "walkRouteSequenceNumber": 4804,
    "price": {
      "basicPrice": 2.39,
      "recommendedQuantity": "1.0",
      "quantityPrice": 2.29,
      "quantityPriceQuantity": "6.0",
      "measurementUnitPrice": 2.39,
      "measurementUnitQuantityPrice": 2.29,
      "measurementUnit": "L",
      "isRedPrice": false,
      "pricePerUOM": 2.39,
      "activationDate": "22-02-2024",
      "recordSource": "Offline",
      "isPromoActive": "N",
      "priceChangeCode": "H",
      "quantityPricePerUOM": 2.29,
      "quantityActivationDate": "22-02-2024",
      "quantityPriceChangeCode": "H"
    },
    "isAvailable": true,
    "isPriceAvailable": true,
    "inPromo": false,
    "gtin": [
      "00031200457011",
      "10031200457018"
    ],
    "topCategoryName": "Dranken",
    "topCategoryId": "354",
    "businessDomain": "RETAIL_BE",
    "IsPrivateLabel": false,
    "IsBiffe": false,
    "WeightconversionFactor": "0",
    "IsWeightArticle": false,
    "nutriscoreLabel": "B",
    "IsBio": false,
    "CountryOfOrigin": "DUITSLAND",
    "IsExclusivelySoldInLuxembourg": false,
    "OrderUnit": "P",
    "ShortName": "OCEAN SPR CRAN LIGHT 1L",
    "IsNew": false,
    "EcoscoreLabel": "C",
    "RecentQuanityOfStockUnits": "6,1",
    "LongName": "OCEAN SPRAY Cranberry Classic Light 1L",
    "AlcoholVolume": "0",
    "FicCode": "E",
    "EcoscoreValue": "49"
  },
  {
    "productId": "17589",
    "technicalArticleNumber": "1555852",
    "commercialArticleNumber": "22547",
    "name": "Morocco mint&spices inf.",
    "description": "*Thee-infusie\n*Munt, kruiden",
    "brand": "LIPTON",
    "seoBrand": "Lipton",
    "thumbNail": "https://static.colruytgroup.com/images/200x200/std.lang.all/18/31/asset-1481831.jpg",
    "fullImage": "https://static.colruytgroup.com/images/500x500/std.lang.all/18/31/asset-1481831.jpg",
    "squareImage": "https://static.colruytgroup.com/images/500x500sq/std.lang.all/18/31/asset-1481831.jpg",
    "content": "20st",
    "walkRouteSequenceNumber": 1266,
    "price": {
      "basicPrice": 1.99,
      "recommendedQuantity": "1.0",
      "measurementUnitPrice": 49.75,
      "measurementUnit": "K",
      "isRedPrice": false,
      "pricePerUOM": 49.75,
      "activationDate": "11-03-2024",
      "recordSource": "Offline",
      "isPromoActive": "N",
      "priceChangeCode": "H"
    },
    "isAvailable": true,
    "isPriceAvailable": true,
    "inPromo": false,
    "gtin": [
      "08722700004332",
      "08722700500872",
      "08711327515673",
      "08711327515871"
    ],
    "topCategoryName": "Dranken",
    "topCategoryId": "354",
    "businessDomain": "RETAIL_BE",
    "IsPrivateLabel": false,
    "IsBiffe": false,
    "WeightconversionFactor": "0",
    "IsWeightArticle": false,
    "nutriscoreLabel": "B",
    "IsBio": false,
    "CountryOfOrigin": "POLEN",
    "IsExclusivelySoldInLuxembourg": false,
    "OrderUnit": "P",
    "ShortName": "LIP PYRA MOROC.MINT 20B",
    "IsNew": false,
    "EcoscoreLabel": "B",
    "RecentQuanityOfStockUnits": "1,4",
    "LongName": "LIPTON Morocco mint&spices inf. 20st",
    "AlcoholVolume": "0",
    "FicCode": "E",
    "EcoscoreValue": "79"
  },
  {
    "productId": "1853",
    "technicalArticleNumber": "22210",
    "commercialArticleNumber": "22210",
    "name": "Yellow Label",
    "description": "*Instant thee\n*Assortiment smaken",
    "brand": "LIPTON",
    "seoBrand": "Lipton",
    "thumbNail": "https://static.colruytgroup.com/images/200x200/std.lang.all/34/87/asset-3183487.jpg",
    "fullImage": "https://static.colruytgroup.com/images/500x500/std.lang.all/34/87/asset-3183487.jpg",
    "squareImage": "https://static.colruytgroup.com/images/500x500sq/std.lang.all/34/87/asset-3183487.jpg",
    "content": "20st",
    "walkRouteSequenceNumber": 1259,
    "price": {
      "basicPrice": 0.99,
      "recommendedQuantity": "1.0",
      "measurementUnitPrice": 33,
      "measurementUnit": "K",
      "isRedPrice": false,
      "pricePerUOM": 33,
      "activationDate": "13-03-2024",
      "recordSource": "Offline",
      "isPromoActive": "N",
      "priceChangeCode": "H"
    },
    "isAvailable": true,
    "isPriceAvailable": true,
    "inPromo": false,
    "gtin": [
      "08720608019441",
      "08720608019519",
      "00000025222104",
      "05000311511207",
      "08000990100010",
      "08711200756186",
      "08711327514331",
      "08711327514539"
    ],
    "topCategoryName": "Dranken",
    "topCategoryId": "354",
    "businessDomain": "RETAIL_BE",
    "IsPrivateLabel": false,
    "IsBiffe": false,
    "WeightconversionFactor": "0",
    "IsWeightArticle": false,
    "nutriscoreLabel": "B",
    "IsBio": false,
    "CountryOfOrigin": "POLEN",
    "IsExclusivelySoldInLuxembourg": false,
    "OrderUnit": "P",
    "ShortName": "LIPT YEL LABEL 20B THE.",
    "InSeason": true,
    "IsNew": false,
    "EcoscoreLabel": "B",
    "RecentQuanityOfStockUnits": "1,12,1",
    "LongName": "LIPTON Yellow Label 20st",
    "AlcoholVolume": "0",
    "StartSeasonDate": "29/01/2015",
    "FicCode": "E",
    "EcoscoreValue": "79"
  },
  {
    "productId": "89782",
    "technicalArticleNumber": "2933551",
    "commercialArticleNumber": "38692",
    "name": "bier blond 8%",
    "description": "*Sterk blond bier\n*8 % vol",
    "brand": "CHOUFFE",
    "seoBrand": "La Chouffe",
    "thumbNail": "https://static.colruytgroup.com/images/200x200/std.lang.all/00/26/asset-1470026.jpg",
    "fullImage": "https://static.colruytgroup.com/images/500x500/std.lang.all/00/26/asset-1470026.jpg",
    "squareImage": "https://static.colruytgroup.com/images/500x500sq/std.lang.all/00/26/asset-1470026.jpg",
    "content": "6x33cl",
    "walkRouteSequenceNumber": 3688,
    "price": {
      "basicPrice": 9,
      "recommendedQuantity": "1.0",
      "measurementUnitPrice": 4.55,
      "measurementUnit": "L",
      "isRedPrice": false,
      "pricePerUOM": 4.55,
      "activationDate": "08-03-2024",
      "recordSource": "Offline",
      "isPromoActive": "N",
      "priceChangeCode": "H"
    },
    "isAvailable": true,
    "isPriceAvailable": true,
    "inPromo": false,
    "gtin": [
      "05410769100289",
      "05410769100081",
      "05400141026474"
    ],
    "topCategoryName": "Dranken",
    "topCategoryId": "354",
    "businessDomain": "RETAIL_BE",
    "IsPrivateLabel": false,
    "IsBiffe": false,
    "WeightconversionFactor": "0",
    "IsWeightArticle": false,
    "IsBio": false,
    "CountryOfOrigin": "BELGIË",
    "IsExclusivelySoldInLuxembourg": false,
    "OrderUnit": "P",
    "ShortName": "LA CHOUFFE BLOND 6X33CL",
    "IsNew": false,
    "EcoscoreLabel": "B",
    "RecentQuanityOfStockUnits": "1",
    "LongName": "CHOUFFE bier blond 8% 6x33cl",
    "AlcoholVolume": "8",
    "FicCode": "I",
    "DepositValue": [
      0.6
    ],
    "EcoscoreValue": "72"
  },
  {
    "productId": "24413",
    "technicalArticleNumber": "1927381",
    "commercialArticleNumber": "8157",
    "name": "Volle melk PET",
    "description": "*Volle melk\n*België",
    "brand": "CAMPINA",
    "seoBrand": "Campina",
    "thumbNail": "https://static.colruytgroup.com/images/200x200/nl_be/58/01/asset-3405801.jpg",
    "fullImage": "https://static.colruytgroup.com/images/500x500/nl_be/58/01/asset-3405801.jpg",
    "squareImage": "https://static.colruytgroup.com/images/500x500sq/nl_be/58/01/asset-3405801.jpg",
    "content": "1L",
    "walkRouteSequenceNumber": 6256,
    "price": {
      "basicPrice": 1.88,
      "recommendedQuantity": "1.0",
      "measurementUnitPrice": 1.88,
      "measurementUnit": "L",
      "isRedPrice": false,
      "pricePerUOM": 1.88,
      "activationDate": "12-03-2024",
      "recordSource": "Offline",
      "isPromoActive": "N",
      "priceChangeCode": "E"
    },
    "isAvailable": true,
    "isPriceAvailable": true,
    "inPromo": false,
    "gtin": [
      "05410438046573",
      "05410438046566",
      "05410438000193",
      "05410438000186"
    ],
    "topCategoryName": "Zuivel",
    "topCategoryId": "65",
    "businessDomain": "RETAIL_BE",
    "IsPrivateLabel": false,
    "IsBiffe": false,
    "WeightconversionFactor": "0",
    "IsWeightArticle": false,
    "nutriscoreLabel": "A",
    "IsBio": false,
    "CountryOfOrigin": "BELGIË",
    "IsExclusivelySoldInLuxembourg": false,
    "OrderUnit": "P",
    "ShortName": "CAMPINA VOL.MELK FLES1L",
    "IsNew": false,
    "EcoscoreLabel": "B",
    "RecentQuanityOfStockUnits": "6,1,6,1",
    "LongName": "CAMPINA Volle melk PET 1L",
    "AlcoholVolume": "0",
    "FicCode": "E",
    "EcoscoreValue": "65"
  },
  {
    "productId": "109314",
    "technicalArticleNumber": "3117377",
    "commercialArticleNumber": "44053",
    "name": "Zero Indian tonic",
    "description": "*Bruisend\n*Met zoetstoffen\n*Bevat kinine",
    "brand": "SCHWEPPES",
    "seoBrand": "Schweppes Zero",
    "thumbNail": "https://static.colruytgroup.com/images/200x200/std.lang.all/00/97/asset-3270097.jpg",
    "fullImage": "https://static.colruytgroup.com/images/500x500/std.lang.all/00/97/asset-3270097.jpg",
    "squareImage": "https://static.colruytgroup.com/images/500x500sq/std.lang.all/00/97/asset-3270097.jpg",
    "content": "33cl",
    "walkRouteSequenceNumber": 4291,
    "price": {
      "basicPrice": 0.581,
      "recommendedQuantity": "8.0",
      "measurementUnitPrice": 1.77,
      "measurementUnit": "L",
      "isRedPrice": false,
      "pricePerUOM": 1.77,
      "activationDate": "12-03-2024",
      "recordSource": "Offline",
      "isPromoActive": "N",
      "priceChangeCode": "H"
    },
    "isAvailable": true,
    "isPriceAvailable": true,
    "inPromo": false,
    "gtin": [
      "05410221305146",
      "05410221205248",
      "05410221205231",
      "05410221105500",
      "05410221105517",
      "03124488186913",
      "03124480186904",
      "05410221205903"
    ],
    "topCategoryName": "Dranken",
    "topCategoryId": "354",
    "businessDomain": "RETAIL_BE",
    "IsPrivateLabel": false,
    "IsBiffe": false,
    "WeightconversionFactor": "0",
    "IsWeightArticle": false,
    "nutriscoreLabel": "C",
    "IsBio": false,
    "CountryOfOrigin": "FRANKRIJK",
    "IsExclusivelySoldInLuxembourg": false,
    "OrderUnit": "P",
    "ShortName": "SCHWEPPES TONIC ZERO 33",
    "IsNew": false,
    "RecentQuanityOfStockUnits": "24,1,8",
    "LongName": "SCHWEPPES Zero Indian tonic 33cl",
    "AlcoholVolume": "0",
    "FicCode": "E"
  },
  {
    "productId": "748863",
    "technicalArticleNumber": "4519167",
    "commercialArticleNumber": "7762",
    "name": "Rouge Strong 7,5% blik",
    "description": "*Bier met krieksmaak\n*Rood\n*7,5 % vol",
    "brand": "CARA",
    "seoBrand": "Cara Pils",
    "thumbNail": "https://static.colruytgroup.com/images/200x200/std.lang.all/61/54/asset-2776154.jpg",
    "fullImage": "https://static.colruytgroup.com/images/500x500/std.lang.all/61/54/asset-2776154.jpg",
    "squareImage": "https://static.colruytgroup.com/images/500x500sq/std.lang.all/61/54/asset-2776154.jpg",
    "content": "33cl",
    "walkRouteSequenceNumber": 3781,
    "price": {
      "basicPrice": 0.699,
      "recommendedQuantity": "4.0",
      "measurementUnitPrice": 2.12,
      "measurementUnit": "L",
      "isRedPrice": false,
      "pricePerUOM": 2.12,
      "activationDate": "13-03-2024",
      "isPromoActive": "N",
      "priceChangeCode": "L"
    },
    "isAvailable": true,
    "isPriceAvailable": true,
    "inPromo": false,
    "gtin": [
      "15400141470977",
      "25400141470974",
      "05400141470970",
      "25400141905322",
      "15400141905325",
      "05400141905328"
    ],
    "topCategoryName": "Dranken",
    "topCategoryId": "354",
    "businessDomain": "RETAIL_BE",
    "IsPrivateLabel": true,
    "IsBiffe": false,
    "WeightconversionFactor": "0",
    "IsWeightArticle": false,
    "IsBio": false,
    "CountryOfOrigin": "BELGIË",
    "IsExclusivelySoldInLuxembourg": false,
    "OrderUnit": "P",
    "ShortName": "CARA ROUGE STR.BLIK33CL",
    "IsNew": false,
    "EcoscoreLabel": "D",
    "RecentQuanityOfStockUnits": "1,4,24,1",
    "LongName": "CARA Rouge Strong 7,5% blik 33cl",
    "AlcoholVolume": "7.5",
    "FicCode": "I",
    "EcoscoreValue": "37"
  },
  {
    "productId": "1325",
    "technicalArticleNumber": "18081",
    "commercialArticleNumber": "18081",
    "name": "Rare Blended Scotch Whisky 40%",
    "description": "*Scotch blend.whisky\n*Schotland",
    "brand": "J&B",
    "seoBrand": "J&B",
    "thumbNail": "https://static.colruytgroup.com/images/200x200/std.lang.all/51/26/asset-395126.jpg",
    "fullImage": "https://static.colruytgroup.com/images/500x500/std.lang.all/51/26/asset-395126.jpg",
    "squareImage": "https://static.colruytgroup.com/images/500x500sq/std.lang.all/51/26/asset-395126.jpg",
    "content": "70cl",
    "walkRouteSequenceNumber": 971,
    "price": {
      "basicPrice": 18.29,
      "recommendedQuantity": "1.0",
      "measurementUnitPrice": 26.13,
      "measurementUnit": "L",
      "isRedPrice": false,
      "pricePerUOM": 26.13,
      "activationDate": "19-03-2024",
      "recordSource": "Offline",
      "isPromoActive": "N",
      "priceChangeCode": "H"
    },
    "isAvailable": true,
    "isPriceAvailable": true,
    "inPromo": false,
    "gtin": [
      "05010103800259",
      "05010103800273",
      "05010103945943"
    ],
    "topCategoryName": "Dranken",
    "topCategoryId": "354",
    "businessDomain": "RETAIL_BE",
    "IsPrivateLabel": false,
    "IsBiffe": false,
    "WeightconversionFactor": "0",
    "IsWeightArticle": false,
    "IsBio": false,
    "CountryOfOrigin": "VERENIGD KONINKRIJK",
    "IsExclusivelySoldInLuxembourg": false,
    "OrderUnit": "P",
    "ShortName": "J&B RARE WHISKY 70CL",
    "IsNew": false,
    "EcoscoreLabel": "C",
    "RecentQuanityOfStockUnits": "1,6",
    "LongName": "J&B Rare Blended Scotch Whisky 40% 70cl",
    "AlcoholVolume": "40",
    "FicCode": "E",
    "EcoscoreValue": "51"
  },
  {
    "productId": "1553",
    "technicalArticleNumber": "22015",
    "commercialArticleNumber": "22015",
    "name": "bonen grof cichorei",
    "description": "*Chicorei",
    "brand": "PACHA",
    "seoBrand": "Pacha",
    "thumbNail": "https://static.colruytgroup.com/images/200x200/std.lang.all/45/55/asset-1154555.jpg",
    "fullImage": "https://static.colruytgroup.com/images/500x500/std.lang.all/45/55/asset-1154555.jpg",
    "squareImage": "https://static.colruytgroup.com/images/500x500sq/std.lang.all/45/55/asset-1154555.jpg",
    "content": "500g",
    "walkRouteSequenceNumber": 1192,
    "price": {
      "basicPrice": 2.65,
      "recommendedQuantity": "3.0",
      "measurementUnitPrice": 5.3,
      "measurementUnit": "K",
      "isRedPrice": false,
      "pricePerUOM": 5.3,
      "activationDate": "06-03-2024",
      "recordSource": "Offline",
      "isPromoActive": "N",
      "priceChangeCode": "H"
    },
    "isAvailable": true,
    "isPriceAvailable": true,
    "inPromo": false,
    "gtin": [
      "05410031000071",
      "05410031002822",
      "05410031002839"
    ],
    "topCategoryName": "Dranken",
    "topCategoryId": "354",
    "businessDomain": "RETAIL_BE",
    "IsPrivateLabel": false,
    "IsBiffe": false,
    "WeightconversionFactor": "0",
    "IsWeightArticle": false,
    "nutriscoreLabel": "B",
    "IsBio": false,
    "CountryOfOrigin": "FRANKRIJK",
    "IsExclusivelySoldInLuxembourg": false,
    "OrderUnit": "P",
    "ShortName": "PACHA CHICOR.GROF 500GR",
    "IsNew": false,
    "EcoscoreLabel": "C",
    "RecentQuanityOfStockUnits": "1,3",
    "LongName": "PACHA bonen grof cichorei 500g",
    "AlcoholVolume": "0",
    "FicCode": "E",
    "EcoscoreValue": "58"
  },
  {
    "productId": "345964",
    "technicalArticleNumber": "3823830",
    "commercialArticleNumber": "40865",
    "name": "Cappuccino RFA",
    "description": "*Cappuccino\n*Oploskoffie\n*Rainforest Alliance",
    "brand": "BONI",
    "seoBrand": "Boni Selection",
    "thumbNail": "https://static.colruytgroup.com/images/200x200/std.lang.all/55/34/asset-3205534.jpg",
    "fullImage": "https://static.colruytgroup.com/images/500x500/std.lang.all/55/34/asset-3205534.jpg",
    "squareImage": "https://static.colruytgroup.com/images/500x500sq/std.lang.all/55/34/asset-3205534.jpg",
    "content": "125g",
    "walkRouteSequenceNumber": 1173,
    "price": {
      "basicPrice": 1.29,
      "recommendedQuantity": "1.0",
      "measurementUnitPrice": 10.32,
      "measurementUnit": "K",
      "isRedPrice": false,
      "pricePerUOM": 10.32,
      "activationDate": "21-03-2024",
      "recordSource": "Offline",
      "isPromoActive": "N",
      "priceChangeCode": "H"
    },
    "isAvailable": true,
    "isPriceAvailable": true,
    "inPromo": false,
    "gtin": [
      "15400141422211",
      "05400141422214",
      "05400141205640",
      "15400141205647"
    ],
    "topCategoryName": "Dranken",
    "topCategoryId": "354",
    "businessDomain": "RETAIL_BE",
    "IsPrivateLabel": true,
    "IsBiffe": false,
    "WeightconversionFactor": "0",
    "IsWeightArticle": false,
    "nutriscoreLabel": "C",
    "IsBio": false,
    "CountryOfOrigin": "DUITSLAND",
    "IsExclusivelySoldInLuxembourg": false,
    "OrderUnit": "P",
    "ShortName": "BONI CAPPU.10X12.5G RFA",
    "IsNew": false,
    "EcoscoreLabel": "A",
    "RecentQuanityOfStockUnits": "1,12",
    "LongName": "BONI Cappuccino RFA 125g",
    "AlcoholVolume": "0",
    "FicCode": "I",
    "EcoscoreValue": "100"
  },
  {
    "productId": "250363",
    "technicalArticleNumber": "3606753",
    "commercialArticleNumber": "13408",
    "name": "Exotic",
    "description": "*Smaak: multivruchten\n*Bruisend",
    "brand": "FANTA",
    "seoBrand": "Fanta",
    "thumbNail": "https://static.colruytgroup.com/images/200x200/std.lang.all/64/16/asset-2446416.jpg",
    "fullImage": "https://static.colruytgroup.com/images/500x500/std.lang.all/64/16/asset-2446416.jpg",
    "squareImage": "https://static.colruytgroup.com/images/500x500sq/std.lang.all/64/16/asset-2446416.jpg",
    "content": "33cl",
    "walkRouteSequenceNumber": 4276,
    "price": {
      "basicPrice": 0.881,
      "recommendedQuantity": "6.0",
      "measurementUnitPrice": 2.68,
      "measurementUnit": "L",
      "isRedPrice": false,
      "pricePerUOM": 2.68,
      "activationDate": "19-03-2024",
      "recordSource": "Offline",
      "isPromoActive": "N",
      "priceChangeCode": "E"
    },
    "isAvailable": true,
    "isPriceAvailable": true,
    "inPromo": true,
    "promotion": [
      {
        "techPromoId": "100843COLR",
        "promotionId": "100843",
        "promotionType": "3",
        "isPersonalized": "N",
        "publicationStartDate": "13-03-2024",
        "publicationEndDate": "26-03-2024"
      }
    ],
    "gtin": [
      "05449000211705",
      "05449000009128",
      "05449000042101",
      "05449000220981",
      "05449000288677",
      "05449000288660"
    ],
    "topCategoryName": "Dranken",
    "topCategoryId": "354",
    "businessDomain": "RETAIL_BE",
    "IsPrivateLabel": false,
    "IsBiffe": false,
    "WeightconversionFactor": "0",
    "IsWeightArticle": false,
    "nutriscoreLabel": "E",
    "IsBio": false,
    "CountryOfOrigin": "BELGIË",
    "IsExclusivelySoldInLuxembourg": false,
    "OrderUnit": "P",
    "ShortName": "FANT EXOTIC BLIK 33CL",
    "IsNew": false,
    "RecentQuanityOfStockUnits": "1,6,24",
    "LongName": "FANTA Exotic 33cl",
    "AlcoholVolume": "0",
    "FicCode": "E"
  },
  {
    "productId": "1658",
    "technicalArticleNumber": "22350",
    "commercialArticleNumber": "22350",
    "name": "koffie gemalen Moka",
    "description": "*Smaak: intense\npittig\n*Gemalen koffie",
    "brand": "EVERYDAY",
    "seoBrand": "Everyday",
    "thumbNail": "https://static.colruytgroup.com/images/200x200/std.lang.all/09/59/asset-810959.jpg",
    "fullImage": "https://static.colruytgroup.com/images/500x500/std.lang.all/09/59/asset-810959.jpg",
    "squareImage": "https://static.colruytgroup.com/images/500x500sq/std.lang.all/09/59/asset-810959.jpg",
    "content": "500g",
    "walkRouteSequenceNumber": 1189,
    "price": {
      "basicPrice": 3.89,
      "recommendedQuantity": "1.0",
      "measurementUnitPrice": 7.78,
      "measurementUnit": "K",
      "isRedPrice": false,
      "pricePerUOM": 7.78,
      "activationDate": "19-03-2024",
      "recordSource": "Offline",
      "isPromoActive": "N",
      "priceChangeCode": "H"
    },
    "isAvailable": true,
    "isPriceAvailable": true,
    "inPromo": false,
    "gtin": [
      "05400141223835",
      "15400141223832",
      "15400141299820",
      "05400141299823"
    ],
    "topCategoryName": "Dranken",
    "topCategoryId": "354",
    "businessDomain": "RETAIL_BE",
    "IsPrivateLabel": true,
    "IsBiffe": false,
    "WeightconversionFactor": "0",
    "IsWeightArticle": false,
    "nutriscoreLabel": "B",
    "IsBio": false,
    "CountryOfOrigin": "BELGIË",
    "IsExclusivelySoldInLuxembourg": false,
    "OrderUnit": "P",
    "ShortName": "EVD MOKA GEMALEN 500 GR",
    "IsNew": false,
    "EcoscoreLabel": "C",
    "RecentQuanityOfStockUnits": "12,1",
    "LongName": "EVERYDAY koffie gemalen Moka 500g",
    "AlcoholVolume": "0",
    "FicCode": "I",
    "EcoscoreValue": "45"
  },
  {
    "productId": "1367",
    "technicalArticleNumber": "18754",
    "commercialArticleNumber": "18754",
    "name": "London Dry Gin 38%",
    "description": "*basis voor cocktail\n*met indian tonic\n*garn. citroen\n*België",
    "brand": "EVERYDAY",
    "seoBrand": "Everyday",
    "thumbNail": "https://static.colruytgroup.com/images/200x200/std.lang.all/32/49/asset-1913249.jpg",
    "fullImage": "https://static.colruytgroup.com/images/500x500/std.lang.all/32/49/asset-1913249.jpg",
    "squareImage": "https://static.colruytgroup.com/images/500x500sq/std.lang.all/32/49/asset-1913249.jpg",
    "content": "70cl",
    "walkRouteSequenceNumber": 731,
    "price": {
      "basicPrice": 10.99,
      "recommendedQuantity": "1.0",
      "measurementUnitPrice": 15.7,
      "measurementUnit": "L",
      "isRedPrice": false,
      "pricePerUOM": 15.7,
      "activationDate": "14-11-2023",
      "recordSource": "Offline",
      "isPromoActive": "N",
      "priceChangeCode": "E"
    },
    "isAvailable": true,
    "isPriceAvailable": true,
    "inPromo": false,
    "gtin": [
      "05400141014006",
      "05400141088755",
      "15400141014003",
      "15400141088752",
      "15400141187554"
    ],
    "topCategoryName": "Dranken",
    "topCategoryId": "354",
    "businessDomain": "RETAIL_BE",
    "IsPrivateLabel": true,
    "IsBiffe": false,
    "WeightconversionFactor": "0",
    "IsWeightArticle": false,
    "IsBio": false,
    "CountryOfOrigin": "BELGIË",
    "IsExclusivelySoldInLuxembourg": false,
    "OrderUnit": "P",
    "ShortName": "EVERYDAY GIN 38% 70CL",
    "IsNew": false,
    "EcoscoreLabel": "C",
    "RecentQuanityOfStockUnits": "1,12",
    "LongName": "EVERYDAY London Dry Gin 38% 70cl",
    "AlcoholVolume": "37.7",
    "FicCode": "I",
    "EcoscoreValue": "51"
  },
  {
    "productId": "282822",
    "technicalArticleNumber": "3645233",
    "commercialArticleNumber": "18483",
    "name": "limo rode vruchten niet-bruis.",
    "description": "*Limonade\n*Niet-bruisend\n*Smaak: rode\nvruchten",
    "brand": "BONI",
    "seoBrand": "Boni Selection",
    "thumbNail": "https://static.colruytgroup.com/images/200x200/std.lang.all/85/81/asset-3328581.jpg",
    "fullImage": "https://static.colruytgroup.com/images/500x500/std.lang.all/85/81/asset-3328581.jpg",
    "squareImage": "https://static.colruytgroup.com/images/500x500sq/std.lang.all/85/81/asset-3328581.jpg",
    "content": "1,5L",
    "walkRouteSequenceNumber": 4062,
    "price": {
      "basicPrice": 1.34,
      "recommendedQuantity": "6.0",
      "measurementUnitPrice": 0.9,
      "measurementUnit": "L",
      "isRedPrice": false,
      "pricePerUOM": 0.9,
      "activationDate": "30-01-2024",
      "recordSource": "Offline",
      "isPromoActive": "N",
      "priceChangeCode": "H"
    },
    "isAvailable": true,
    "isPriceAvailable": true,
    "inPromo": false,
    "gtin": [
      "05400141241501",
      "05400141029987",
      "15400141241508",
      "05400141702972",
      "15400141702979"
    ],
    "topCategoryName": "Dranken",
    "topCategoryId": "354",
    "businessDomain": "RETAIL_BE",
    "IsPrivateLabel": true,
    "IsBiffe": false,
    "WeightconversionFactor": "0",
    "IsWeightArticle": false,
    "nutriscoreLabel": "D",
    "IsBio": false,
    "CountryOfOrigin": "FRANKRIJK",
    "IsExclusivelySoldInLuxembourg": false,
    "OrderUnit": "P",
    "ShortName": "BONI RODE VRUCHT 1.5L",
    "IsNew": false,
    "RecentQuanityOfStockUnits": "1,6",
    "LongName": "BONI limo rode vruchten niet-bruis. 1,5L",
    "AlcoholVolume": "0",
    "FicCode": "I"
  },
  {
    "productId": "22213",
    "technicalArticleNumber": "1984034",
    "commercialArticleNumber": "5171",
    "name": "abdijbier bruin 6,5%",
    "description": "*Abdijbier\n*6,5 % vol",
    "brand": "LEFFE",
    "seoBrand": "Leffe",
    "thumbNail": "https://static.colruytgroup.com/images/200x200/std.lang.all/14/41/asset-1701441.jpg",
    "fullImage": "https://static.colruytgroup.com/images/500x500/std.lang.all/14/41/asset-1701441.jpg",
    "squareImage": "https://static.colruytgroup.com/images/500x500sq/std.lang.all/14/41/asset-1701441.jpg",
    "content": "8x33cl",
    "walkRouteSequenceNumber": 3976,
    "price": {
      "basicPrice": 8.78,
      "recommendedQuantity": "1.0",
      "measurementUnitPrice": 3.33,
      "measurementUnit": "L",
      "isRedPrice": false,
      "pricePerUOM": 3.33,
      "activationDate": "14-03-2024",
      "recordSource": "Offline",
      "isPromoActive": "N",
      "priceChangeCode": "E"
    },
    "isAvailable": true,
    "isPriceAvailable": true,
    "inPromo": false,
    "gtin": [
      "05410228214038",
      "05410228214021",
      "05410228157441",
      "05400141051711",
      "05410228214052"
    ],
    "topCategoryName": "Dranken",
    "topCategoryId": "354",
    "businessDomain": "RETAIL_BE",
    "IsPrivateLabel": false,
    "IsBiffe": false,
    "WeightconversionFactor": "0",
    "IsWeightArticle": false,
    "IsBio": false,
    "CountryOfOrigin": "BELGIË",
    "IsExclusivelySoldInLuxembourg": false,
    "OrderUnit": "P",
    "ShortName": "LEFFE BRUIN 8X33CL",
    "IsNew": false,
    "RecentQuanityOfStockUnits": "1,3",
    "LongName": "LEFFE abdijbier bruin 6,5% 8x33cl",
    "AlcoholVolume": "6.5",
    "FicCode": "I",
    "DepositValue": [
      0.8
    ]
  },
  {
    "productId": "249721",
    "technicalArticleNumber": "3606651",
    "commercialArticleNumber": "12848",
    "name": "Mojito alcoholvrij",
    "description": "*Smaak: munt\n*Bruisend",
    "brand": "SCHWEPPES",
    "seoBrand": "Schweppes",
    "thumbNail": "https://static.colruytgroup.com/images/200x200/std.lang.all/29/64/asset-3222964.jpg",
    "fullImage": "https://static.colruytgroup.com/images/500x500/std.lang.all/29/64/asset-3222964.jpg",
    "squareImage": "https://static.colruytgroup.com/images/500x500sq/std.lang.all/29/64/asset-3222964.jpg",
    "content": "33cl",
    "walkRouteSequenceNumber": 4242,
    "price": {
      "basicPrice": 0.831,
      "recommendedQuantity": "8.0",
      "measurementUnitPrice": 2.52,
      "measurementUnit": "L",
      "isRedPrice": false,
      "pricePerUOM": 2.52,
      "activationDate": "06-03-2024",
      "recordSource": "Offline",
      "isPromoActive": "N",
      "priceChangeCode": "H"
    },
    "isAvailable": true,
    "isPriceAvailable": true,
    "inPromo": false,
    "gtin": [
      "03124488187439",
      "05410221107160",
      "03124480186867",
      "05410221205477",
      "03124480187437"
    ],
    "topCategoryName": "Dranken",
    "topCategoryId": "354",
    "businessDomain": "RETAIL_BE",
    "IsPrivateLabel": false,
    "IsBiffe": false,
    "WeightconversionFactor": "0",
    "IsWeightArticle": false,
    "nutriscoreLabel": "E",
    "IsBio": false,
    "CountryOfOrigin": "FRANKRIJK",
    "IsExclusivelySoldInLuxembourg": false,
    "OrderUnit": "P",
    "ShortName": "SCHWEPPES MOJITO 33CL",
    "IsNew": false,
    "RecentQuanityOfStockUnits": "6,8,1,24",
    "LongName": "SCHWEPPES Mojito alcoholvrij 33cl",
    "AlcoholVolume": "0",
    "FicCode": "E"
  },
  {
    "productId": "1851",
    "technicalArticleNumber": "22115",
    "commercialArticleNumber": "22115",
    "name": "oploskoffie Cappuccino",
    "description": "*Cappuccino\n*Finesse van Arabica\n*Luchtig melkschuim\n*10 zakjes",
    "brand": "NESCAFÉ GOLD",
    "seoBrand": "Nescafé Gold",
    "thumbNail": "https://static.colruytgroup.com/images/200x200/std.lang.all/94/70/asset-2259470.jpg",
    "fullImage": "https://static.colruytgroup.com/images/500x500/std.lang.all/94/70/asset-2259470.jpg",
    "squareImage": "https://static.colruytgroup.com/images/500x500sq/std.lang.all/94/70/asset-2259470.jpg",
    "content": "10st",
    "walkRouteSequenceNumber": 1170,
    "price": {
      "basicPrice": 2.09,
      "recommendedQuantity": "1.0",
      "measurementUnitPrice": 14.93,
      "measurementUnit": "K",
      "isRedPrice": false,
      "pricePerUOM": 14.93,
      "activationDate": "23-03-2024",
      "recordSource": "Folder",
      "isPromoActive": "Y",
      "priceChangeCode": "E"
    },
    "isAvailable": true,
    "isPriceAvailable": true,
    "inPromo": true,
    "promotion": [
      {
        "techPromoId": "100955COLR",
        "promotionId": "100955",
        "promotionType": "3",
        "isPersonalized": "N",
        "publicationStartDate": "13-03-2024",
        "publicationEndDate": "26-03-2024"
      }
    ],
    "gtin": [
      "05400141221152",
      "07613035083639",
      "00000025221152",
      "03033710047765",
      "05011546475165"
    ],
    "topCategoryName": "Dranken",
    "topCategoryId": "354",
    "businessDomain": "RETAIL_BE",
    "IsPrivateLabel": false,
    "IsBiffe": false,
    "WeightconversionFactor": "0",
    "IsWeightArticle": false,
    "nutriscoreLabel": "E",
    "IsBio": false,
    "CountryOfOrigin": "VERENIGD KONINKRIJK",
    "IsExclusivelySoldInLuxembourg": false,
    "OrderUnit": "P",
    "ShortName": "NESCAFE CAPPUCCINO 10Z.",
    "IsNew": false,
    "RecentQuanityOfStockUnits": "6,1",
    "LongName": "NESCAFÉ GOLD oploskoffie Cappuccino 10st",
    "AlcoholVolume": "0",
    "FicCode": "E"
  },
  {
    "productId": "253274",
    "technicalArticleNumber": "3614354",
    "commercialArticleNumber": "18968",
    "name": "Choco In Da Mix UTZ",
    "brand": "BONI",
    "seoBrand": "Boni Selection",
    "thumbNail": "https://static.colruytgroup.com/images/200x200/std.lang.all/80/93/asset-1928093.jpg",
    "fullImage": "https://static.colruytgroup.com/images/500x500/std.lang.all/80/93/asset-1928093.jpg",
    "squareImage": "https://static.colruytgroup.com/images/500x500sq/std.lang.all/80/93/asset-1928093.jpg",
    "content": "800g",
    "walkRouteSequenceNumber": 1281,
    "price": {
      "basicPrice": 2.71,
      "recommendedQuantity": "1.0",
      "measurementUnitPrice": 3.39,
      "measurementUnit": "K",
      "isRedPrice": false,
      "pricePerUOM": 3.39,
      "activationDate": "01-02-2024",
      "recordSource": "Offline",
      "isPromoActive": "N",
      "priceChangeCode": "E"
    },
    "isAvailable": true,
    "isPriceAvailable": true,
    "inPromo": false,
    "gtin": [
      "05400141036565",
      "05400141029499",
      "05400141247688",
      "15400141247685"
    ],
    "topCategoryName": "Dranken",
    "topCategoryId": "354",
    "businessDomain": "RETAIL_BE",
    "IsPrivateLabel": true,
    "IsBiffe": false,
    "WeightconversionFactor": "0",
    "IsWeightArticle": false,
    "nutriscoreLabel": "C",
    "IsBio": false,
    "CountryOfOrigin": "DUITSLAND",
    "IsExclusivelySoldInLuxembourg": false,
    "OrderUnit": "P",
    "ShortName": "BONI KIDS CACAO 800G",
    "IsNew": false,
    "EcoscoreLabel": "C",
    "RecentQuanityOfStockUnits": "1,10",
    "LongName": "BONI Choco In Da Mix UTZ 800g",
    "AlcoholVolume": "0",
    "FicCode": "I",
    "EcoscoreValue": "50"
  },
  {
    "productId": "350423",
    "technicalArticleNumber": "3864892",
    "commercialArticleNumber": "42275",
    "name": "Oaked blond 8,5%",
    "description": "*Zwaar blond bier\n*8,5 % vol\n*Nagisting op fles",
    "brand": "CORNET",
    "seoBrand": "Cornet",
    "thumbNail": "https://static.colruytgroup.com/images/200x200/std.lang.all/83/99/asset-2088399.jpg",
    "fullImage": "https://static.colruytgroup.com/images/500x500/std.lang.all/83/99/asset-2088399.jpg",
    "squareImage": "https://static.colruytgroup.com/images/500x500sq/std.lang.all/83/99/asset-2088399.jpg",
    "content": "6x33cl",
    "walkRouteSequenceNumber": 3963,
    "price": {
      "basicPrice": 5.99,
      "recommendedQuantity": "1.0",
      "measurementUnitPrice": 3.03,
      "measurementUnit": "L",
      "isRedPrice": false,
      "pricePerUOM": 3.03,
      "activationDate": "19-03-2024",
      "recordSource": "Folder",
      "isPromoActive": "N",
      "priceChangeCode": "H"
    },
    "isAvailable": true,
    "isPriceAvailable": true,
    "inPromo": false,
    "gtin": [
      "05410783006567",
      "05410783006574",
      "05410783007953"
    ],
    "topCategoryName": "Dranken",
    "topCategoryId": "354",
    "businessDomain": "RETAIL_BE",
    "IsPrivateLabel": false,
    "IsBiffe": false,
    "WeightconversionFactor": "0",
    "IsWeightArticle": false,
    "IsBio": false,
    "CountryOfOrigin": "BELGIË",
    "IsExclusivelySoldInLuxembourg": false,
    "OrderUnit": "P",
    "ShortName": "CORN OAKED BLOND 6X33CL",
    "IsNew": false,
    "EcoscoreLabel": "D",
    "RecentQuanityOfStockUnits": "1,4",
    "LongName": "CORNET Oaked blond 8,5% 6x33cl",
    "AlcoholVolume": "8.5",
    "FicCode": "E",
    "DepositValue": [
      0.6
    ],
    "EcoscoreValue": "37"
  },
  {
    "productId": "192129",
    "technicalArticleNumber": "3454144",
    "commercialArticleNumber": "13037",
    "name": "cola zero",
    "description": "*Bruisend\n*Met zoetstoffen\n*Bevat cafeïne",
    "brand": "EVERYDAY",
    "seoBrand": "Everyday",
    "thumbNail": "https://static.colruytgroup.com/images/200x200/std.lang.all/84/18/asset-958418.jpg",
    "fullImage": "https://static.colruytgroup.com/images/500x500/std.lang.all/84/18/asset-958418.jpg",
    "squareImage": "https://static.colruytgroup.com/images/500x500sq/std.lang.all/84/18/asset-958418.jpg",
    "content": "1,5L",
    "walkRouteSequenceNumber": 4362,
    "price": {
      "basicPrice": 0.581,
      "recommendedQuantity": "6.0",
      "measurementUnitPrice": 0.388,
      "measurementUnit": "L",
      "isRedPrice": false,
      "pricePerUOM": 0.388,
      "activationDate": "08-03-2023",
      "recordSource": "Offline",
      "isPromoActive": "N",
      "priceChangeCode": "H"
    },
    "isAvailable": true,
    "isPriceAvailable": true,
    "inPromo": false,
    "gtin": [
      "15400141378907",
      "05400141378924",
      "05400141378900"
    ],
    "topCategoryName": "Dranken",
    "topCategoryId": "354",
    "businessDomain": "RETAIL_BE",
    "IsPrivateLabel": true,
    "IsBiffe": false,
    "WeightconversionFactor": "0",
    "IsWeightArticle": false,
    "nutriscoreLabel": "C",
    "IsBio": false,
    "CountryOfOrigin": "BELGIË",
    "IsExclusivelySoldInLuxembourg": false,
    "OrderUnit": "P",
    "ShortName": "EVD COLA ZERO PET 1L5",
    "IsNew": false,
    "RecentQuanityOfStockUnits": "1,6",
    "LongName": "EVERYDAY cola zero 1,5L",
    "AlcoholVolume": "0",
    "FicCode": "I"
  },
  {
    "productId": "1767",
    "technicalArticleNumber": "22760",
    "commercialArticleNumber": "22760",
    "name": "koffiefilters Original 1x4",
    "brand": "MELITTA",
    "seoBrand": "Melitta",
    "thumbNail": "https://static.colruytgroup.com/images/200x200/std.lang.all/19/18/asset-2231918.jpg",
    "fullImage": "https://static.colruytgroup.com/images/500x500/std.lang.all/19/18/asset-2231918.jpg",
    "squareImage": "https://static.colruytgroup.com/images/500x500sq/std.lang.all/19/18/asset-2231918.jpg",
    "content": "100st",
    "walkRouteSequenceNumber": 1129,
    "price": {
      "basicPrice": 3.75,
      "recommendedQuantity": "1.0",
      "measurementUnitPrice": 0.038,
      "measurementUnit": "S",
      "isRedPrice": false,
      "pricePerUOM": 0.038,
      "activationDate": "27-02-2024",
      "recordSource": "Offline",
      "isPromoActive": "N",
      "priceChangeCode": "H"
    },
    "isAvailable": true,
    "isPriceAvailable": true,
    "inPromo": false,
    "gtin": [
      "04006508200139",
      "04006508904082"
    ],
    "topCategoryName": "Dranken",
    "topCategoryId": "354",
    "businessDomain": "RETAIL_BE",
    "IsPrivateLabel": false,
    "IsBiffe": false,
    "WeightconversionFactor": "0",
    "IsWeightArticle": false,
    "IsBio": false,
    "CountryOfOrigin": "DUITSLAND",
    "IsExclusivelySoldInLuxembourg": false,
    "OrderUnit": "P",
    "ShortName": "MELIT ORIG WIT 1X4 100",
    "IsNew": false,
    "RecentQuanityOfStockUnits": "1",
    "LongName": "MELITTA koffiefilters Original 1x4 100st",
    "AlcoholVolume": "0",
    "FicCode": "N"
  },
  {
    "productId": "11528",
    "technicalArticleNumber": "1374010",
    "commercialArticleNumber": "19632",
    "name": "Multivitamines brik",
    "description": "*Multivruchtensap\n*Uit sapconcentraat\n*Met 51,1 % vruchten\n*Zonder pulp",
    "brand": "MINUTE MAID",
    "seoBrand": "Minute Maid",
    "thumbNail": "https://static.colruytgroup.com/images/200x200/std.lang.all/83/84/asset-3378384.jpg",
    "fullImage": "https://static.colruytgroup.com/images/500x500/std.lang.all/83/84/asset-3378384.jpg",
    "squareImage": "https://static.colruytgroup.com/images/500x500sq/std.lang.all/83/84/asset-3378384.jpg",
    "content": "1L",
    "walkRouteSequenceNumber": 4797,
    "price": {
      "basicPrice": 2.41,
      "recommendedQuantity": "1.0",
      "measurementUnitPrice": 2.41,
      "measurementUnit": "L",
      "isRedPrice": false,
      "pricePerUOM": 2.41,
      "activationDate": "12-03-2024",
      "recordSource": "Offline",
      "isPromoActive": "N",
      "priceChangeCode": "H"
    },
    "isAvailable": true,
    "isPriceAvailable": true,
    "inPromo": false,
    "gtin": [
      "05449000098870",
      "05449000116154",
      "05449000116147",
      "05449000319340",
      "05449000319333"
    ],
    "topCategoryName": "Dranken",
    "topCategoryId": "354",
    "businessDomain": "RETAIL_BE",
    "IsPrivateLabel": false,
    "IsBiffe": false,
    "WeightconversionFactor": "0",
    "IsWeightArticle": false,
    "nutriscoreLabel": "D",
    "IsBio": false,
    "CountryOfOrigin": "BELGIË",
    "IsExclusivelySoldInLuxembourg": false,
    "OrderUnit": "P",
    "ShortName": "MINUT MAID MULTIVITA 1L",
    "IsNew": false,
    "EcoscoreLabel": "C",
    "RecentQuanityOfStockUnits": "6,1,1,4",
    "LongName": "MINUTE MAID Multivitamines brik 1L",
    "AlcoholVolume": "0",
    "FicCode": "E",
    "EcoscoreValue": "43"
  },
  {
    "productId": "14422",
    "technicalArticleNumber": "1608867",
    "commercialArticleNumber": "5213",
    "name": "Zero Agrum'",
    "description": "*Smaak: pompelmoes,\nlimoen, mandarijn\n*Bruisend\n*Met zoetstoffen",
    "brand": "SCHWEPPES",
    "seoBrand": "Schweppes Zero",
    "thumbNail": "https://static.colruytgroup.com/images/200x200/std.lang.all/00/94/asset-3270094.jpg",
    "fullImage": "https://static.colruytgroup.com/images/500x500/std.lang.all/00/94/asset-3270094.jpg",
    "squareImage": "https://static.colruytgroup.com/images/500x500sq/std.lang.all/00/94/asset-3270094.jpg",
    "content": "33cl",
    "walkRouteSequenceNumber": 4302,
    "price": {
      "basicPrice": 0.765,
      "recommendedQuantity": "8.0",
      "measurementUnitPrice": 2.32,
      "measurementUnit": "L",
      "isRedPrice": false,
      "pricePerUOM": 2.32,
      "activationDate": "22-03-2024",
      "recordSource": "Offline",
      "isPromoActive": "N",
      "priceChangeCode": "L"
    },
    "isAvailable": true,
    "isPriceAvailable": true,
    "inPromo": false,
    "gtin": [
      "05410221305108",
      "03124488187040",
      "05410221105470",
      "05410221205194",
      "05410221205200"
    ],
    "topCategoryName": "Dranken",
    "topCategoryId": "354",
    "businessDomain": "RETAIL_BE",
    "IsPrivateLabel": false,
    "IsBiffe": false,
    "WeightconversionFactor": "0",
    "IsWeightArticle": false,
    "nutriscoreLabel": "C",
    "IsBio": false,
    "CountryOfOrigin": "SPANJE",
    "IsExclusivelySoldInLuxembourg": false,
    "OrderUnit": "P",
    "ShortName": "SCHWEP AGRUM ZERO 33CL",
    "IsNew": false,
    "RecentQuanityOfStockUnits": "1,24,8",
    "LongName": "SCHWEPPES Zero Agrum' 33cl",
    "AlcoholVolume": "0",
    "FicCode": "E"
  },
  {
    "productId": "20533",
    "technicalArticleNumber": "1914159",
    "commercialArticleNumber": "5610",
    "name": "lichtbruisend water",
    "description": "*Mineraalwater\n*Lichtbruisend\n*Droogrest: 915 mg/l",
    "brand": "SAN PELLEGRINO",
    "seoBrand": "San Pellegrino",
    "thumbNail": "https://static.colruytgroup.com/images/200x200/std.lang.all/00/86/asset-2060086.jpg",
    "fullImage": "https://static.colruytgroup.com/images/500x500/std.lang.all/00/86/asset-2060086.jpg",
    "squareImage": "https://static.colruytgroup.com/images/500x500sq/std.lang.all/00/86/asset-2060086.jpg",
    "content": "50cl",
    "walkRouteSequenceNumber": 3947,
    "price": {
      "basicPrice": 0.79,
      "recommendedQuantity": "6.0",
      "measurementUnitPrice": 1.58,
      "measurementUnit": "L",
      "isRedPrice": false,
      "pricePerUOM": 1.58,
      "activationDate": "28-02-2024",
      "recordSource": "Offline",
      "isPromoActive": "N",
      "priceChangeCode": "E"
    },
    "isAvailable": true,
    "isPriceAvailable": true,
    "inPromo": false,
    "gtin": [
      "08002270036378",
      "08002270049941",
      "08002270015328"
    ],
    "topCategoryName": "Dranken",
    "topCategoryId": "354",
    "businessDomain": "RETAIL_BE",
    "IsPrivateLabel": false,
    "IsBiffe": false,
    "WeightconversionFactor": "0",
    "IsWeightArticle": false,
    "nutriscoreLabel": "A",
    "IsBio": false,
    "CountryOfOrigin": "FRANKRIJK",
    "IsExclusivelySoldInLuxembourg": false,
    "OrderUnit": "P",
    "ShortName": "SAN PELLEGRINO 50CL PET",
    "IsNew": false,
    "RecentQuanityOfStockUnits": "24,6,1",
    "LongName": "SAN PELLEGRINO lichtbruisend water 50cl",
    "AlcoholVolume": "0",
    "FicCode": "E"
  },
  {
    "productId": "707480",
    "technicalArticleNumber": "4444961",
    "commercialArticleNumber": "17977",
    "name": "The Red Edition",
    "description": "*Energiedrank\n*Smaak: watermeloen\n*Taurine/Cafeïne",
    "brand": "RED BULL",
    "seoBrand": "Red Bull",
    "thumbNail": "https://static.colruytgroup.com/images/200x200/std.lang.all/98/13/asset-2429813.jpg",
    "fullImage": "https://static.colruytgroup.com/images/500x500/std.lang.all/98/13/asset-2429813.jpg",
    "squareImage": "https://static.colruytgroup.com/images/500x500sq/std.lang.all/98/13/asset-2429813.jpg",
    "content": "25cl",
    "walkRouteSequenceNumber": 4672,
    "price": {
      "basicPrice": 1.59,
      "recommendedQuantity": "1.0",
      "quantityPrice": 1.53,
      "quantityPriceQuantity": "24.0",
      "measurementUnitPrice": 6.36,
      "measurementUnitQuantityPrice": 6.12,
      "measurementUnit": "L",
      "isRedPrice": false,
      "pricePerUOM": 6.36,
      "activationDate": "02-03-2024",
      "recordSource": "Offline",
      "isPromoActive": "N",
      "priceChangeCode": "H",
      "quantityPricePerUOM": 6.12,
      "quantityActivationDate": "02-03-2024",
      "quantityPriceChangeCode": "H"
    },
    "isAvailable": true,
    "isPriceAvailable": true,
    "inPromo": false,
    "gtin": [
      "09002490257279",
      "00000090446863",
      "09002490250096"
    ],
    "topCategoryName": "Dranken",
    "topCategoryId": "354",
    "businessDomain": "RETAIL_BE",
    "IsPrivateLabel": false,
    "IsBiffe": false,
    "WeightconversionFactor": "0",
    "IsWeightArticle": false,
    "nutriscoreLabel": "E",
    "IsBio": false,
    "CountryOfOrigin": "OOSTENRIJK",
    "IsExclusivelySoldInLuxembourg": false,
    "OrderUnit": "P",
    "ShortName": "REDB RED EDITION 25CL",
    "IsNew": false,
    "RecentQuanityOfStockUnits": "1,24",
    "LongName": "RED BULL The Red Edition 25cl",
    "FicCode": "E"
  },
  {
    "productId": "1369",
    "technicalArticleNumber": "18808",
    "commercialArticleNumber": "18808",
    "name": "vodka 37,5%",
    "description": "*Vodka\n*Basis voor cocktail\n*37,5 % vol",
    "brand": "EVERYDAY",
    "seoBrand": "Everyday",
    "thumbNail": "https://static.colruytgroup.com/images/200x200/std.lang.all/60/42/asset-1586042.jpg",
    "fullImage": "https://static.colruytgroup.com/images/500x500/std.lang.all/60/42/asset-1586042.jpg",
    "squareImage": "https://static.colruytgroup.com/images/500x500sq/std.lang.all/60/42/asset-1586042.jpg",
    "content": "70cl",
    "walkRouteSequenceNumber": 841,
    "price": {
      "basicPrice": 10.99,
      "recommendedQuantity": "1.0",
      "measurementUnitPrice": 15.7,
      "measurementUnit": "L",
      "isRedPrice": false,
      "pricePerUOM": 15.7,
      "activationDate": "02-03-2024",
      "recordSource": "Offline",
      "isPromoActive": "N",
      "priceChangeCode": "L"
    },
    "isAvailable": true,
    "isPriceAvailable": true,
    "inPromo": false,
    "gtin": [
      "05400141184976",
      "05400141185102",
      "05400141070101"
    ],
    "topCategoryName": "Dranken",
    "topCategoryId": "354",
    "businessDomain": "RETAIL_BE",
    "IsPrivateLabel": true,
    "IsBiffe": false,
    "WeightconversionFactor": "0",
    "IsWeightArticle": false,
    "IsBio": false,
    "CountryOfOrigin": "BELGIË",
    "IsExclusivelySoldInLuxembourg": false,
    "OrderUnit": "P",
    "ShortName": "EVD VODKA 37.5% 70CL",
    "IsNew": false,
    "EcoscoreLabel": "C",
    "RecentQuanityOfStockUnits": "1,6",
    "LongName": "EVERYDAY vodka 37,5% 70cl",
    "AlcoholVolume": "37.5",
    "FicCode": "I",
    "EcoscoreValue": "50"
  },
  {
    "productId": "136502",
    "technicalArticleNumber": "3173173",
    "commercialArticleNumber": "38431",
    "name": "pils 5,2% Cold Grip blik",
    "description": "*Pilsbier\n*5,2 % vol",
    "brand": "JUPILER",
    "seoBrand": "Jupiler",
    "thumbNail": "https://static.colruytgroup.com/images/200x200/std.lang.all/11/11/asset-1781111.jpg",
    "fullImage": "https://static.colruytgroup.com/images/500x500/std.lang.all/11/11/asset-1781111.jpg",
    "squareImage": "https://static.colruytgroup.com/images/500x500sq/std.lang.all/11/11/asset-1781111.jpg",
    "content": "33cl",
    "walkRouteSequenceNumber": 3885,
    "price": {
      "basicPrice": 1.28,
      "recommendedQuantity": "6.0",
      "measurementUnitPrice": 3.88,
      "measurementUnit": "L",
      "isRedPrice": false,
      "pricePerUOM": 3.88,
      "activationDate": "06-03-2024",
      "recordSource": "Offline",
      "isPromoActive": "N",
      "priceChangeCode": "L"
    },
    "isAvailable": true,
    "isPriceAvailable": true,
    "inPromo": false,
    "gtin": [
      "05410228214946",
      "05410228214939",
      "05410228214953"
    ],
    "topCategoryName": "Dranken",
    "topCategoryId": "354",
    "businessDomain": "RETAIL_BE",
    "IsPrivateLabel": false,
    "IsBiffe": false,
    "WeightconversionFactor": "0",
    "IsWeightArticle": false,
    "IsBio": false,
    "CountryOfOrigin": "BELGIË",
    "IsExclusivelySoldInLuxembourg": false,
    "OrderUnit": "P",
    "ShortName": "JUPI PILS CG BLIK 33CL",
    "IsNew": false,
    "RecentQuanityOfStockUnits": "24,6,1",
    "LongName": "JUPILER pils 5,2% Cold Grip blik 33cl",
    "AlcoholVolume": "5.2",
    "FicCode": "E"
  },
  {
    "productId": "110718",
    "technicalArticleNumber": "3113263",
    "commercialArticleNumber": "43844",
    "name": "Lemon",
    "description": "*Smaak: citroen\n*Bruisend",
    "brand": "FANTA",
    "seoBrand": "Fanta",
    "thumbNail": "https://static.colruytgroup.com/images/200x200/std.lang.all/45/05/asset-2494505.jpg",
    "fullImage": "https://static.colruytgroup.com/images/500x500/std.lang.all/45/05/asset-2494505.jpg",
    "squareImage": "https://static.colruytgroup.com/images/500x500sq/std.lang.all/45/05/asset-2494505.jpg",
    "content": "33cl",
    "walkRouteSequenceNumber": 4314,
    "price": {
      "basicPrice": 0.865,
      "recommendedQuantity": "6.0",
      "measurementUnitPrice": 2.63,
      "measurementUnit": "L",
      "isRedPrice": false,
      "pricePerUOM": 2.63,
      "activationDate": "15-03-2024",
      "recordSource": "Offline",
      "isPromoActive": "N",
      "priceChangeCode": "E"
    },
    "isAvailable": true,
    "isPriceAvailable": true,
    "inPromo": true,
    "promotion": [
      {
        "techPromoId": "100843COLR",
        "promotionId": "100843",
        "promotionType": "3",
        "isPersonalized": "N",
        "publicationStartDate": "13-03-2024",
        "publicationEndDate": "26-03-2024"
      }
    ],
    "gtin": [
      "05449000056061",
      "05449000006004",
      "05449000288653",
      "05449000018298",
      "05449000214829",
      "05449000288646"
    ],
    "topCategoryName": "Dranken",
    "topCategoryId": "354",
    "businessDomain": "RETAIL_BE",
    "IsPrivateLabel": false,
    "IsBiffe": false,
    "WeightconversionFactor": "0",
    "IsWeightArticle": false,
    "nutriscoreLabel": "E",
    "IsBio": false,
    "CountryOfOrigin": "BELGIË",
    "IsExclusivelySoldInLuxembourg": false,
    "OrderUnit": "P",
    "ShortName": "FANTA LEMON BLIK 33CL",
    "InSeason": true,
    "IsNew": false,
    "RecentQuanityOfStockUnits": "24,6,1",
    "LongName": "FANTA Lemon 33cl",
    "AlcoholVolume": "0",
    "StartSeasonDate": "12/03/2015",
    "FicCode": "E"
  },
  {
    "productId": "7948",
    "technicalArticleNumber": "1163486",
    "commercialArticleNumber": "19660",
    "name": "sinaasappelsap",
    "description": "*Sinaasappeldrank\n*Uit sapconcentraat\n*Met 12 % vruchten\n*Zonder pulp",
    "brand": "CAPRI-SUN",
    "seoBrand": "Capri-Sun",
    "thumbNail": "https://static.colruytgroup.com/images/200x200/std.lang.all/47/94/asset-2494794.jpg",
    "fullImage": "https://static.colruytgroup.com/images/500x500/std.lang.all/47/94/asset-2494794.jpg",
    "squareImage": "https://static.colruytgroup.com/images/500x500sq/std.lang.all/47/94/asset-2494794.jpg",
    "content": "10x20cl",
    "walkRouteSequenceNumber": 4090,
    "price": {
      "basicPrice": 3.79,
      "recommendedQuantity": "1.0",
      "measurementUnitPrice": 1.9,
      "measurementUnit": "L",
      "isRedPrice": false,
      "pricePerUOM": 1.9,
      "activationDate": "23-03-2024",
      "recordSource": "Folder",
      "isPromoActive": "N",
      "priceChangeCode": "E"
    },
    "isAvailable": true,
    "isPriceAvailable": true,
    "inPromo": false,
    "gtin": [
      "04000177158210",
      "04000177158241",
      "04000177158227",
      "04000177027769"
    ],
    "topCategoryName": "Dranken",
    "topCategoryId": "354",
    "businessDomain": "RETAIL_BE",
    "IsPrivateLabel": false,
    "IsBiffe": false,
    "WeightconversionFactor": "0",
    "IsWeightArticle": false,
    "nutriscoreLabel": "D",
    "IsBio": false,
    "CountryOfOrigin": "BELGIË",
    "IsExclusivelySoldInLuxembourg": false,
    "OrderUnit": "P",
    "ShortName": "CAPR SINAASAPPEL10X20CL",
    "InSeason": true,
    "IsNew": false,
    "RecentQuanityOfStockUnits": "1",
    "LongName": "CAPRI-SUN sinaasappelsap 10x20cl",
    "AlcoholVolume": "0",
    "StartSeasonDate": "23/04/2020",
    "FicCode": "E"
  },
  {
    "productId": "721574",
    "technicalArticleNumber": "4472424",
    "commercialArticleNumber": "27473",
    "name": "Zero Sugar No Caffeine",
    "description": "*Bruisend\n*Met zoetstoffen\n*Zonder cafeïne",
    "brand": "COCA-COLA",
    "seoBrand": "Coca-Cola Zero Sugar",
    "thumbNail": "https://static.colruytgroup.com/images/200x200/std.lang.all/47/98/asset-3404798.jpg",
    "fullImage": "https://static.colruytgroup.com/images/500x500/std.lang.all/47/98/asset-3404798.jpg",
    "squareImage": "https://static.colruytgroup.com/images/500x500sq/std.lang.all/47/98/asset-3404798.jpg",
    "content": "1,5L",
    "walkRouteSequenceNumber": 4359,
    "price": {
      "basicPrice": 2.24,
      "recommendedQuantity": "6.0",
      "measurementUnitPrice": 1.5,
      "measurementUnit": "L",
      "isRedPrice": false,
      "pricePerUOM": 1.5,
      "activationDate": "16-03-2024",
      "recordSource": "Offline",
      "isPromoActive": "N",
      "priceChangeCode": "E"
    },
    "isAvailable": true,
    "isPriceAvailable": true,
    "inPromo": true,
    "promotion": [
      {
        "techPromoId": "100842COLR",
        "promotionId": "100842",
        "promotionType": "3",
        "isPersonalized": "N",
        "publicationStartDate": "13-03-2024",
        "publicationEndDate": "26-03-2024"
      }
    ],
    "gtin": [
      "05449000179197",
      "05449000169358"
    ],
    "topCategoryName": "Dranken",
    "topCategoryId": "354",
    "businessDomain": "RETAIL_BE",
    "IsPrivateLabel": false,
    "IsBiffe": false,
    "WeightconversionFactor": "0",
    "IsWeightArticle": false,
    "nutriscoreLabel": "C",
    "IsBio": false,
    "CountryOfOrigin": "BELGIË",
    "IsExclusivelySoldInLuxembourg": false,
    "OrderUnit": "P",
    "ShortName": "COCA ZERO NO CAFF. 1.5L",
    "IsNew": false,
    "RecentQuanityOfStockUnits": "1,6",
    "LongName": "COCA-COLA Zero Sugar No Caffeine 1,5L",
    "FicCode": "E"
  },
  {
    "productId": "11172",
    "technicalArticleNumber": "1350963",
    "commercialArticleNumber": "5484",
    "name": "Pure Life bronwater sportdop",
    "description": "*Bronwater\n*Niet-bruisend\n*Droogrest: 208 mg/l\n*Babyvoeding",
    "brand": "NESTLÉ",
    "seoBrand": "Nestlé Pure Life",
    "thumbNail": "https://static.colruytgroup.com/images/200x200/std.lang.all/41/91/asset-3304191.jpg",
    "fullImage": "https://static.colruytgroup.com/images/500x500/std.lang.all/41/91/asset-3304191.jpg",
    "squareImage": "https://static.colruytgroup.com/images/500x500sq/std.lang.all/41/91/asset-3304191.jpg",
    "content": "33cl",
    "walkRouteSequenceNumber": 3988,
    "price": {
      "basicPrice": 0.399,
      "recommendedQuantity": "12.0",
      "quantityPrice": 0.382,
      "quantityPriceQuantity": "48.0",
      "measurementUnitPrice": 1.21,
      "measurementUnitQuantityPrice": 1.17,
      "measurementUnit": "L",
      "isRedPrice": false,
      "pricePerUOM": 1.21,
      "activationDate": "09-03-2024",
      "recordSource": "Offline",
      "isPromoActive": "N",
      "priceChangeCode": "H",
      "quantityPricePerUOM": 1.17,
      "quantityActivationDate": "09-03-2024",
      "quantityPriceChangeCode": "E"
    },
    "isAvailable": true,
    "isPriceAvailable": true,
    "inPromo": false,
    "gtin": [
      "07613036417761",
      "03700123300137",
      "03700123300151",
      "03700123300144"
    ],
    "topCategoryName": "Dranken",
    "topCategoryId": "354",
    "businessDomain": "RETAIL_BE",
    "IsPrivateLabel": false,
    "IsBiffe": false,
    "WeightconversionFactor": "0",
    "IsWeightArticle": false,
    "nutriscoreLabel": "A",
    "IsBio": false,
    "CountryOfOrigin": "BELGIË",
    "IsExclusivelySoldInLuxembourg": false,
    "OrderUnit": "P",
    "ShortName": "PURE LIFE WATER 33CL",
    "IsNew": false,
    "RecentQuanityOfStockUnits": "1,12",
    "LongName": "NESTLÉ Pure Life bronwater sportdop 33cl",
    "AlcoholVolume": "0",
    "FicCode": "E"
  },
  {
    "productId": "44012",
    "technicalArticleNumber": "2513611",
    "commercialArticleNumber": "12539",
    "name": "Aperitivo 11%",
    "description": "*Bitter\n*Aperitief\n*11,0 % vol",
    "brand": "APEROL",
    "seoBrand": "Aperol",
    "thumbNail": "https://static.colruytgroup.com/images/200x200/std.lang.all/61/48/asset-3436148.jpg",
    "fullImage": "https://static.colruytgroup.com/images/500x500/std.lang.all/61/48/asset-3436148.jpg",
    "squareImage": "https://static.colruytgroup.com/images/500x500sq/std.lang.all/61/48/asset-3436148.jpg",
    "content": "1L",
    "walkRouteSequenceNumber": 860,
    "price": {
      "basicPrice": 16.39,
      "recommendedQuantity": "1.0",
      "measurementUnitPrice": 16.39,
      "measurementUnit": "L",
      "isRedPrice": false,
      "pricePerUOM": 16.39,
      "activationDate": "02-01-2024",
      "recordSource": "Offline",
      "isPromoActive": "N",
      "priceChangeCode": "H"
    },
    "isAvailable": true,
    "isPriceAvailable": true,
    "inPromo": false,
    "gtin": [
      "08002230350278",
      "08002230000012",
      "05425008641560"
    ],
    "topCategoryName": "Dranken",
    "topCategoryId": "354",
    "businessDomain": "RETAIL_BE",
    "IsPrivateLabel": false,
    "IsBiffe": false,
    "WeightconversionFactor": "0",
    "IsWeightArticle": false,
    "IsBio": false,
    "CountryOfOrigin": "ITALIË",
    "IsExclusivelySoldInLuxembourg": false,
    "OrderUnit": "P",
    "ShortName": "APEROL 11% 1L",
    "InSeason": true,
    "IsNew": false,
    "EcoscoreLabel": "C",
    "RecentQuanityOfStockUnits": "1,6",
    "LongName": "APEROL Aperitivo 11% 1L",
    "AlcoholVolume": "11",
    "StartSeasonDate": "05/06/2013",
    "FicCode": "E",
    "EcoscoreValue": "42"
  },
  {
    "productId": "1765",
    "technicalArticleNumber": "22621",
    "commercialArticleNumber": "22621",
    "name": "filterkoffie dessert",
    "description": "*Zachte koffie\n*Vol aroma\n*Koffiefilter",
    "brand": "EVERYDAY",
    "seoBrand": "Everyday",
    "thumbNail": "https://static.colruytgroup.com/images/200x200/std.lang.all/33/65/asset-783365.jpg",
    "fullImage": "https://static.colruytgroup.com/images/500x500/std.lang.all/33/65/asset-783365.jpg",
    "squareImage": "https://static.colruytgroup.com/images/500x500sq/std.lang.all/33/65/asset-783365.jpg",
    "content": "20st",
    "walkRouteSequenceNumber": 1206,
    "price": {
      "basicPrice": 3.98,
      "recommendedQuantity": "1.0",
      "measurementUnitPrice": 28.43,
      "measurementUnit": "K",
      "isRedPrice": false,
      "pricePerUOM": 28.43,
      "activationDate": "14-03-2024",
      "recordSource": "Offline",
      "isPromoActive": "N",
      "priceChangeCode": "E"
    },
    "isAvailable": true,
    "isPriceAvailable": true,
    "inPromo": false,
    "gtin": [
      "00000020226213",
      "05400141261516",
      "15400141906384"
    ],
    "topCategoryName": "Dranken",
    "topCategoryId": "354",
    "businessDomain": "RETAIL_BE",
    "IsPrivateLabel": true,
    "IsBiffe": false,
    "WeightconversionFactor": "0",
    "IsWeightArticle": false,
    "nutriscoreLabel": "B",
    "IsBio": false,
    "CountryOfOrigin": "BELGIË",
    "IsExclusivelySoldInLuxembourg": false,
    "OrderUnit": "P",
    "ShortName": "EVD 20 FILTERS",
    "IsNew": false,
    "EcoscoreLabel": "C",
    "RecentQuanityOfStockUnits": "1,12",
    "LongName": "EVERYDAY filterkoffie dessert 20st",
    "AlcoholVolume": "0",
    "FicCode": "I",
    "EcoscoreValue": "40"
  },
  {
    "productId": "57108",
    "technicalArticleNumber": "2259812",
    "commercialArticleNumber": "4325",
    "name": "siroop grenad-cranb. 0% suiker",
    "description": "*Smaak: grenadine-\nveenbes\n*1/10 sir.-9/10 wat.\n*8 % vruchtensap\n*Met zoetstoffen",
    "brand": "BONI",
    "seoBrand": "Boni Selection",
    "thumbNail": "https://static.colruytgroup.com/images/200x200/std.lang.all/66/21/asset-3026621.jpg",
    "fullImage": "https://static.colruytgroup.com/images/500x500/std.lang.all/66/21/asset-3026621.jpg",
    "squareImage": "https://static.colruytgroup.com/images/500x500sq/std.lang.all/66/21/asset-3026621.jpg",
    "content": "75cl",
    "walkRouteSequenceNumber": 4009,
    "price": {
      "basicPrice": 2.99,
      "recommendedQuantity": "1.0",
      "quantityPrice": 2.87,
      "quantityPriceQuantity": "6.0",
      "measurementUnitPrice": 3.99,
      "measurementUnitQuantityPrice": 3.83,
      "measurementUnit": "L",
      "isRedPrice": false,
      "pricePerUOM": 3.99,
      "activationDate": "12-03-2024",
      "recordSource": "Offline",
      "isPromoActive": "N",
      "priceChangeCode": "E",
      "quantityPricePerUOM": 3.83,
      "quantityActivationDate": "12-03-2024",
      "quantityPriceChangeCode": "H"
    },
    "isAvailable": true,
    "isPriceAvailable": true,
    "inPromo": false,
    "gtin": [
      "15400141290797",
      "05400141290790",
      "05400141393071",
      "05400141135954",
      "15400141135951"
    ],
    "topCategoryName": "Dranken",
    "topCategoryId": "354",
    "businessDomain": "RETAIL_BE",
    "IsPrivateLabel": true,
    "IsBiffe": false,
    "WeightconversionFactor": "0",
    "IsWeightArticle": false,
    "nutriscoreLabel": "C",
    "IsBio": false,
    "CountryOfOrigin": "FRANKRIJK",
    "IsExclusivelySoldInLuxembourg": false,
    "OrderUnit": "P",
    "ShortName": "BONI GREN-CRANB.0% 75CL",
    "IsNew": false,
    "EcoscoreLabel": "A",
    "RecentQuanityOfStockUnits": "6,1",
    "LongName": "BONI siroop grenad-cranb. 0% suiker 75cl",
    "AlcoholVolume": "0",
    "FicCode": "I",
    "EcoscoreValue": "100"
  },
  {
    "productId": "368",
    "technicalArticleNumber": "5001",
    "commercialArticleNumber": "5001",
    "name": "4,7% bak",
    "description": "*Pilsbier\n*4,7 % vol",
    "brand": "CARA PILS",
    "seoBrand": "Cara",
    "thumbNail": "https://static.colruytgroup.com/images/200x200/std.lang.all/54/88/asset-2075488.jpg",
    "fullImage": "https://static.colruytgroup.com/images/500x500/std.lang.all/54/88/asset-2075488.jpg",
    "squareImage": "https://static.colruytgroup.com/images/500x500sq/std.lang.all/54/88/asset-2075488.jpg",
    "content": "24x25cl",
    "walkRouteSequenceNumber": 3820,
    "price": {
      "basicPrice": 4.99,
      "recommendedQuantity": "1.0",
      "measurementUnitPrice": 0.84,
      "measurementUnit": "L",
      "isRedPrice": false,
      "pricePerUOM": 0.84,
      "activationDate": "28-02-2024",
      "recordSource": "Offline",
      "isPromoActive": "N",
      "priceChangeCode": "L"
    },
    "isAvailable": true,
    "isPriceAvailable": true,
    "inPromo": false,
    "gtin": [
      "05400141867497",
      "05400141266627",
      "05400141123081",
      "05400141123166"
    ],
    "topCategoryName": "Dranken",
    "topCategoryId": "354",
    "businessDomain": "RETAIL_BE",
    "IsPrivateLabel": true,
    "IsBiffe": false,
    "WeightconversionFactor": "0",
    "IsWeightArticle": false,
    "IsBio": false,
    "CountryOfOrigin": "BELGIË",
    "IsExclusivelySoldInLuxembourg": false,
    "OrderUnit": "P",
    "ShortName": "CARA PILS 4.7% 24X25CL",
    "IsNew": false,
    "EcoscoreLabel": "C",
    "RecentQuanityOfStockUnits": "1,1",
    "LongName": "CARA PILS 4,7% bak 24x25cl",
    "AlcoholVolume": "4.7",
    "FicCode": "I",
    "DepositValue": [
      4.5
    ],
    "EcoscoreValue": "50"
  },
  {
    "productId": "331928",
    "technicalArticleNumber": "3814394",
    "commercialArticleNumber": "51217",
    "name": "Bonen Moka RFA",
    "description": "*Sterkte: Intense\nkoffie\n*Smaak: pittig en\nkaraktervol\n*Koffiebonen",
    "brand": "GRAINDOR",
    "seoBrand": "Graindor",
    "thumbNail": "https://static.colruytgroup.com/images/200x200/std.lang.all/93/58/asset-2009358.jpg",
    "fullImage": "https://static.colruytgroup.com/images/500x500/std.lang.all/93/58/asset-2009358.jpg",
    "squareImage": "https://static.colruytgroup.com/images/500x500sq/std.lang.all/93/58/asset-2009358.jpg",
    "content": "500g",
    "walkRouteSequenceNumber": 1016,
    "price": {
      "basicPrice": 5.49,
      "recommendedQuantity": "1.0",
      "measurementUnitPrice": 10.98,
      "measurementUnit": "K",
      "isRedPrice": false,
      "pricePerUOM": 10.98,
      "activationDate": "14-03-2024",
      "recordSource": "Offline",
      "isPromoActive": "N",
      "priceChangeCode": "E"
    },
    "isAvailable": true,
    "isPriceAvailable": true,
    "inPromo": false,
    "gtin": [
      "05400141034295",
      "35400141034296"
    ],
    "topCategoryName": "Dranken",
    "topCategoryId": "354",
    "businessDomain": "RETAIL_BE",
    "IsPrivateLabel": true,
    "IsBiffe": false,
    "WeightconversionFactor": "0",
    "IsWeightArticle": false,
    "nutriscoreLabel": "B",
    "IsBio": false,
    "CountryOfOrigin": "BELGIË",
    "IsExclusivelySoldInLuxembourg": false,
    "OrderUnit": "P",
    "ShortName": "GRAI MOKA BONEN 500G",
    "IsNew": false,
    "EcoscoreLabel": "C",
    "RecentQuanityOfStockUnits": "1,8",
    "LongName": "GRAINDOR Bonen Moka RFA 500g",
    "AlcoholVolume": "0",
    "FicCode": "I",
    "EcoscoreValue": "59"
  },
  {
    "productId": "60268",
    "technicalArticleNumber": "2334837",
    "commercialArticleNumber": "18698",
    "name": "Blue Fruits/Citrus",
    "description": "*Instant thee\n*Citrus, blauwe\nvruchten",
    "brand": "LIPTON",
    "seoBrand": "Lipton",
    "thumbNail": "https://static.colruytgroup.com/images/200x200/std.lang.all/54/76/asset-1515476.jpg",
    "fullImage": "https://static.colruytgroup.com/images/500x500/std.lang.all/54/76/asset-1515476.jpg",
    "squareImage": "https://static.colruytgroup.com/images/500x500sq/std.lang.all/54/76/asset-1515476.jpg",
    "content": "20st",
    "walkRouteSequenceNumber": 1260,
    "price": {
      "basicPrice": 2.29,
      "recommendedQuantity": "1.0",
      "measurementUnitPrice": 63.62,
      "measurementUnit": "K",
      "isRedPrice": false,
      "pricePerUOM": 63.62,
      "activationDate": "11-03-2024",
      "recordSource": "Offline",
      "isPromoActive": "N",
      "priceChangeCode": "H"
    },
    "isAvailable": true,
    "isPriceAvailable": true,
    "inPromo": false,
    "gtin": [
      "08711327515598",
      "08711327515543",
      "08720182016843",
      "08720182142221",
      "07310391855183",
      "08712423016590",
      "08711327515536",
      "07310390855122",
      "07310390855184"
    ],
    "topCategoryName": "Dranken",
    "topCategoryId": "354",
    "businessDomain": "RETAIL_BE",
    "IsPrivateLabel": false,
    "IsBiffe": false,
    "WeightconversionFactor": "0",
    "IsWeightArticle": false,
    "nutriscoreLabel": "B",
    "IsBio": false,
    "CountryOfOrigin": "POLEN",
    "IsExclusivelySoldInLuxembourg": false,
    "OrderUnit": "P",
    "ShortName": "LIPT BLUE FR/CITRUS20B",
    "IsNew": false,
    "EcoscoreLabel": "B",
    "RecentQuanityOfStockUnits": "12,1,1",
    "LongName": "LIPTON Blue Fruits/Citrus 20st",
    "AlcoholVolume": "0",
    "FicCode": "E",
    "EcoscoreValue": "79"
  },
  {
    "productId": "136122",
    "technicalArticleNumber": "3189085",
    "commercialArticleNumber": "3734",
    "name": "Pils 5,2%",
    "description": "*Pilsbier\n*5,2 % vol",
    "brand": "JUPILER",
    "seoBrand": "Jupiler",
    "thumbNail": "https://static.colruytgroup.com/images/200x200/std.lang.all/96/47/asset-3179647.jpg",
    "fullImage": "https://static.colruytgroup.com/images/500x500/std.lang.all/96/47/asset-3179647.jpg",
    "squareImage": "https://static.colruytgroup.com/images/500x500sq/std.lang.all/96/47/asset-3179647.jpg",
    "content": "6x25cl",
    "walkRouteSequenceNumber": 3840,
    "price": {
      "basicPrice": 4.44,
      "recommendedQuantity": "1.0",
      "measurementUnitPrice": 2.96,
      "measurementUnit": "L",
      "isRedPrice": false,
      "pricePerUOM": 2.96,
      "activationDate": "23-12-2023",
      "recordSource": "Online",
      "isPromoActive": "N",
      "priceChangeCode": "H"
    },
    "isAvailable": true,
    "isPriceAvailable": true,
    "inPromo": false,
    "gtin": [
      "05410228257479",
      "05410228211631",
      "05410228211341"
    ],
    "topCategoryName": "Dranken",
    "topCategoryId": "354",
    "businessDomain": "RETAIL_BE",
    "IsPrivateLabel": false,
    "IsBiffe": false,
    "WeightconversionFactor": "0",
    "IsWeightArticle": false,
    "IsBio": false,
    "CountryOfOrigin": "BELGIË",
    "IsExclusivelySoldInLuxembourg": false,
    "OrderUnit": "P",
    "ShortName": "JUPI BASKET 6X25CL",
    "IsNew": false,
    "RecentQuanityOfStockUnits": "4,1",
    "LongName": "JUPILER Pils 5,2% 6x25cl",
    "AlcoholVolume": "5.2",
    "FicCode": "E",
    "DepositValue": [
      0.6
    ]
  },
  {
    "productId": "223391",
    "technicalArticleNumber": "3473854",
    "commercialArticleNumber": "13826",
    "name": "Scotch Whisky 3Y 40%",
    "description": "*Scotch blend.whisky\n*Schotland",
    "brand": "EVERYDAY",
    "seoBrand": "Everyday",
    "thumbNail": "https://static.colruytgroup.com/images/200x200/std.lang.all/86/20/asset-3038620.jpg",
    "fullImage": "https://static.colruytgroup.com/images/500x500/std.lang.all/86/20/asset-3038620.jpg",
    "squareImage": "https://static.colruytgroup.com/images/500x500sq/std.lang.all/86/20/asset-3038620.jpg",
    "content": "70cl",
    "walkRouteSequenceNumber": 974,
    "price": {
      "basicPrice": 13.49,
      "recommendedQuantity": "1.0",
      "measurementUnitPrice": 19.28,
      "measurementUnit": "L",
      "isRedPrice": false,
      "pricePerUOM": 19.28,
      "activationDate": "23-03-2024",
      "recordSource": "Offline",
      "isPromoActive": "N",
      "priceChangeCode": "H"
    },
    "isAvailable": true,
    "isPriceAvailable": true,
    "inPromo": false,
    "gtin": [
      "15400141820475",
      "05400141392951"
    ],
    "topCategoryName": "Dranken",
    "topCategoryId": "354",
    "businessDomain": "RETAIL_BE",
    "IsPrivateLabel": true,
    "IsBiffe": false,
    "WeightconversionFactor": "0",
    "IsWeightArticle": false,
    "IsBio": false,
    "CountryOfOrigin": "VERENIGD KONINKRIJK",
    "IsExclusivelySoldInLuxembourg": false,
    "OrderUnit": "P",
    "ShortName": "EVD SCOTCH WHISKY40%70C",
    "IsNew": false,
    "EcoscoreLabel": "D",
    "RecentQuanityOfStockUnits": "1,12",
    "LongName": "EVERYDAY Scotch Whisky 3Y 40% 70cl",
    "AlcoholVolume": "39.7",
    "FicCode": "I",
    "EcoscoreValue": "38"
  },
  {
    "productId": "123491",
    "technicalArticleNumber": "3227705",
    "commercialArticleNumber": "13627",
    "name": "Tropical",
    "description": "*Multivruchtendrank\n*Niet-bruisend\n*Uit sapconcentraat\n*Met 12 % vruchten\n*Zonder pulp",
    "brand": "BONI",
    "seoBrand": "Boni Selection",
    "thumbNail": "https://static.colruytgroup.com/images/200x200/std.lang.all/53/59/asset-2795359.jpg",
    "fullImage": "https://static.colruytgroup.com/images/500x500/std.lang.all/53/59/asset-2795359.jpg",
    "squareImage": "https://static.colruytgroup.com/images/500x500sq/std.lang.all/53/59/asset-2795359.jpg",
    "content": "50cl",
    "walkRouteSequenceNumber": 4060,
    "price": {
      "basicPrice": 0.79,
      "recommendedQuantity": "6.0",
      "measurementUnitPrice": 1.58,
      "measurementUnit": "L",
      "isRedPrice": false,
      "pricePerUOM": 1.58,
      "activationDate": "17-11-2023",
      "isPromoActive": "N",
      "priceChangeCode": "H"
    },
    "isAvailable": true,
    "isPriceAvailable": true,
    "inPromo": false,
    "gtin": [
      "25400141302930",
      "15400141966746",
      "15400141302933",
      "05400141302936",
      "05400141086652",
      "05400141087116"
    ],
    "topCategoryName": "Dranken",
    "topCategoryId": "354",
    "businessDomain": "RETAIL_BE",
    "IsPrivateLabel": true,
    "IsBiffe": false,
    "WeightconversionFactor": "0",
    "IsWeightArticle": false,
    "nutriscoreLabel": "E",
    "IsBio": false,
    "CountryOfOrigin": "DUITSLAND",
    "IsExclusivelySoldInLuxembourg": false,
    "OrderUnit": "P",
    "ShortName": "BONI TROPICAL 50CL",
    "IsNew": false,
    "RecentQuanityOfStockUnits": "24,6,1",
    "LongName": "BONI Tropical 50cl",
    "AlcoholVolume": "0",
    "FicCode": "I"
  },
  {
    "productId": "226161",
    "technicalArticleNumber": "3565936",
    "commercialArticleNumber": "41472",
    "name": "cola Cherry",
    "description": "*Frisdrank\n*Cola\n*Met zoetstoffen",
    "brand": "PEPSI ZERO SUGAR",
    "seoBrand": "Pepsi Zero Sugar",
    "thumbNail": "https://static.colruytgroup.com/images/200x200/std.lang.all/47/47/asset-3424747.jpg",
    "fullImage": "https://static.colruytgroup.com/images/500x500/std.lang.all/47/47/asset-3424747.jpg",
    "squareImage": "https://static.colruytgroup.com/images/500x500sq/std.lang.all/47/47/asset-3424747.jpg",
    "content": "33cl",
    "walkRouteSequenceNumber": 4345,
    "price": {
      "basicPrice": 0.86,
      "recommendedQuantity": "6.0",
      "quantityPrice": 0.79,
      "quantityPriceQuantity": "24.0",
      "measurementUnitPrice": 2.61,
      "measurementUnitQuantityPrice": 2.4,
      "measurementUnit": "L",
      "isRedPrice": false,
      "pricePerUOM": 2.61,
      "activationDate": "13-01-2024",
      "recordSource": "Online",
      "isPromoActive": "N",
      "priceChangeCode": "H",
      "quantityPricePerUOM": 2.4,
      "quantityActivationDate": "13-01-2024",
      "quantityPriceChangeCode": "H"
    },
    "isAvailable": true,
    "isPriceAvailable": true,
    "inPromo": false,
    "gtin": [
      "05410188032017",
      "05410188034288",
      "05410188034271",
      "05410188033779"
    ],
    "topCategoryName": "Dranken",
    "topCategoryId": "354",
    "businessDomain": "RETAIL_BE",
    "IsPrivateLabel": false,
    "IsBiffe": false,
    "WeightconversionFactor": "0",
    "IsWeightArticle": false,
    "nutriscoreLabel": "B",
    "IsBio": false,
    "CountryOfOrigin": "EUROPA",
    "IsExclusivelySoldInLuxembourg": false,
    "OrderUnit": "P",
    "ShortName": "PEPSI ZS CHERRY 33CL.",
    "IsNew": false,
    "RecentQuanityOfStockUnits": "1,6,24",
    "LongName": "PEPSI ZERO SUGAR cola Cherry 33cl",
    "AlcoholVolume": "0",
    "FicCode": "E"
  },
  {
    "productId": "440",
    "technicalArticleNumber": "5160",
    "commercialArticleNumber": "5160",
    "name": "sportdrank Lemon",
    "description": "*Sportdrank\n*Smaak: citroen",
    "brand": "AQUARIUS",
    "seoBrand": "Aquarius",
    "thumbNail": "https://static.colruytgroup.com/images/200x200/std.lang.all/38/04/asset-3243804.jpg",
    "fullImage": "https://static.colruytgroup.com/images/500x500/std.lang.all/38/04/asset-3243804.jpg",
    "squareImage": "https://static.colruytgroup.com/images/500x500sq/std.lang.all/38/04/asset-3243804.jpg",
    "content": "50cl",
    "walkRouteSequenceNumber": 4729,
    "price": {
      "basicPrice": 1.19,
      "recommendedQuantity": "6.0",
      "measurementUnitPrice": 2.38,
      "measurementUnit": "L",
      "isRedPrice": false,
      "pricePerUOM": 2.38,
      "activationDate": "23-03-2024",
      "recordSource": "Folder",
      "isPromoActive": "N",
      "priceChangeCode": "E"
    },
    "isAvailable": true,
    "isPriceAvailable": true,
    "inPromo": false,
    "gtin": [
      "00000050112784",
      "05449000197481",
      "05449000197566"
    ],
    "topCategoryName": "Dranken",
    "topCategoryId": "354",
    "businessDomain": "RETAIL_BE",
    "IsPrivateLabel": false,
    "IsBiffe": false,
    "WeightconversionFactor": "0",
    "IsWeightArticle": false,
    "nutriscoreLabel": "D",
    "IsBio": false,
    "CountryOfOrigin": "BELGIË",
    "IsExclusivelySoldInLuxembourg": false,
    "OrderUnit": "P",
    "ShortName": "AQUARIUS LEMON 50CL PET",
    "IsNew": false,
    "RecentQuanityOfStockUnits": "24,6,1",
    "LongName": "AQUARIUS sportdrank Lemon 50cl",
    "AlcoholVolume": "0",
    "FicCode": "E"
  },
  {
    "productId": "42684",
    "technicalArticleNumber": "2496141",
    "commercialArticleNumber": "39521",
    "name": "Original sinaas-ananas",
    "description": "*Smaak: multivruchten\n*Niet-bruisend",
    "brand": "TROPICO",
    "seoBrand": "Tropico",
    "thumbNail": "https://static.colruytgroup.com/images/200x200/std.lang.all/21/33/asset-1852133.jpg",
    "fullImage": "https://static.colruytgroup.com/images/500x500/std.lang.all/21/33/asset-1852133.jpg",
    "squareImage": "https://static.colruytgroup.com/images/500x500sq/std.lang.all/21/33/asset-1852133.jpg",
    "content": "33cl",
    "walkRouteSequenceNumber": 4064,
    "price": {
      "basicPrice": 0.91,
      "recommendedQuantity": "6.0",
      "quantityPrice": 0.87,
      "quantityPriceQuantity": "24.0",
      "measurementUnitPrice": 2.76,
      "measurementUnitQuantityPrice": 2.64,
      "measurementUnit": "L",
      "isRedPrice": false,
      "pricePerUOM": 2.76,
      "activationDate": "23-03-2024",
      "recordSource": "Offline",
      "isPromoActive": "N",
      "priceChangeCode": "H",
      "quantityPricePerUOM": 2.64,
      "quantityActivationDate": "23-03-2024",
      "quantityPriceChangeCode": "H"
    },
    "isAvailable": true,
    "isPriceAvailable": true,
    "inPromo": false,
    "gtin": [
      "03700271000682",
      "05449000269799",
      "05449000272829",
      "05449000283177",
      "05449000283191",
      "05449000272836",
      "05449000281647",
      "05449000012814",
      "05449000012876",
      "05449000022066"
    ],
    "topCategoryName": "Dranken",
    "topCategoryId": "354",
    "businessDomain": "RETAIL_BE",
    "IsPrivateLabel": false,
    "IsBiffe": false,
    "WeightconversionFactor": "0",
    "IsWeightArticle": false,
    "nutriscoreLabel": "D",
    "IsBio": false,
    "CountryOfOrigin": "BELGIË",
    "IsExclusivelySoldInLuxembourg": false,
    "OrderUnit": "P",
    "ShortName": "TROP EXOTIQUE BLIK 33CL",
    "InSeason": true,
    "IsNew": false,
    "RecentQuanityOfStockUnits": "24,6,1,1",
    "LongName": "TROPICO Original sinaas-ananas 33cl",
    "AlcoholVolume": "0",
    "StartSeasonDate": "11/10/2011",
    "FicCode": "E"
  },
  {
    "productId": "7241",
    "technicalArticleNumber": "1156586",
    "commercialArticleNumber": "5584",
    "name": "Aardbeidrink brik",
    "description": "*Magere melk\n*België",
    "brand": "EVERYDAY",
    "seoBrand": "Everyday",
    "thumbNail": "https://static.colruytgroup.com/images/200x200/std.lang.all/45/37/asset-2274537.jpg",
    "fullImage": "https://static.colruytgroup.com/images/500x500/std.lang.all/45/37/asset-2274537.jpg",
    "squareImage": "https://static.colruytgroup.com/images/500x500sq/std.lang.all/45/37/asset-2274537.jpg",
    "content": "1L",
    "walkRouteSequenceNumber": 6340,
    "price": {
      "basicPrice": 1.19,
      "recommendedQuantity": "12.0",
      "measurementUnitPrice": 1.19,
      "measurementUnit": "L",
      "isRedPrice": false,
      "pricePerUOM": 1.19,
      "activationDate": "02-02-2024",
      "recordSource": "Offline",
      "isPromoActive": "N",
      "priceChangeCode": "E"
    },
    "isAvailable": true,
    "isPriceAvailable": true,
    "inPromo": false,
    "gtin": [
      "15400141560883",
      "05400141560886",
      "15400141105114",
      "05400141055849",
      "05400141105117",
      "05400141379846"
    ],
    "topCategoryName": "Zuivel",
    "topCategoryId": "65",
    "businessDomain": "RETAIL_BE",
    "IsPrivateLabel": true,
    "IsBiffe": false,
    "WeightconversionFactor": "0",
    "IsWeightArticle": false,
    "nutriscoreLabel": "C",
    "IsBio": false,
    "CountryOfOrigin": "BELGIË",
    "IsExclusivelySoldInLuxembourg": false,
    "OrderUnit": "P",
    "ShortName": "EVD AARDBEIDRINK 1L",
    "IsNew": false,
    "EcoscoreLabel": "A",
    "RecentQuanityOfStockUnits": "1,12",
    "LongName": "EVERYDAY Aardbeidrink brik 1L",
    "AlcoholVolume": "0",
    "FicCode": "I",
    "EcoscoreValue": "100"
  },
  {
    "productId": "738751",
    "technicalArticleNumber": "4501884",
    "commercialArticleNumber": "11174",
    "name": "koffiemelk romig PET",
    "brand": "NUTROMA",
    "seoBrand": "Nutroma",
    "thumbNail": "https://static.colruytgroup.com/images/200x200/nl_be/49/38/asset-2684938.jpg",
    "fullImage": "https://static.colruytgroup.com/images/500x500/nl_be/49/38/asset-2684938.jpg",
    "squareImage": "https://static.colruytgroup.com/images/500x500sq/nl_be/49/38/asset-2684938.jpg",
    "content": "500ml",
    "walkRouteSequenceNumber": 6358,
    "price": {
      "basicPrice": 3.19,
      "recommendedQuantity": "1.0",
      "measurementUnitPrice": 6.38,
      "measurementUnit": "L",
      "isRedPrice": false,
      "pricePerUOM": 6.38,
      "activationDate": "28-02-2024",
      "recordSource": "Offline",
      "isPromoActive": "N",
      "priceChangeCode": "E"
    },
    "isAvailable": true,
    "isPriceAvailable": true,
    "inPromo": false,
    "gtin": [
      "05410438043145",
      "05410438043138"
    ],
    "topCategoryName": "Zuivel",
    "topCategoryId": "65",
    "businessDomain": "RETAIL_BE",
    "IsPrivateLabel": false,
    "IsBiffe": false,
    "WeightconversionFactor": "0",
    "IsWeightArticle": false,
    "nutriscoreLabel": "E",
    "IsBio": false,
    "CountryOfOrigin": "BELGIË",
    "IsExclusivelySoldInLuxembourg": false,
    "OrderUnit": "P",
    "ShortName": "NUTR KOFFIEM. 500ML PET",
    "IsNew": false,
    "EcoscoreLabel": "C",
    "RecentQuanityOfStockUnits": "1,12",
    "LongName": "NUTROMA koffiemelk romig PET 500ml",
    "FicCode": "E",
    "EcoscoreValue": "51"
  },
  {
    "productId": "435",
    "technicalArticleNumber": "5142",
    "commercialArticleNumber": "5142",
    "name": "Regular Orig.Taste bak",
    "description": "*Bruisend\n*Bevat cafeïne",
    "brand": "COCA-COLA",
    "seoBrand": "Coca-Cola Original Taste",
    "thumbNail": "https://static.colruytgroup.com/images/200x200/std.lang.all/01/94/asset-890194.jpg",
    "fullImage": "https://static.colruytgroup.com/images/500x500/std.lang.all/01/94/asset-890194.jpg",
    "squareImage": "https://static.colruytgroup.com/images/500x500sq/std.lang.all/01/94/asset-890194.jpg",
    "content": "24x20cl",
    "walkRouteSequenceNumber": 4252,
    "price": {
      "basicPrice": 18.49,
      "recommendedQuantity": "1.0",
      "measurementUnitPrice": 3.86,
      "measurementUnit": "L",
      "isRedPrice": false,
      "pricePerUOM": 3.86,
      "activationDate": "02-03-2024",
      "recordSource": "Offline",
      "isPromoActive": "N",
      "priceChangeCode": "E"
    },
    "isAvailable": true,
    "isPriceAvailable": true,
    "inPromo": false,
    "gtin": [
      "00000054490000",
      "05449000000002",
      "05449000925725"
    ],
    "topCategoryName": "Dranken",
    "topCategoryId": "354",
    "businessDomain": "RETAIL_BE",
    "IsPrivateLabel": false,
    "IsBiffe": false,
    "WeightconversionFactor": "0",
    "IsWeightArticle": false,
    "nutriscoreLabel": "E",
    "IsBio": false,
    "CountryOfOrigin": "BELGIË",
    "IsExclusivelySoldInLuxembourg": false,
    "OrderUnit": "P",
    "ShortName": "COCA REGULAR 24X20CL",
    "IsNew": false,
    "RecentQuanityOfStockUnits": "1",
    "LongName": "COCA-COLA Regular Orig.Taste bak 24x20cl",
    "AlcoholVolume": "0",
    "FicCode": "E",
    "DepositValue": [
      5
    ]
  },
  {
    "productId": "330046",
    "technicalArticleNumber": "3814543",
    "commercialArticleNumber": "51231",
    "name": "bonen Espresso UTZ",
    "description": "*Sterkte: Heel\nintense koffie\n*Smaak: sterk,\nkrachtig\n*Koffiebonen",
    "brand": "GRAINDOR",
    "seoBrand": "Graindor",
    "thumbNail": "https://static.colruytgroup.com/images/200x200/std.lang.all/93/60/asset-2009360.jpg",
    "fullImage": "https://static.colruytgroup.com/images/500x500/std.lang.all/93/60/asset-2009360.jpg",
    "squareImage": "https://static.colruytgroup.com/images/500x500sq/std.lang.all/93/60/asset-2009360.jpg",
    "content": "500g",
    "walkRouteSequenceNumber": 1014,
    "price": {
      "basicPrice": 5.58,
      "recommendedQuantity": "1.0",
      "quantityPrice": 3.74,
      "quantityPriceQuantity": "4.0",
      "measurementUnitPrice": 11.16,
      "measurementUnitQuantityPrice": 7.48,
      "measurementUnit": "K",
      "isRedPrice": false,
      "pricePerUOM": 11.16,
      "activationDate": "23-03-2024",
      "recordSource": "Offline",
      "isPromoActive": "N",
      "priceChangeCode": "E",
      "quantityPricePerUOM": 7.48,
      "quantityActivationDate": "23-03-2024",
      "quantityPriceChangeCode": "E"
    },
    "isAvailable": true,
    "isPriceAvailable": true,
    "inPromo": false,
    "gtin": [
      "05400141034370",
      "35400141034371"
    ],
    "topCategoryName": "Dranken",
    "topCategoryId": "354",
    "businessDomain": "RETAIL_BE",
    "IsPrivateLabel": true,
    "IsBiffe": false,
    "WeightconversionFactor": "0",
    "IsWeightArticle": false,
    "nutriscoreLabel": "B",
    "IsBio": false,
    "CountryOfOrigin": "BELGIË",
    "IsExclusivelySoldInLuxembourg": false,
    "OrderUnit": "P",
    "ShortName": "GRAI ESPRESSO BOON 500G",
    "IsNew": false,
    "EcoscoreLabel": "B",
    "RecentQuanityOfStockUnits": "1,8",
    "LongName": "GRAINDOR bonen Espresso UTZ 500g",
    "AlcoholVolume": "0",
    "FicCode": "I",
    "EcoscoreValue": "60"
  },
  {
    "productId": "738689",
    "technicalArticleNumber": "4501821",
    "commercialArticleNumber": "9614",
    "name": "koffiemelk romig PET",
    "brand": "NUTROMA",
    "seoBrand": "Nutroma",
    "thumbNail": "https://static.colruytgroup.com/images/200x200/nl_be/49/37/asset-2684937.jpg",
    "fullImage": "https://static.colruytgroup.com/images/500x500/nl_be/49/37/asset-2684937.jpg",
    "squareImage": "https://static.colruytgroup.com/images/500x500sq/nl_be/49/37/asset-2684937.jpg",
    "content": "200ml",
    "walkRouteSequenceNumber": 6367,
    "price": {
      "basicPrice": 1.94,
      "recommendedQuantity": "1.0",
      "measurementUnitPrice": 9.7,
      "measurementUnit": "L",
      "isRedPrice": false,
      "pricePerUOM": 9.7,
      "activationDate": "13-03-2024",
      "recordSource": "Offline",
      "isPromoActive": "N",
      "priceChangeCode": "L"
    },
    "isAvailable": true,
    "isPriceAvailable": true,
    "inPromo": false,
    "gtin": [
      "05410438043237",
      "05410438043220"
    ],
    "topCategoryName": "Zuivel",
    "topCategoryId": "65",
    "businessDomain": "RETAIL_BE",
    "IsPrivateLabel": false,
    "IsBiffe": false,
    "WeightconversionFactor": "0",
    "IsWeightArticle": false,
    "nutriscoreLabel": "E",
    "IsBio": false,
    "CountryOfOrigin": "BELGIË",
    "IsExclusivelySoldInLuxembourg": false,
    "OrderUnit": "P",
    "ShortName": "NUTR KOFFIEM. 200ML PET",
    "IsNew": false,
    "EcoscoreLabel": "C",
    "RecentQuanityOfStockUnits": "1,20",
    "LongName": "NUTROMA koffiemelk romig PET 200ml",
    "FicCode": "E",
    "EcoscoreValue": "51"
  },
  {
    "productId": "17725",
    "technicalArticleNumber": "1419459",
    "commercialArticleNumber": "7553",
    "name": "plat water",
    "description": "*Mineraalwater\n*Niet-bruisend\n*Droogrest: 33 mg/l\n*Babyvoeding",
    "brand": "SPA REINE",
    "seoBrand": "Spa Reine",
    "thumbNail": "https://static.colruytgroup.com/images/200x200/std.lang.all/40/48/asset-904048.jpg",
    "fullImage": "https://static.colruytgroup.com/images/500x500/std.lang.all/40/48/asset-904048.jpg",
    "squareImage": "https://static.colruytgroup.com/images/500x500sq/std.lang.all/40/48/asset-904048.jpg",
    "content": "33cl",
    "walkRouteSequenceNumber": 3874,
    "price": {
      "basicPrice": 0.48,
      "recommendedQuantity": "12.0",
      "quantityPrice": 0.46,
      "quantityPriceQuantity": "48.0",
      "measurementUnitPrice": 1.46,
      "measurementUnitQuantityPrice": 1.4,
      "measurementUnit": "L",
      "isRedPrice": false,
      "pricePerUOM": 1.46,
      "activationDate": "03-02-2024",
      "recordSource": "Online",
      "isPromoActive": "N",
      "priceChangeCode": "H",
      "quantityPricePerUOM": 1.4,
      "quantityActivationDate": "03-02-2024",
      "quantityPriceChangeCode": "H"
    },
    "isAvailable": true,
    "isPriceAvailable": true,
    "inPromo": false,
    "gtin": [
      "05410013102502",
      "05410013119500",
      "05410013118695",
      "05410013118688"
    ],
    "topCategoryName": "Dranken",
    "topCategoryId": "354",
    "businessDomain": "RETAIL_BE",
    "IsPrivateLabel": false,
    "IsBiffe": false,
    "WeightconversionFactor": "0",
    "IsWeightArticle": false,
    "nutriscoreLabel": "A",
    "IsBio": false,
    "CountryOfOrigin": "BELGIË",
    "IsExclusivelySoldInLuxembourg": false,
    "OrderUnit": "P",
    "ShortName": "SPA REINE 33CL",
    "IsNew": false,
    "RecentQuanityOfStockUnits": "12,24,1",
    "LongName": "SPA REINE plat water 33cl",
    "AlcoholVolume": "0",
    "FicCode": "E"
  },
  {
    "productId": "384761",
    "technicalArticleNumber": "3841939",
    "commercialArticleNumber": "51254",
    "name": "bonen dessert",
    "description": "*Sterkte: Zachte\nzacht\n*Smaak: zacht, vol\naroma\n*Koffiebonen",
    "brand": "GRAINDOR",
    "seoBrand": "Graindor",
    "thumbNail": "https://static.colruytgroup.com/images/200x200/std.lang.all/58/12/asset-2125812.jpg",
    "fullImage": "https://static.colruytgroup.com/images/500x500/std.lang.all/58/12/asset-2125812.jpg",
    "squareImage": "https://static.colruytgroup.com/images/500x500sq/std.lang.all/58/12/asset-2125812.jpg",
    "content": "2,5kg",
    "walkRouteSequenceNumber": 1006,
    "price": {
      "basicPrice": 18.72,
      "recommendedQuantity": "1.0",
      "measurementUnitPrice": 7.49,
      "measurementUnit": "K",
      "isRedPrice": false,
      "pricePerUOM": 7.49,
      "activationDate": "21-03-2024",
      "recordSource": "Offline",
      "isPromoActive": "N",
      "priceChangeCode": "H"
    },
    "isAvailable": true,
    "isPriceAvailable": true,
    "inPromo": false,
    "gtin": [
      "05400141206340",
      "15400141206347"
    ],
    "topCategoryName": "Dranken",
    "topCategoryId": "354",
    "businessDomain": "RETAIL_BE",
    "IsPrivateLabel": true,
    "IsBiffe": false,
    "WeightconversionFactor": "0",
    "IsWeightArticle": false,
    "nutriscoreLabel": "B",
    "IsBio": false,
    "CountryOfOrigin": "BELGIË",
    "IsExclusivelySoldInLuxembourg": false,
    "OrderUnit": "P",
    "ShortName": "GRAI DESSERT 2.5KG",
    "IsNew": false,
    "EcoscoreLabel": "C",
    "RecentQuanityOfStockUnits": "1,4",
    "LongName": "GRAINDOR bonen dessert 2,5kg",
    "AlcoholVolume": "0",
    "FicCode": "I",
    "EcoscoreValue": "50"
  },
  {
    "productId": "160086",
    "technicalArticleNumber": "3245211",
    "commercialArticleNumber": "36734",
    "name": "amandeldrink geroosterd Z.S.",
    "description": "*België\n*Plantaardig",
    "brand": "ALPRO",
    "seoBrand": "Alpro",
    "thumbNail": "https://static.colruytgroup.com/images/200x200/std.lang.all/10/32/asset-3441032.jpg",
    "fullImage": "https://static.colruytgroup.com/images/500x500/std.lang.all/10/32/asset-3441032.jpg",
    "squareImage": "https://static.colruytgroup.com/images/500x500sq/std.lang.all/10/32/asset-3441032.jpg",
    "content": "1L",
    "walkRouteSequenceNumber": 6295,
    "price": {
      "basicPrice": 2.59,
      "recommendedQuantity": "4.0",
      "measurementUnitPrice": 2.59,
      "measurementUnit": "L",
      "isRedPrice": false,
      "pricePerUOM": 2.59,
      "activationDate": "23-03-2024",
      "recordSource": "Offline",
      "isPromoActive": "N",
      "priceChangeCode": "H"
    },
    "isAvailable": true,
    "isPriceAvailable": true,
    "inPromo": false,
    "gtin": [
      "05411188112716",
      "05411188129462",
      "05411188129455",
      "05411188125945",
      "05411188112709"
    ],
    "topCategoryName": "Zuivel",
    "topCategoryId": "65",
    "businessDomain": "RETAIL_BE",
    "IsPrivateLabel": false,
    "IsBiffe": false,
    "WeightconversionFactor": "0",
    "IsWeightArticle": false,
    "nutriscoreLabel": "B",
    "IsBio": false,
    "CountryOfOrigin": "BELGIË",
    "IsExclusivelySoldInLuxembourg": false,
    "OrderUnit": "P",
    "ShortName": "ALPRO AMANDEL ONGEZ 1L",
    "IsNew": false,
    "EcoscoreLabel": "B",
    "RecentQuanityOfStockUnits": "4,8,1",
    "LongName": "ALPRO amandeldrink geroosterd Z.S. 1L",
    "AlcoholVolume": "0",
    "FicCode": "E",
    "EcoscoreValue": "74"
  },
  {
    "productId": "600408",
    "technicalArticleNumber": "4266173",
    "commercialArticleNumber": "17272",
    "name": "The Blue Edition",
    "description": "*Energiedrank\n*Smaak: blauwe\nbosbes\n*Taurine/Cafeïne",
    "brand": "RED BULL",
    "seoBrand": "Red Bull",
    "thumbNail": "https://static.colruytgroup.com/images/200x200/std.lang.all/63/56/asset-2356356.jpg",
    "fullImage": "https://static.colruytgroup.com/images/500x500/std.lang.all/63/56/asset-2356356.jpg",
    "squareImage": "https://static.colruytgroup.com/images/500x500sq/std.lang.all/63/56/asset-2356356.jpg",
    "content": "25cl",
    "walkRouteSequenceNumber": 4673,
    "price": {
      "basicPrice": 1.39,
      "recommendedQuantity": "1.0",
      "measurementUnitPrice": 5.56,
      "measurementUnit": "L",
      "isRedPrice": false,
      "pricePerUOM": 5.56,
      "activationDate": "02-02-2024",
      "recordSource": "Offline",
      "isPromoActive": "N",
      "priceChangeCode": "E"
    },
    "isAvailable": true,
    "isPriceAvailable": true,
    "inPromo": false,
    "gtin": [
      "09002490257262",
      "09002490223304",
      "00000090376702"
    ],
    "topCategoryName": "Dranken",
    "topCategoryId": "354",
    "businessDomain": "RETAIL_BE",
    "IsPrivateLabel": false,
    "IsBiffe": false,
    "WeightconversionFactor": "0",
    "IsWeightArticle": false,
    "nutriscoreLabel": "E",
    "IsBio": false,
    "CountryOfOrigin": "OOSTENRIJK",
    "IsExclusivelySoldInLuxembourg": false,
    "OrderUnit": "P",
    "ShortName": "REDB BLUE EDITION 25CL",
    "InSeason": true,
    "IsNew": false,
    "RecentQuanityOfStockUnits": "24,1",
    "LongName": "RED BULL The Blue Edition 25cl",
    "StartSeasonDate": "06/01/2021",
    "FicCode": "E"
  },
  {
    "productId": "11265",
    "technicalArticleNumber": "1350979",
    "commercialArticleNumber": "5401",
    "name": "Softdrinks",
    "description": "*Bruisend\n*Suiker,zoetstoffen",
    "brand": "SPRITE",
    "seoBrand": "Sprite",
    "thumbNail": "https://static.colruytgroup.com/images/200x200/std.lang.all/77/83/asset-3307783.jpg",
    "fullImage": "https://static.colruytgroup.com/images/500x500/std.lang.all/77/83/asset-3307783.jpg",
    "squareImage": "https://static.colruytgroup.com/images/500x500sq/std.lang.all/77/83/asset-3307783.jpg",
    "content": "50cl",
    "walkRouteSequenceNumber": 4320,
    "price": {
      "basicPrice": 1.24,
      "recommendedQuantity": "6.0",
      "measurementUnitPrice": 2.48,
      "measurementUnit": "L",
      "isRedPrice": false,
      "pricePerUOM": 2.48,
      "activationDate": "13-03-2024",
      "recordSource": "Offline",
      "isPromoActive": "N",
      "priceChangeCode": "H"
    },
    "isAvailable": true,
    "isPriceAvailable": true,
    "inPromo": false,
    "gtin": [
      "00000054491069",
      "05449000020758",
      "05449000028624"
    ],
    "topCategoryName": "Dranken",
    "topCategoryId": "354",
    "businessDomain": "RETAIL_BE",
    "IsPrivateLabel": false,
    "IsBiffe": false,
    "WeightconversionFactor": "0",
    "IsWeightArticle": false,
    "nutriscoreLabel": "E",
    "IsBio": false,
    "CountryOfOrigin": "BELGIË",
    "IsExclusivelySoldInLuxembourg": false,
    "OrderUnit": "P",
    "ShortName": "SPRITE 50CL",
    "IsNew": false,
    "RecentQuanityOfStockUnits": "1,24,6",
    "LongName": "SPRITE Softdrinks 50cl",
    "AlcoholVolume": "0",
    "FicCode": "E"
  },
  {
    "productId": "11265",
    "technicalArticleNumber": "1350979",
    "commercialArticleNumber": "5401",
    "name": "Softdrinks",
    "description": "*Bruisend\n*Suiker,zoetstoffen",
    "brand": "SPRITE",
    "seoBrand": "Sprite",
    "thumbNail": "https://static.colruytgroup.com/images/200x200/std.lang.all/77/83/asset-3307783.jpg",
    "fullImage": "https://static.colruytgroup.com/images/500x500/std.lang.all/77/83/asset-3307783.jpg",
    "squareImage": "https://static.colruytgroup.com/images/500x500sq/std.lang.all/77/83/asset-3307783.jpg",
    "content": "50cl",
    "walkRouteSequenceNumber": 4320,
    "price": {
      "basicPrice": 1.24,
      "recommendedQuantity": "6.0",
      "measurementUnitPrice": 2.48,
      "measurementUnit": "L",
      "isRedPrice": false,
      "pricePerUOM": 2.48,
      "activationDate": "13-03-2024",
      "recordSource": "Offline",
      "isPromoActive": "N",
      "priceChangeCode": "H"
    },
    "isAvailable": true,
    "isPriceAvailable": true,
    "inPromo": false,
    "gtin": [
      "00000054491069",
      "05449000020758",
      "05449000028624"
    ],
    "topCategoryName": "Dranken",
    "topCategoryId": "354",
    "businessDomain": "RETAIL_BE",
    "IsPrivateLabel": false,
    "IsBiffe": false,
    "WeightconversionFactor": "0",
    "IsWeightArticle": false,
    "nutriscoreLabel": "E",
    "IsBio": false,
    "CountryOfOrigin": "BELGIË",
    "IsExclusivelySoldInLuxembourg": false,
    "OrderUnit": "P",
    "ShortName": "SPRITE 50CL",
    "IsNew": false,
    "RecentQuanityOfStockUnits": "1,24,6",
    "LongName": "SPRITE Softdrinks 50cl",
    "AlcoholVolume": "0",
    "FicCode": "E"
  },
  {
    "productId": "594",
    "technicalArticleNumber": "5635",
    "commercialArticleNumber": "5635",
    "name": "rood fruit brik",
    "description": "*Magere melk\n*België",
    "brand": "FRISTI",
    "seoBrand": "Fristi",
    "thumbNail": "https://static.colruytgroup.com/images/200x200/std.lang.all/39/24/asset-1583924.jpg",
    "fullImage": "https://static.colruytgroup.com/images/500x500/std.lang.all/39/24/asset-1583924.jpg",
    "squareImage": "https://static.colruytgroup.com/images/500x500sq/std.lang.all/39/24/asset-1583924.jpg",
    "content": "1L",
    "walkRouteSequenceNumber": 6352,
    "price": {
      "basicPrice": 1.59,
      "recommendedQuantity": "1.0",
      "measurementUnitPrice": 1.59,
      "measurementUnit": "L",
      "isRedPrice": false,
      "pricePerUOM": 1.59,
      "activationDate": "12-02-2024",
      "recordSource": "Offline",
      "isPromoActive": "N",
      "priceChangeCode": "E"
    },
    "isAvailable": true,
    "isPriceAvailable": true,
    "inPromo": false,
    "gtin": [
      "05410438040694",
      "05410438040731"
    ],
    "topCategoryName": "Zuivel",
    "topCategoryId": "65",
    "businessDomain": "RETAIL_BE",
    "IsPrivateLabel": false,
    "IsBiffe": false,
    "WeightconversionFactor": "0",
    "IsWeightArticle": false,
    "nutriscoreLabel": "D",
    "IsBio": false,
    "CountryOfOrigin": "BELGIË",
    "IsExclusivelySoldInLuxembourg": false,
    "OrderUnit": "P",
    "ShortName": "FRISTI ROOD FRUIT 1L",
    "IsNew": false,
    "EcoscoreLabel": "A",
    "RecentQuanityOfStockUnits": "1,6",
    "LongName": "FRISTI rood fruit brik 1L",
    "AlcoholVolume": "0",
    "FicCode": "E",
    "EcoscoreValue": "100"
  },
  {
    "productId": "23701",
    "technicalArticleNumber": "1934693",
    "commercialArticleNumber": "5259",
    "name": "abdijbier blond 6,6% blik",
    "description": "*Abdijbier\n*6,6 % vol",
    "brand": "LEFFE",
    "seoBrand": "Leffe",
    "thumbNail": "https://static.colruytgroup.com/images/200x200/std.lang.all/23/80/asset-2732380.jpg",
    "fullImage": "https://static.colruytgroup.com/images/500x500/std.lang.all/23/80/asset-2732380.jpg",
    "squareImage": "https://static.colruytgroup.com/images/500x500sq/std.lang.all/23/80/asset-2732380.jpg",
    "content": "50cl",
    "walkRouteSequenceNumber": 3664,
    "price": {
      "basicPrice": 1.28,
      "recommendedQuantity": "6.0",
      "measurementUnitPrice": 2.56,
      "measurementUnit": "L",
      "isRedPrice": false,
      "pricePerUOM": 2.56,
      "activationDate": "19-03-2024",
      "recordSource": "Folder",
      "isPromoActive": "N",
      "priceChangeCode": "L"
    },
    "isAvailable": true,
    "isPriceAvailable": true,
    "inPromo": true,
    "promotion": [
      {
        "techPromoId": "100917COLR",
        "promotionId": "100917",
        "promotionType": "3",
        "isPersonalized": "N",
        "publicationStartDate": "13-03-2024",
        "publicationEndDate": "26-03-2024"
      }
    ],
    "gtin": [
      "05410228222286",
      "05410228222941",
      "05410228222255",
      "05410228174073"
    ],
    "topCategoryName": "Dranken",
    "topCategoryId": "354",
    "businessDomain": "RETAIL_BE",
    "IsPrivateLabel": false,
    "IsBiffe": false,
    "WeightconversionFactor": "0",
    "IsWeightArticle": false,
    "IsBio": false,
    "CountryOfOrigin": "BELGIË",
    "IsExclusivelySoldInLuxembourg": false,
    "OrderUnit": "P",
    "ShortName": "LEFFE BLOND BLIK 50 CL",
    "InSeason": true,
    "IsNew": false,
    "RecentQuanityOfStockUnits": "6,24,1",
    "LongName": "LEFFE abdijbier blond 6,6% blik 50cl",
    "AlcoholVolume": "6.6",
    "StartSeasonDate": "13/03/2009",
    "FicCode": "E"
  },
  {
    "productId": "84769",
    "technicalArticleNumber": "2936787",
    "commercialArticleNumber": "38812",
    "name": "bier-Tequila 5,9%",
    "description": "*Luxepils\n*5,9 % vol\n*Gearomatiseerd bier\nmet tequila",
    "brand": "DESPERADOS",
    "seoBrand": "Desperados",
    "thumbNail": "https://static.colruytgroup.com/images/200x200/std.lang.all/92/97/asset-2999297.jpg",
    "fullImage": "https://static.colruytgroup.com/images/500x500/std.lang.all/92/97/asset-2999297.jpg",
    "squareImage": "https://static.colruytgroup.com/images/500x500sq/std.lang.all/92/97/asset-2999297.jpg",
    "content": "6x33cl",
    "walkRouteSequenceNumber": 3799,
    "price": {
      "basicPrice": 7.99,
      "recommendedQuantity": "1.0",
      "measurementUnitPrice": 4.04,
      "measurementUnit": "L",
      "isRedPrice": false,
      "pricePerUOM": 4.04,
      "activationDate": "13-03-2024",
      "isPromoActive": "Y",
      "priceChangeCode": "E"
    },
    "isAvailable": true,
    "isPriceAvailable": true,
    "inPromo": true,
    "promotion": [
      {
        "techPromoId": "100921COLR",
        "promotionId": "100921",
        "promotionType": "4",
        "isPersonalized": "N",
        "publicationStartDate": "13-03-2024",
        "publicationEndDate": "26-03-2024"
      }
    ],
    "gtin": [
      "08712000037703",
      "03155930006015",
      "03119783007247",
      "03119780255979"
    ],
    "topCategoryName": "Dranken",
    "topCategoryId": "354",
    "businessDomain": "RETAIL_BE",
    "IsPrivateLabel": false,
    "IsBiffe": false,
    "WeightconversionFactor": "0",
    "IsWeightArticle": false,
    "IsBio": false,
    "CountryOfOrigin": "NEDERLAND",
    "IsExclusivelySoldInLuxembourg": false,
    "OrderUnit": "P",
    "ShortName": "DESP BIER-TEQUILA6X33CL",
    "IsNew": false,
    "EcoscoreLabel": "B",
    "RecentQuanityOfStockUnits": "1,4",
    "LongName": "DESPERADOS bier-Tequila 5,9% 6x33cl",
    "AlcoholVolume": "5.9",
    "FicCode": "I",
    "EcoscoreValue": "68"
  },
  {
    "productId": "25541",
    "technicalArticleNumber": "1958436",
    "commercialArticleNumber": "22156",
    "name": "Pads Deca",
    "description": "*Heel zachte koffie\n*Vol aroma\n*Pads\n*Cafeïnevrij",
    "brand": "EVERYDAY",
    "seoBrand": "Everyday",
    "thumbNail": "https://static.colruytgroup.com/images/200x200/std.lang.all/96/42/asset-1039642.jpg",
    "fullImage": "https://static.colruytgroup.com/images/500x500/std.lang.all/96/42/asset-1039642.jpg",
    "squareImage": "https://static.colruytgroup.com/images/500x500sq/std.lang.all/96/42/asset-1039642.jpg",
    "content": "36st",
    "walkRouteSequenceNumber": 1163,
    "price": {
      "basicPrice": 2.19,
      "recommendedQuantity": "1.0",
      "measurementUnitPrice": 8.7,
      "measurementUnit": "K",
      "isRedPrice": false,
      "pricePerUOM": 8.7,
      "activationDate": "17-01-2024",
      "recordSource": "Offline",
      "isPromoActive": "N",
      "priceChangeCode": "H"
    },
    "isAvailable": true,
    "isPriceAvailable": true,
    "inPromo": false,
    "gtin": [
      "15400141905554",
      "05400141261592",
      "05400141223828"
    ],
    "topCategoryName": "Dranken",
    "topCategoryId": "354",
    "businessDomain": "RETAIL_BE",
    "IsPrivateLabel": true,
    "IsBiffe": false,
    "WeightconversionFactor": "0",
    "IsWeightArticle": false,
    "nutriscoreLabel": "B",
    "IsBio": false,
    "CountryOfOrigin": "BELGIË",
    "IsExclusivelySoldInLuxembourg": false,
    "OrderUnit": "P",
    "ShortName": "EVD DECAF 36 PADS",
    "IsNew": false,
    "EcoscoreLabel": "C",
    "RecentQuanityOfStockUnits": "1",
    "LongName": "EVERYDAY Pads Deca 36st",
    "FicCode": "I",
    "EcoscoreValue": "48"
  },
  {
    "productId": "344861",
    "technicalArticleNumber": "3827805",
    "commercialArticleNumber": "21808",
    "name": "less sugar brik",
    "description": "*met zoetstoffen\n*België",
    "brand": "CÉCÉMEL",
    "seoBrand": "Cécémel",
    "thumbNail": "https://static.colruytgroup.com/images/200x200/nl_be/51/66/asset-2755166.jpg",
    "fullImage": "https://static.colruytgroup.com/images/500x500/nl_be/51/66/asset-2755166.jpg",
    "squareImage": "https://static.colruytgroup.com/images/500x500sq/nl_be/51/66/asset-2755166.jpg",
    "content": "1L",
    "walkRouteSequenceNumber": 6361,
    "price": {
      "basicPrice": 2.59,
      "recommendedQuantity": "1.0",
      "measurementUnitPrice": 2.59,
      "measurementUnit": "L",
      "isRedPrice": false,
      "pricePerUOM": 2.59,
      "activationDate": "14-02-2024",
      "recordSource": "Offline",
      "isPromoActive": "N",
      "priceChangeCode": "E"
    },
    "isAvailable": true,
    "isPriceAvailable": true,
    "inPromo": false,
    "gtin": [
      "05410438040465",
      "05410438040472"
    ],
    "topCategoryName": "Zuivel",
    "topCategoryId": "65",
    "businessDomain": "RETAIL_BE",
    "IsPrivateLabel": false,
    "IsBiffe": false,
    "WeightconversionFactor": "0",
    "IsWeightArticle": false,
    "nutriscoreLabel": "C",
    "IsBio": false,
    "CountryOfOrigin": "BELGIË",
    "IsExclusivelySoldInLuxembourg": false,
    "OrderUnit": "P",
    "ShortName": "CECE LESS SUGAR BRIK 1L",
    "IsNew": false,
    "EcoscoreLabel": "B",
    "RecentQuanityOfStockUnits": "6,1",
    "LongName": "CÉCÉMEL less sugar brik 1L",
    "AlcoholVolume": "0",
    "FicCode": "E",
    "EcoscoreValue": "72"
  },
  {
    "productId": "345985",
    "technicalArticleNumber": "3823855",
    "commercialArticleNumber": "40868",
    "name": "Cappuccino instant UTZ",
    "description": "*Intense koffie\n*Oploskoffie",
    "brand": "BONI",
    "seoBrand": "Boni Selection",
    "thumbNail": "https://static.colruytgroup.com/images/200x200/std.lang.all/55/35/asset-3205535.jpg",
    "fullImage": "https://static.colruytgroup.com/images/500x500/std.lang.all/55/35/asset-3205535.jpg",
    "squareImage": "https://static.colruytgroup.com/images/500x500sq/std.lang.all/55/35/asset-3205535.jpg",
    "content": "200g",
    "walkRouteSequenceNumber": 1172,
    "price": {
      "basicPrice": 2.05,
      "recommendedQuantity": "1.0",
      "measurementUnitPrice": 10.25,
      "measurementUnit": "K",
      "isRedPrice": false,
      "pricePerUOM": 10.25,
      "activationDate": "14-03-2024",
      "recordSource": "Offline",
      "isPromoActive": "N",
      "priceChangeCode": "E"
    },
    "isAvailable": true,
    "isPriceAvailable": true,
    "inPromo": false,
    "gtin": [
      "05400141422221",
      "15400141422228",
      "05400141206050",
      "15400141206057"
    ],
    "topCategoryName": "Dranken",
    "topCategoryId": "354",
    "businessDomain": "RETAIL_BE",
    "IsPrivateLabel": true,
    "IsBiffe": false,
    "WeightconversionFactor": "0",
    "IsWeightArticle": false,
    "nutriscoreLabel": "E",
    "IsBio": false,
    "CountryOfOrigin": "DUITSLAND",
    "IsExclusivelySoldInLuxembourg": false,
    "OrderUnit": "P",
    "ShortName": "BONI CAPPUCINO 200G UTZ",
    "IsNew": false,
    "EcoscoreLabel": "B",
    "RecentQuanityOfStockUnits": "8,1",
    "LongName": "BONI Cappuccino instant UTZ 200g",
    "AlcoholVolume": "0",
    "FicCode": "I",
    "EcoscoreValue": "79"
  },
  {
    "productId": "20459",
    "technicalArticleNumber": "1902884",
    "commercialArticleNumber": "22081",
    "name": "pads Decaf",
    "description": "*Intense koffie\n*Evenwichtig, rond\n*Pads\n*Cafeïnevrij",
    "brand": "SENSEO",
    "seoBrand": "Senseo",
    "thumbNail": "https://static.colruytgroup.com/images/200x200/std.lang.all/30/86/asset-2413086.jpg",
    "fullImage": "https://static.colruytgroup.com/images/500x500/std.lang.all/30/86/asset-2413086.jpg",
    "squareImage": "https://static.colruytgroup.com/images/500x500sq/std.lang.all/30/86/asset-2413086.jpg",
    "content": "36st",
    "walkRouteSequenceNumber": 1200,
    "price": {
      "basicPrice": 3.49,
      "recommendedQuantity": "1.0",
      "measurementUnitPrice": 13.96,
      "measurementUnit": "K",
      "isRedPrice": false,
      "pricePerUOM": 13.96,
      "activationDate": "22-02-2024",
      "recordSource": "Offline",
      "isPromoActive": "N",
      "priceChangeCode": "E"
    },
    "isAvailable": true,
    "isPriceAvailable": true,
    "inPromo": false,
    "gtin": [
      "08711000341391",
      "08711000341407"
    ],
    "topCategoryName": "Dranken",
    "topCategoryId": "354",
    "businessDomain": "RETAIL_BE",
    "IsPrivateLabel": false,
    "IsBiffe": false,
    "WeightconversionFactor": "0",
    "IsWeightArticle": false,
    "nutriscoreLabel": "B",
    "IsBio": false,
    "CountryOfOrigin": "NEDERLAND",
    "IsExclusivelySoldInLuxembourg": false,
    "OrderUnit": "P",
    "ShortName": "SENSEO 36P DECAF",
    "InSeason": true,
    "IsNew": false,
    "RecentQuanityOfStockUnits": "10,1",
    "LongName": "SENSEO pads Decaf 36st",
    "AlcoholVolume": "0",
    "StartSeasonDate": "23/12/2010",
    "FicCode": "E"
  },
  {
    "productId": "578",
    "technicalArticleNumber": "5589",
    "commercialArticleNumber": "5589",
    "name": "sojadrink zonder suikers",
    "description": "*België\n*Plantaardig,\nlactosevrij",
    "brand": "ALPRO",
    "seoBrand": "Alpro",
    "thumbNail": "https://static.colruytgroup.com/images/200x200/std.lang.all/02/99/asset-3280299.jpg",
    "fullImage": "https://static.colruytgroup.com/images/500x500/std.lang.all/02/99/asset-3280299.jpg",
    "squareImage": "https://static.colruytgroup.com/images/500x500sq/std.lang.all/02/99/asset-3280299.jpg",
    "content": "1L",
    "walkRouteSequenceNumber": 6279,
    "price": {
      "basicPrice": 1.59,
      "recommendedQuantity": "6.0",
      "measurementUnitPrice": 1.59,
      "measurementUnit": "L",
      "isRedPrice": false,
      "pricePerUOM": 1.59,
      "activationDate": "18-03-2024",
      "recordSource": "Offline",
      "isPromoActive": "Y",
      "priceChangeCode": "H"
    },
    "isAvailable": true,
    "isPriceAvailable": true,
    "inPromo": true,
    "promotion": [
      {
        "techPromoId": "100834COLR",
        "promotionId": "100834",
        "promotionType": "4",
        "isPersonalized": "N",
        "publicationStartDate": "13-03-2024",
        "publicationEndDate": "26-03-2024"
      }
    ],
    "gtin": [
      "05411188115496",
      "05411188115502",
      "05411188129479",
      "05411188129486"
    ],
    "topCategoryName": "Zuivel",
    "topCategoryId": "65",
    "businessDomain": "RETAIL_BE",
    "IsPrivateLabel": false,
    "IsBiffe": false,
    "WeightconversionFactor": "0",
    "IsWeightArticle": false,
    "nutriscoreLabel": "A",
    "IsBio": false,
    "CountryOfOrigin": "BELGIË",
    "IsExclusivelySoldInLuxembourg": false,
    "OrderUnit": "P",
    "ShortName": "ALPRO SOJA ZZ/ZS 1L.",
    "InSeason": true,
    "IsNew": false,
    "EcoscoreLabel": "A",
    "RecentQuanityOfStockUnits": "1,6,12",
    "LongName": "ALPRO sojadrink zonder suikers 1L",
    "AlcoholVolume": "0",
    "StartSeasonDate": "27/07/2009",
    "FicCode": "E",
    "EcoscoreValue": "83"
  },
  {
    "productId": "699876",
    "technicalArticleNumber": "4431654",
    "commercialArticleNumber": "12767",
    "name": "Siroop grenadine",
    "brand": "TEISSEIRE",
    "seoBrand": "Teisseire",
    "thumbNail": "https://static.colruytgroup.com/images/200x200/std.lang.all/12/87/asset-2821287.jpg",
    "fullImage": "https://static.colruytgroup.com/images/500x500/std.lang.all/12/87/asset-2821287.jpg",
    "squareImage": "https://static.colruytgroup.com/images/500x500sq/std.lang.all/12/87/asset-2821287.jpg",
    "content": "60cl",
    "walkRouteSequenceNumber": 4010,
    "price": {
      "basicPrice": 4.49,
      "recommendedQuantity": "1.0",
      "quantityPrice": 4.31,
      "quantityPriceQuantity": "6.0",
      "measurementUnitPrice": 7.49,
      "measurementUnitQuantityPrice": 7.19,
      "measurementUnit": "L",
      "isRedPrice": false,
      "pricePerUOM": 7.49,
      "activationDate": "04-03-2024",
      "recordSource": "Offline",
      "isPromoActive": "N",
      "priceChangeCode": "E",
      "quantityPricePerUOM": 7.19,
      "quantityActivationDate": "04-03-2024",
      "quantityPriceChangeCode": "H"
    },
    "isAvailable": true,
    "isPriceAvailable": true,
    "inPromo": false,
    "gtin": [
      "13092718628274",
      "03014403494486",
      "03092718637132",
      "03092718637125",
      "03092718628260"
    ],
    "topCategoryName": "Dranken",
    "topCategoryId": "354",
    "businessDomain": "RETAIL_BE",
    "IsPrivateLabel": false,
    "IsBiffe": false,
    "WeightconversionFactor": "0",
    "IsWeightArticle": false,
    "nutriscoreLabel": "D",
    "IsBio": false,
    "CountryOfOrigin": "FRANKRIJK",
    "IsExclusivelySoldInLuxembourg": false,
    "OrderUnit": "P",
    "ShortName": "TEIS GRENADINE 60CL",
    "IsNew": false,
    "EcoscoreLabel": "B",
    "RecentQuanityOfStockUnits": "1,6,1",
    "LongName": "TEISSEIRE Siroop grenadine 60cl",
    "FicCode": "E",
    "EcoscoreValue": "79"
  },
  {
    "productId": "1448",
    "technicalArticleNumber": "19622",
    "commercialArticleNumber": "19622",
    "name": "Tropical brik",
    "description": "*Multivruchtensap\n*Uit sapconcentraat\n*Met 47 % vruchten\n*Zonder pulp",
    "brand": "MINUTE MAID",
    "seoBrand": "Minute Maid",
    "thumbNail": "https://static.colruytgroup.com/images/200x200/std.lang.all/64/37/asset-3376437.jpg",
    "fullImage": "https://static.colruytgroup.com/images/500x500/std.lang.all/64/37/asset-3376437.jpg",
    "squareImage": "https://static.colruytgroup.com/images/500x500sq/std.lang.all/64/37/asset-3376437.jpg",
    "content": "1L",
    "walkRouteSequenceNumber": 4796,
    "price": {
      "basicPrice": 1.99,
      "recommendedQuantity": "1.0",
      "measurementUnitPrice": 1.99,
      "measurementUnit": "L",
      "isRedPrice": false,
      "pricePerUOM": 1.99,
      "activationDate": "17-02-2024",
      "recordSource": "Offline",
      "isPromoActive": "N",
      "priceChangeCode": "H"
    },
    "isAvailable": true,
    "isPriceAvailable": true,
    "inPromo": false,
    "gtin": [
      "05449000083401",
      "05449000097132",
      "09049000000475",
      "05449000319326",
      "05449000319319"
    ],
    "topCategoryName": "Dranken",
    "topCategoryId": "354",
    "businessDomain": "RETAIL_BE",
    "IsPrivateLabel": false,
    "IsBiffe": false,
    "WeightconversionFactor": "0",
    "IsWeightArticle": false,
    "nutriscoreLabel": "C",
    "IsBio": false,
    "CountryOfOrigin": "BELGIË",
    "IsExclusivelySoldInLuxembourg": false,
    "OrderUnit": "P",
    "ShortName": "MINUTE MAID TROPICAL 1L",
    "IsNew": false,
    "EcoscoreLabel": "E",
    "RecentQuanityOfStockUnits": "6,1,1,4",
    "LongName": "MINUTE MAID Tropical brik 1L",
    "AlcoholVolume": "0",
    "FicCode": "E",
    "EcoscoreValue": "4"
  },
  {
    "productId": "434566",
    "technicalArticleNumber": "3973258",
    "commercialArticleNumber": "3335",
    "name": "energiedrank UP blik",
    "description": "*Energiedrank\n*Smaak: exotisch\n*Suiker/zoetstoffen\n*Vitamine B, E12",
    "brand": "BONI",
    "seoBrand": "Boni Selection",
    "thumbNail": "https://static.colruytgroup.com/images/200x200/std.lang.all/09/80/asset-2450980.jpg",
    "fullImage": "https://static.colruytgroup.com/images/500x500/std.lang.all/09/80/asset-2450980.jpg",
    "squareImage": "https://static.colruytgroup.com/images/500x500sq/std.lang.all/09/80/asset-2450980.jpg",
    "content": "25cl",
    "walkRouteSequenceNumber": 4676,
    "price": {
      "basicPrice": 0.548,
      "recommendedQuantity": "6.0",
      "quantityPrice": 0.525,
      "quantityPriceQuantity": "24.0",
      "measurementUnitPrice": 2.2,
      "measurementUnitQuantityPrice": 2.11,
      "measurementUnit": "L",
      "isRedPrice": false,
      "pricePerUOM": 2.2,
      "activationDate": "28-02-2024",
      "recordSource": "Offline",
      "isPromoActive": "N",
      "priceChangeCode": "E",
      "quantityPricePerUOM": 2.11,
      "quantityActivationDate": "28-02-2024",
      "quantityPriceChangeCode": "H"
    },
    "isAvailable": true,
    "isPriceAvailable": true,
    "inPromo": false,
    "gtin": [
      "25400141097072",
      "15400141097075",
      "05400141097078",
      "05400141302899",
      "15400141302896",
      "25400141302893"
    ],
    "topCategoryName": "Dranken",
    "topCategoryId": "354",
    "businessDomain": "RETAIL_BE",
    "IsPrivateLabel": true,
    "IsBiffe": false,
    "WeightconversionFactor": "0",
    "IsWeightArticle": false,
    "nutriscoreLabel": "D",
    "IsBio": false,
    "CountryOfOrigin": "NEDERLAND",
    "IsExclusivelySoldInLuxembourg": false,
    "OrderUnit": "P",
    "ShortName": "BONI ENERGYDR.BLIK 25C",
    "IsNew": false,
    "RecentQuanityOfStockUnits": "24,1,6",
    "LongName": "BONI energiedrank UP blik 25cl",
    "FicCode": "I"
  },
  {
    "productId": "218401",
    "technicalArticleNumber": "3477414",
    "commercialArticleNumber": "15732",
    "name": "thee munt infusion",
    "description": "*Instant thee\n*Pepermunt",
    "brand": "BONI",
    "seoBrand": "Boni Selection",
    "thumbNail": "https://static.colruytgroup.com/images/200x200/std.lang.all/13/86/asset-2191386.jpg",
    "fullImage": "https://static.colruytgroup.com/images/500x500/std.lang.all/13/86/asset-2191386.jpg",
    "squareImage": "https://static.colruytgroup.com/images/500x500sq/std.lang.all/13/86/asset-2191386.jpg",
    "content": "25st",
    "walkRouteSequenceNumber": 1255,
    "price": {
      "basicPrice": 1.39,
      "recommendedQuantity": "1.0",
      "measurementUnitPrice": 37.57,
      "measurementUnit": "K",
      "isRedPrice": false,
      "pricePerUOM": 37.57,
      "activationDate": "16-02-2024",
      "recordSource": "Offline",
      "isPromoActive": "N",
      "priceChangeCode": "E"
    },
    "isAvailable": true,
    "isPriceAvailable": true,
    "inPromo": false,
    "gtin": [
      "05400141393033",
      "15400141820512",
      "05400141391701",
      "15400141391708"
    ],
    "topCategoryName": "Dranken",
    "topCategoryId": "354",
    "businessDomain": "RETAIL_BE",
    "IsPrivateLabel": true,
    "IsBiffe": false,
    "WeightconversionFactor": "0",
    "IsWeightArticle": false,
    "nutriscoreLabel": "B",
    "IsBio": false,
    "CountryOfOrigin": "INDIA",
    "IsExclusivelySoldInLuxembourg": false,
    "OrderUnit": "P",
    "ShortName": "BONI PEPERMUNT 25X1.5G",
    "IsNew": false,
    "EcoscoreLabel": "A",
    "RecentQuanityOfStockUnits": "1,10",
    "LongName": "BONI thee munt infusion 25st",
    "AlcoholVolume": "0",
    "FicCode": "I",
    "EcoscoreValue": "100"
  },
  {
    "productId": "802346",
    "technicalArticleNumber": "4617861",
    "commercialArticleNumber": "11284",
    "name": "Lemon-Ginger Fit",
    "description": "*Smaak: sinaasappel\n*Smaak: citroen,\ngember\n*Met zoetstoffen",
    "brand": "TÖNISSTEINER",
    "seoBrand": "Tönissteiner",
    "thumbNail": "https://static.colruytgroup.com/images/200x200/std.lang.all/97/29/asset-2869729.jpg",
    "fullImage": "https://static.colruytgroup.com/images/500x500/std.lang.all/97/29/asset-2869729.jpg",
    "squareImage": "https://static.colruytgroup.com/images/500x500sq/std.lang.all/97/29/asset-2869729.jpg",
    "content": "33cl",
    "walkRouteSequenceNumber": 4272,
    "price": {
      "basicPrice": 1.04,
      "recommendedQuantity": "6.0",
      "quantityPrice": 1,
      "quantityPriceQuantity": "24.0",
      "measurementUnitPrice": 3.16,
      "measurementUnitQuantityPrice": 3.04,
      "measurementUnit": "L",
      "isRedPrice": false,
      "pricePerUOM": 3.16,
      "activationDate": "28-02-2024",
      "recordSource": "Offline",
      "isPromoActive": "N",
      "priceChangeCode": "E",
      "quantityPricePerUOM": 3.04,
      "quantityActivationDate": "28-02-2024",
      "quantityPriceChangeCode": "E"
    },
    "isAvailable": true,
    "isPriceAvailable": true,
    "inPromo": false,
    "gtin": [
      "04002968032990",
      "04002968031993",
      "04002968231997"
    ],
    "topCategoryName": "Dranken",
    "topCategoryId": "354",
    "businessDomain": "RETAIL_BE",
    "IsPrivateLabel": false,
    "IsBiffe": false,
    "WeightconversionFactor": "0",
    "IsWeightArticle": false,
    "nutriscoreLabel": "B",
    "IsBio": false,
    "CountryOfOrigin": "DUITSLAND",
    "IsExclusivelySoldInLuxembourg": false,
    "OrderUnit": "P",
    "ShortName": "TONI LEMON-GING.FIT33CL",
    "InSeason": true,
    "IsNew": false,
    "RecentQuanityOfStockUnits": "24,6,1",
    "LongName": "TÖNISSTEINER Lemon-Ginger Fit 33cl",
    "StartSeasonDate": "22/09/2022",
    "FicCode": "E"
  },
  {
    "productId": "633050",
    "technicalArticleNumber": "4320070",
    "commercialArticleNumber": "4863",
    "name": "Melograno & Arancia",
    "description": "*Bruisende limonade\n*Smaak: granaatappel\nen sinaasappel",
    "brand": "SAN PELLEGRINO",
    "seoBrand": "San Pellegrino",
    "thumbNail": "https://static.colruytgroup.com/images/200x200/std.lang.all/83/28/asset-3188328.jpg",
    "fullImage": "https://static.colruytgroup.com/images/500x500/std.lang.all/83/28/asset-3188328.jpg",
    "squareImage": "https://static.colruytgroup.com/images/500x500sq/std.lang.all/83/28/asset-3188328.jpg",
    "content": "33cl",
    "walkRouteSequenceNumber": 4268,
    "price": {
      "basicPrice": 1.01,
      "recommendedQuantity": "6.0",
      "quantityPrice": 0.97,
      "quantityPriceQuantity": "24.0",
      "measurementUnitPrice": 3.07,
      "measurementUnitQuantityPrice": 2.94,
      "measurementUnit": "L",
      "isRedPrice": false,
      "pricePerUOM": 3.07,
      "activationDate": "13-03-2024",
      "recordSource": "Offline",
      "isPromoActive": "N",
      "priceChangeCode": "H",
      "quantityPricePerUOM": 2.94,
      "quantityActivationDate": "13-03-2024",
      "quantityPriceChangeCode": "H"
    },
    "isAvailable": true,
    "isPriceAvailable": true,
    "inPromo": false,
    "gtin": [
      "08002270266805",
      "08002270266799",
      "08002270256806",
      "08002270646584",
      "08002270646591",
      "08002270656583"
    ],
    "topCategoryName": "Dranken",
    "topCategoryId": "354",
    "businessDomain": "RETAIL_BE",
    "IsPrivateLabel": false,
    "IsBiffe": false,
    "WeightconversionFactor": "0",
    "IsWeightArticle": false,
    "nutriscoreLabel": "E",
    "IsBio": false,
    "CountryOfOrigin": "ITALIË",
    "IsExclusivelySoldInLuxembourg": false,
    "OrderUnit": "P",
    "ShortName": "SANP MELOGR.E ARANC33CL",
    "InSeason": true,
    "IsNew": false,
    "RecentQuanityOfStockUnits": "6,24,1",
    "LongName": "SAN PELLEGRINO Melograno & Arancia 33cl",
    "StartSeasonDate": "06/01/2021",
    "FicCode": "E"
  },
  {
    "productId": "584354",
    "technicalArticleNumber": "4239063",
    "commercialArticleNumber": "19080",
    "name": "intense pet",
    "brand": "SPA INTENSE",
    "seoBrand": "Spa Intense",
    "thumbNail": "https://static.colruytgroup.com/images/200x200/std.lang.all/76/67/asset-2037667.jpg",
    "fullImage": "https://static.colruytgroup.com/images/500x500/std.lang.all/76/67/asset-2037667.jpg",
    "squareImage": "https://static.colruytgroup.com/images/500x500sq/std.lang.all/76/67/asset-2037667.jpg",
    "content": "33cl",
    "walkRouteSequenceNumber": 3870,
    "price": {
      "basicPrice": 0.531,
      "recommendedQuantity": "6.0",
      "measurementUnitPrice": 1.62,
      "measurementUnit": "L",
      "isRedPrice": false,
      "pricePerUOM": 1.62,
      "activationDate": "22-03-2024",
      "recordSource": "Offline",
      "isPromoActive": "N",
      "priceChangeCode": "H"
    },
    "isAvailable": true,
    "isPriceAvailable": true,
    "inPromo": false,
    "gtin": [
      "05410013137009",
      "05410013137016",
      "05410013137023"
    ],
    "topCategoryName": "Dranken",
    "topCategoryId": "354",
    "businessDomain": "RETAIL_BE",
    "IsPrivateLabel": false,
    "IsBiffe": false,
    "WeightconversionFactor": "0",
    "IsWeightArticle": false,
    "nutriscoreLabel": "A",
    "IsBio": false,
    "CountryOfOrigin": "BELGIË",
    "IsExclusivelySoldInLuxembourg": false,
    "OrderUnit": "P",
    "ShortName": "SPA BRUISEND WATER 33CL",
    "IsNew": false,
    "RecentQuanityOfStockUnits": "24,1,6",
    "LongName": "SPA INTENSE intense pet 33cl",
    "AlcoholVolume": "0",
    "FicCode": "E"
  },
  {
    "productId": "706624",
    "technicalArticleNumber": "4443622",
    "commercialArticleNumber": "16654",
    "name": "caps Lungo Dessert 5 RFA",
    "brand": "GRAINDOR",
    "seoBrand": "Graindor",
    "thumbNail": "https://static.colruytgroup.com/images/200x200/std.lang.all/31/88/asset-2513188.jpg",
    "fullImage": "https://static.colruytgroup.com/images/500x500/std.lang.all/31/88/asset-2513188.jpg",
    "squareImage": "https://static.colruytgroup.com/images/500x500sq/std.lang.all/31/88/asset-2513188.jpg",
    "content": "20st",
    "walkRouteSequenceNumber": 1047,
    "price": {
      "basicPrice": 3.59,
      "recommendedQuantity": "1.0",
      "quantityPrice": 2.69,
      "quantityPriceQuantity": "2.0",
      "measurementUnitPrice": 34.52,
      "measurementUnitQuantityPrice": 25.87,
      "measurementUnit": "K",
      "isRedPrice": false,
      "pricePerUOM": 34.52,
      "activationDate": "20-03-2024",
      "recordSource": "Offline",
      "isPromoActive": "N",
      "priceChangeCode": "E",
      "quantityPricePerUOM": 25.87,
      "quantityActivationDate": "20-03-2024",
      "quantityPriceChangeCode": "L"
    },
    "isAvailable": true,
    "isPriceAvailable": true,
    "inPromo": false,
    "gtin": [
      "15400141720355",
      "05400141720358"
    ],
    "topCategoryName": "Dranken",
    "topCategoryId": "354",
    "businessDomain": "RETAIL_BE",
    "IsPrivateLabel": true,
    "IsBiffe": false,
    "WeightconversionFactor": "0",
    "IsWeightArticle": false,
    "nutriscoreLabel": "B",
    "IsBio": false,
    "CountryOfOrigin": "BELGIË",
    "IsExclusivelySoldInLuxembourg": false,
    "OrderUnit": "P",
    "ShortName": "GRDR LUN.DESSER.RF20CAP",
    "IsNew": false,
    "EcoscoreLabel": "C",
    "RecentQuanityOfStockUnits": "6,1",
    "LongName": "GRAINDOR caps Lungo Dessert 5 RFA 20st",
    "AlcoholVolume": "0",
    "FicCode": "I",
    "EcoscoreValue": "59"
  },
  {
    "productId": "316384",
    "technicalArticleNumber": "3774250",
    "commercialArticleNumber": "15984",
    "name": "Caps Cappuccino RFA",
    "description": "*Heel intense koffie\n*Rijk, lichtzoet\n*Caps",
    "brand": "BONI",
    "seoBrand": "Boni Selection",
    "thumbNail": "https://static.colruytgroup.com/images/200x200/std.lang.all/75/03/asset-3247503.jpg",
    "fullImage": "https://static.colruytgroup.com/images/500x500/std.lang.all/75/03/asset-3247503.jpg",
    "squareImage": "https://static.colruytgroup.com/images/500x500sq/std.lang.all/75/03/asset-3247503.jpg",
    "content": "16st",
    "walkRouteSequenceNumber": 1110,
    "price": {
      "basicPrice": 2.73,
      "recommendedQuantity": "1.0",
      "measurementUnitPrice": 14.15,
      "measurementUnit": "K",
      "isRedPrice": false,
      "pricePerUOM": 14.15,
      "activationDate": "21-03-2024",
      "recordSource": "Offline",
      "isPromoActive": "N",
      "priceChangeCode": "L"
    },
    "isAvailable": true,
    "isPriceAvailable": true,
    "inPromo": false,
    "gtin": [
      "15400141421061",
      "05400141104578",
      "05400141421064",
      "05400141206555",
      "35400141104579"
    ],
    "topCategoryName": "Dranken",
    "topCategoryId": "354",
    "businessDomain": "RETAIL_BE",
    "IsPrivateLabel": true,
    "IsBiffe": false,
    "WeightconversionFactor": "0",
    "IsWeightArticle": false,
    "nutriscoreLabel": "D",
    "IsBio": false,
    "CountryOfOrigin": "BELGIË",
    "IsExclusivelySoldInLuxembourg": false,
    "OrderUnit": "P",
    "ShortName": "BONI CAPPUCI.RFA 16CUPS",
    "InSeason": true,
    "IsNew": false,
    "EcoscoreLabel": "B",
    "RecentQuanityOfStockUnits": "1,6",
    "LongName": "BONI Caps Cappuccino RFA 16st",
    "AlcoholVolume": "0",
    "StartSeasonDate": "13/07/2018",
    "FicCode": "I",
    "EcoscoreValue": "77"
  },
  {
    "productId": "11183",
    "technicalArticleNumber": "1371656",
    "commercialArticleNumber": "5496",
    "name": "trappist 6,2%vol",
    "description": "*Trappistenbier\n*6,2 % vol\n*Nagisting op fles",
    "brand": "ORVAL",
    "seoBrand": "Orval",
    "thumbNail": "https://static.colruytgroup.com/images/200x200/std.lang.all/88/02/asset-1208802.jpg",
    "fullImage": "https://static.colruytgroup.com/images/500x500/std.lang.all/88/02/asset-1208802.jpg",
    "squareImage": "https://static.colruytgroup.com/images/500x500sq/std.lang.all/88/02/asset-1208802.jpg",
    "content": "6x33cl",
    "walkRouteSequenceNumber": 3627,
    "price": {
      "basicPrice": 14.49,
      "recommendedQuantity": "1.0",
      "measurementUnitPrice": 7.32,
      "measurementUnit": "L",
      "isRedPrice": false,
      "pricePerUOM": 7.32,
      "activationDate": "23-03-2024",
      "isPromoActive": "N",
      "priceChangeCode": "L"
    },
    "isAvailable": true,
    "isPriceAvailable": true,
    "inPromo": false,
    "gtin": [
      "00000054040014",
      "05400141054965",
      "05411206000209"
    ],
    "topCategoryName": "Dranken",
    "topCategoryId": "354",
    "businessDomain": "RETAIL_BE",
    "IsPrivateLabel": false,
    "IsBiffe": false,
    "WeightconversionFactor": "0",
    "IsWeightArticle": false,
    "IsBio": false,
    "CountryOfOrigin": "BELGIË",
    "IsExclusivelySoldInLuxembourg": false,
    "OrderUnit": "P",
    "ShortName": "RE ORVAL 6X33CL.",
    "InSeason": true,
    "IsNew": false,
    "EcoscoreLabel": "D",
    "RecentQuanityOfStockUnits": "1",
    "LongName": "ORVAL trappist 6,2%vol 6x33cl",
    "AlcoholVolume": "6.2",
    "StartSeasonDate": "13/12/2006",
    "FicCode": "E",
    "DepositValue": [
      0.6
    ],
    "EcoscoreValue": "37"
  },
  {
    "productId": "54431",
    "technicalArticleNumber": "2338068",
    "commercialArticleNumber": "18435",
    "name": "Ice Tea Green niet-bruisend",
    "description": "*Ice tea\n*Groene theesmaak\n*Non-sparkling\n*Ijs thee\n*Soft drink",
    "brand": "LIPTON",
    "seoBrand": "Lipton",
    "thumbNail": "https://static.colruytgroup.com/images/200x200/std.lang.all/32/45/asset-1733245.jpg",
    "fullImage": "https://static.colruytgroup.com/images/500x500/std.lang.all/32/45/asset-1733245.jpg",
    "squareImage": "https://static.colruytgroup.com/images/500x500sq/std.lang.all/32/45/asset-1733245.jpg",
    "content": "50cl",
    "walkRouteSequenceNumber": 4219,
    "price": {
      "basicPrice": 0.99,
      "recommendedQuantity": "6.0",
      "measurementUnitPrice": 1.98,
      "measurementUnit": "L",
      "isRedPrice": false,
      "pricePerUOM": 1.98,
      "activationDate": "23-03-2024",
      "recordSource": "Folder",
      "isPromoActive": "N",
      "priceChangeCode": "E"
    },
    "isAvailable": true,
    "isPriceAvailable": true,
    "inPromo": false,
    "gtin": [
      "08722700613367",
      "08722700485568",
      "08711200450244",
      "08711200450046",
      "08711200449965",
      "05410033822039"
    ],
    "topCategoryName": "Dranken",
    "topCategoryId": "354",
    "businessDomain": "RETAIL_BE",
    "IsPrivateLabel": false,
    "IsBiffe": false,
    "WeightconversionFactor": "0",
    "IsWeightArticle": false,
    "nutriscoreLabel": "C",
    "IsBio": false,
    "CountryOfOrigin": "NEDERLAND",
    "IsExclusivelySoldInLuxembourg": false,
    "OrderUnit": "P",
    "ShortName": "LIPT ICE TEA GREEN 50CL",
    "IsNew": false,
    "RecentQuanityOfStockUnits": "24,6,1",
    "LongName": "LIPTON Ice Tea Green niet-bruisend 50cl",
    "AlcoholVolume": "0",
    "FicCode": "E"
  },
  {
    "productId": "266208",
    "technicalArticleNumber": "3635248",
    "commercialArticleNumber": "19951",
    "name": "cola",
    "description": "*Frisdrank\n*Cola",
    "brand": "PEPSI",
    "seoBrand": "Pepsi",
    "thumbNail": "https://static.colruytgroup.com/images/200x200/std.lang.all/47/48/asset-3424748.jpg",
    "fullImage": "https://static.colruytgroup.com/images/500x500/std.lang.all/47/48/asset-3424748.jpg",
    "squareImage": "https://static.colruytgroup.com/images/500x500sq/std.lang.all/47/48/asset-3424748.jpg",
    "content": "1,5L",
    "walkRouteSequenceNumber": 4229,
    "price": {
      "basicPrice": 2.18,
      "recommendedQuantity": "6.0",
      "measurementUnitPrice": 1.46,
      "measurementUnit": "L",
      "isRedPrice": false,
      "pricePerUOM": 1.46,
      "activationDate": "22-03-2024",
      "recordSource": "Offline",
      "isPromoActive": "N",
      "priceChangeCode": "E"
    },
    "isAvailable": true,
    "isPriceAvailable": true,
    "inPromo": false,
    "gtin": [
      "08710398519214",
      "08710398519184",
      "05410188032840",
      "04060800001740",
      "08710398519191"
    ],
    "topCategoryName": "Dranken",
    "topCategoryId": "354",
    "businessDomain": "RETAIL_BE",
    "IsPrivateLabel": false,
    "IsBiffe": false,
    "WeightconversionFactor": "0",
    "IsWeightArticle": false,
    "nutriscoreLabel": "D",
    "IsBio": false,
    "CountryOfOrigin": "EUROPA",
    "IsExclusivelySoldInLuxembourg": false,
    "OrderUnit": "P",
    "ShortName": "PEPSI COLA 1.5L",
    "IsNew": false,
    "RecentQuanityOfStockUnits": "1,6",
    "LongName": "PEPSI cola 1,5L",
    "AlcoholVolume": "0",
    "FicCode": "E"
  },
  {
    "productId": "157950",
    "technicalArticleNumber": "3290218",
    "commercialArticleNumber": "44717",
    "name": "Zero Sugar Lemon & Lime",
    "description": "*Limonade\n*Bruisend\n*Smaak: citroen,\nlimoen\n*Met zoetstoffen",
    "brand": "7UP",
    "seoBrand": "7UP",
    "thumbNail": "https://static.colruytgroup.com/images/200x200/std.lang.all/18/27/asset-3261827.jpg",
    "fullImage": "https://static.colruytgroup.com/images/500x500/std.lang.all/18/27/asset-3261827.jpg",
    "squareImage": "https://static.colruytgroup.com/images/500x500sq/std.lang.all/18/27/asset-3261827.jpg",
    "content": "33cl",
    "walkRouteSequenceNumber": 4316,
    "price": {
      "basicPrice": 0.598,
      "recommendedQuantity": "6.0",
      "measurementUnitPrice": 1.82,
      "measurementUnit": "L",
      "isRedPrice": false,
      "pricePerUOM": 1.82,
      "activationDate": "28-06-2023",
      "recordSource": "Offline",
      "isPromoActive": "N",
      "priceChangeCode": "E"
    },
    "isAvailable": true,
    "isPriceAvailable": true,
    "inPromo": false,
    "gtin": [
      "05410188030341",
      "05410188033847",
      "05410188036503",
      "05410188033878",
      "05410188033861",
      "05410188036497"
    ],
    "topCategoryName": "Dranken",
    "topCategoryId": "354",
    "businessDomain": "RETAIL_BE",
    "IsPrivateLabel": false,
    "IsBiffe": false,
    "WeightconversionFactor": "0",
    "IsWeightArticle": false,
    "nutriscoreLabel": "B",
    "IsBio": false,
    "CountryOfOrigin": "EUROPA",
    "IsExclusivelySoldInLuxembourg": false,
    "OrderUnit": "P",
    "ShortName": "7UP ZS LEMON&LIME 33CL",
    "IsNew": false,
    "RecentQuanityOfStockUnits": "6,24,1",
    "LongName": "7UP Zero Sugar Lemon & Lime 33cl",
    "AlcoholVolume": "0",
    "FicCode": "E"
  },
  {
    "productId": "1284",
    "technicalArticleNumber": "19032",
    "commercialArticleNumber": "19032",
    "name": "Porto White 19%",
    "description": "*Porto wit\n*Aperitief\n*19,0 % vol",
    "brand": "EVERYDAY",
    "seoBrand": "Everyday",
    "thumbNail": "https://static.colruytgroup.com/images/200x200/std.lang.all/38/81/asset-3223881.jpg",
    "fullImage": "https://static.colruytgroup.com/images/500x500/std.lang.all/38/81/asset-3223881.jpg",
    "squareImage": "https://static.colruytgroup.com/images/500x500sq/std.lang.all/38/81/asset-3223881.jpg",
    "content": "75cl",
    "walkRouteSequenceNumber": 704,
    "price": {
      "basicPrice": 4.69,
      "recommendedQuantity": "1.0",
      "measurementUnitPrice": 6.26,
      "measurementUnit": "L",
      "isRedPrice": false,
      "pricePerUOM": 6.26,
      "activationDate": "09-01-2024",
      "recordSource": "Offline",
      "isPromoActive": "N",
      "priceChangeCode": "E"
    },
    "isAvailable": true,
    "isPriceAvailable": true,
    "inPromo": false,
    "gtin": [
      "05010867202702",
      "05400141013696",
      "15400141013693"
    ],
    "topCategoryName": "Dranken",
    "topCategoryId": "354",
    "businessDomain": "RETAIL_BE",
    "IsPrivateLabel": true,
    "IsBiffe": false,
    "WeightconversionFactor": "0",
    "IsWeightArticle": false,
    "nutriscoreLabel": "E",
    "IsBio": false,
    "CountryOfOrigin": "PORTUGAL",
    "IsExclusivelySoldInLuxembourg": false,
    "OrderUnit": "P",
    "ShortName": "EVD PORTO WIT 75CL",
    "IsNew": false,
    "EcoscoreLabel": "D",
    "RecentQuanityOfStockUnits": "1,12",
    "LongName": "EVERYDAY Porto White 19% 75cl",
    "AlcoholVolume": "19",
    "FicCode": "I",
    "EcoscoreValue": "39"
  },
  {
    "productId": "691216",
    "technicalArticleNumber": "4418254",
    "commercialArticleNumber": "22342",
    "name": "Haverdrink suikervrij brik",
    "description": "*Plantaardig\n*Suikervrij\n*Met toegevoegde\nvitamines",
    "brand": "BONI",
    "seoBrand": "Boni Selection",
    "thumbNail": "https://static.colruytgroup.com/images/200x200/std.lang.all/05/34/asset-3280534.jpg",
    "fullImage": "https://static.colruytgroup.com/images/500x500/std.lang.all/05/34/asset-3280534.jpg",
    "squareImage": "https://static.colruytgroup.com/images/500x500sq/std.lang.all/05/34/asset-3280534.jpg",
    "content": "1L",
    "walkRouteSequenceNumber": 6275,
    "price": {
      "basicPrice": 1.49,
      "recommendedQuantity": "1.0",
      "measurementUnitPrice": 1.49,
      "measurementUnit": "L",
      "isRedPrice": false,
      "pricePerUOM": 1.49,
      "activationDate": "26-01-2024",
      "recordSource": "Offline",
      "isPromoActive": "N",
      "priceChangeCode": "L"
    },
    "isAvailable": true,
    "isPriceAvailable": true,
    "inPromo": false,
    "gtin": [
      "15400141760573",
      "05400141760576",
      "15400141469582",
      "05400141469585"
    ],
    "topCategoryName": "Zuivel",
    "topCategoryId": "65",
    "businessDomain": "RETAIL_BE",
    "IsPrivateLabel": true,
    "IsBiffe": false,
    "WeightconversionFactor": "0",
    "IsWeightArticle": false,
    "nutriscoreLabel": "C",
    "IsBio": false,
    "CountryOfOrigin": "SPANJE",
    "IsExclusivelySoldInLuxembourg": false,
    "OrderUnit": "P",
    "ShortName": "BONI HAVERDR.SUIKERVR1L",
    "IsNew": false,
    "EcoscoreLabel": "C",
    "RecentQuanityOfStockUnits": "1,12",
    "LongName": "BONI Haverdrink suikervrij brik 1L",
    "FicCode": "I",
    "EcoscoreValue": "52"
  },
  {
    "productId": "13978",
    "technicalArticleNumber": "1586536",
    "commercialArticleNumber": "19550",
    "name": "Multivruchtensap PET",
    "description": "*Multivruchtensap\n*Uit sapconcentraat",
    "brand": "BONI",
    "seoBrand": "Boni Selection",
    "thumbNail": "https://static.colruytgroup.com/images/200x200/std.lang.all/92/50/asset-3349250.jpg",
    "fullImage": "https://static.colruytgroup.com/images/500x500/std.lang.all/92/50/asset-3349250.jpg",
    "squareImage": "https://static.colruytgroup.com/images/500x500sq/std.lang.all/92/50/asset-3349250.jpg",
    "content": "1L",
    "walkRouteSequenceNumber": 4798,
    "price": {
      "basicPrice": 1.99,
      "recommendedQuantity": "1.0",
      "quantityPrice": 1.83,
      "quantityPriceQuantity": "6.0",
      "measurementUnitPrice": 1.99,
      "measurementUnitQuantityPrice": 1.83,
      "measurementUnit": "L",
      "isRedPrice": false,
      "pricePerUOM": 1.99,
      "activationDate": "29-01-2024",
      "recordSource": "Offline",
      "isPromoActive": "N",
      "priceChangeCode": "E",
      "quantityPricePerUOM": 1.83,
      "quantityActivationDate": "29-01-2024",
      "quantityPriceChangeCode": "H"
    },
    "isAvailable": true,
    "isPriceAvailable": true,
    "inPromo": false,
    "gtin": [
      "05400141087369",
      "15400141304005",
      "05400141087390",
      "05400141304008"
    ],
    "topCategoryName": "Dranken",
    "topCategoryId": "354",
    "businessDomain": "RETAIL_BE",
    "IsPrivateLabel": true,
    "IsBiffe": false,
    "WeightconversionFactor": "0",
    "IsWeightArticle": false,
    "nutriscoreLabel": "C",
    "IsBio": false,
    "CountryOfOrigin": "DUITSLAND",
    "IsExclusivelySoldInLuxembourg": false,
    "OrderUnit": "P",
    "ShortName": "BONI MULTIVRU.SAP PET1L",
    "InSeason": true,
    "IsNew": false,
    "EcoscoreLabel": "B",
    "RecentQuanityOfStockUnits": "1,6",
    "LongName": "BONI Multivruchtensap PET 1L",
    "AlcoholVolume": "0",
    "StartSeasonDate": "31/07/2009",
    "FicCode": "I",
    "EcoscoreValue": "67"
  },
  {
    "productId": "1380",
    "technicalArticleNumber": "19002",
    "commercialArticleNumber": "19002",
    "name": "P.Charentes 17,0%vol",
    "description": "*Likeurwijn\n*Aperitief\n*17,0 % vol",
    "brand": "VIGIER-LATOUR",
    "seoBrand": "Vigier-Latour",
    "thumbNail": "https://static.colruytgroup.com/images/200x200/std.lang.all/20/83/asset-1592083.jpg",
    "fullImage": "https://static.colruytgroup.com/images/500x500/std.lang.all/20/83/asset-1592083.jpg",
    "squareImage": "https://static.colruytgroup.com/images/500x500sq/std.lang.all/20/83/asset-1592083.jpg",
    "content": "75cl",
    "walkRouteSequenceNumber": 678,
    "price": {
      "basicPrice": 9.99,
      "recommendedQuantity": "1.0",
      "quantityPrice": 9.59,
      "quantityPriceQuantity": "6.0",
      "measurementUnitPrice": 13.32,
      "measurementUnitQuantityPrice": 12.79,
      "measurementUnit": "L",
      "isRedPrice": false,
      "pricePerUOM": 13.32,
      "activationDate": "15-02-2024",
      "isPromoActive": "N",
      "priceChangeCode": "E",
      "quantityPricePerUOM": 12.79,
      "quantityActivationDate": "15-02-2024",
      "quantityPriceChangeCode": "E"
    },
    "isAvailable": true,
    "isPriceAvailable": true,
    "inPromo": false,
    "gtin": [
      "03250510436050",
      "03250510430058"
    ],
    "topCategoryName": "Dranken",
    "topCategoryId": "354",
    "businessDomain": "RETAIL_BE",
    "IsPrivateLabel": false,
    "IsBiffe": false,
    "WeightconversionFactor": "0",
    "IsWeightArticle": false,
    "IsBio": false,
    "CountryOfOrigin": "FRANKRIJK",
    "IsExclusivelySoldInLuxembourg": false,
    "OrderUnit": "P",
    "ShortName": "PINEAU CHARENT VIGIER L",
    "IsNew": false,
    "EcoscoreLabel": "B",
    "RecentQuanityOfStockUnits": "6,1",
    "LongName": "VIGIER-LATOUR P.Charentes 17,0%vol 75cl",
    "AlcoholVolume": "17",
    "FicCode": "E",
    "EcoscoreValue": "62"
  },
  {
    "productId": "21053",
    "technicalArticleNumber": "2156600",
    "commercialArticleNumber": "5379",
    "name": "Iced Tea Lemon bruisend",
    "description": "*Smaak: citroen\n*Bruisend",
    "brand": "BONI",
    "seoBrand": "Boni Selection",
    "thumbNail": "https://static.colruytgroup.com/images/200x200/std.lang.all/71/30/asset-3417130.jpg",
    "fullImage": "https://static.colruytgroup.com/images/500x500/std.lang.all/71/30/asset-3417130.jpg",
    "squareImage": "https://static.colruytgroup.com/images/500x500sq/std.lang.all/71/30/asset-3417130.jpg",
    "content": "50cl",
    "walkRouteSequenceNumber": 4196,
    "price": {
      "basicPrice": 0.525,
      "recommendedQuantity": "6.0",
      "measurementUnitPrice": 1.05,
      "measurementUnit": "L",
      "isRedPrice": false,
      "pricePerUOM": 1.05,
      "activationDate": "13-03-2024",
      "recordSource": "Offline",
      "isPromoActive": "N",
      "priceChangeCode": "H"
    },
    "isAvailable": true,
    "isPriceAvailable": true,
    "inPromo": false,
    "gtin": [
      "15400141037262",
      "05400141302783",
      "15400141302780",
      "25400141037269",
      "25400141302787",
      "05400141079913",
      "05400141037265"
    ],
    "topCategoryName": "Dranken",
    "topCategoryId": "354",
    "businessDomain": "RETAIL_BE",
    "IsPrivateLabel": true,
    "IsBiffe": false,
    "WeightconversionFactor": "0",
    "IsWeightArticle": false,
    "nutriscoreLabel": "D",
    "IsBio": false,
    "CountryOfOrigin": "BELGIË",
    "IsExclusivelySoldInLuxembourg": false,
    "OrderUnit": "P",
    "ShortName": "BONI ICE TEA LEMON 50CL",
    "IsNew": false,
    "RecentQuanityOfStockUnits": "1,6,24",
    "LongName": "BONI Iced Tea Lemon bruisend 50cl",
    "AlcoholVolume": "0",
    "FicCode": "I"
  },
  {
    "productId": "776518",
    "technicalArticleNumber": "4568368",
    "commercialArticleNumber": "10896",
    "name": "Green Tea Mango-Chamomile",
    "description": "*Ice tea\n*Niet-bruisend\n*Smaak: mango,\nkamille",
    "brand": "FUZE TEA",
    "seoBrand": "Fuze Tea",
    "thumbNail": "https://static.colruytgroup.com/images/200x200/std.lang.all/46/29/asset-2764629.jpg",
    "fullImage": "https://static.colruytgroup.com/images/500x500/std.lang.all/46/29/asset-2764629.jpg",
    "squareImage": "https://static.colruytgroup.com/images/500x500sq/std.lang.all/46/29/asset-2764629.jpg",
    "content": "1,25L",
    "walkRouteSequenceNumber": 4245,
    "price": {
      "basicPrice": 1.85,
      "recommendedQuantity": "6.0",
      "measurementUnitPrice": 1.48,
      "measurementUnit": "L",
      "isRedPrice": false,
      "pricePerUOM": 1.48,
      "activationDate": "13-03-2024",
      "isPromoActive": "Y",
      "priceChangeCode": "L"
    },
    "isAvailable": true,
    "isPriceAvailable": true,
    "inPromo": true,
    "promotion": [
      {
        "techPromoId": "100844COLR",
        "promotionId": "100844",
        "promotionType": "3",
        "isPersonalized": "N",
        "publicationStartDate": "13-03-2024",
        "publicationEndDate": "26-03-2024"
      }
    ],
    "gtin": [
      "05449000315816",
      "05449000238344",
      "05449000232274"
    ],
    "topCategoryName": "Dranken",
    "topCategoryId": "354",
    "businessDomain": "RETAIL_BE",
    "IsPrivateLabel": false,
    "IsBiffe": false,
    "WeightconversionFactor": "0",
    "IsWeightArticle": false,
    "nutriscoreLabel": "D",
    "IsBio": false,
    "CountryOfOrigin": "FRANKRIJK",
    "IsExclusivelySoldInLuxembourg": false,
    "OrderUnit": "P",
    "ShortName": "FUZE MANGO-CHAMOMI1.25L",
    "IsNew": false,
    "RecentQuanityOfStockUnits": "6,1",
    "LongName": "FUZE TEA Green Tea Mango-Chamomile 1,25L",
    "FicCode": "E"
  },
  {
    "productId": "158763",
    "technicalArticleNumber": "3247183",
    "commercialArticleNumber": "37822",
    "name": "Light",
    "description": "*Bruisend\n*Met zoetstoffen\n*Bevat cafeïne",
    "brand": "COCA-COLA",
    "seoBrand": "Coca-Cola Light",
    "thumbNail": "https://static.colruytgroup.com/images/200x200/std.lang.all/47/97/asset-3404797.jpg",
    "fullImage": "https://static.colruytgroup.com/images/500x500/std.lang.all/47/97/asset-3404797.jpg",
    "squareImage": "https://static.colruytgroup.com/images/500x500sq/std.lang.all/47/97/asset-3404797.jpg",
    "content": "1,5L",
    "walkRouteSequenceNumber": 4346,
    "price": {
      "basicPrice": 2.25,
      "recommendedQuantity": "8.0",
      "measurementUnitPrice": 1.5,
      "measurementUnit": "L",
      "isRedPrice": false,
      "pricePerUOM": 1.5,
      "activationDate": "21-03-2024",
      "recordSource": "Offline",
      "isPromoActive": "N",
      "priceChangeCode": "H"
    },
    "isAvailable": true,
    "isPriceAvailable": true,
    "inPromo": true,
    "promotion": [
      {
        "techPromoId": "100842COLR",
        "promotionId": "100842",
        "promotionType": "3",
        "isPersonalized": "N",
        "publicationStartDate": "13-03-2024",
        "publicationEndDate": "26-03-2024"
      }
    ],
    "gtin": [
      "05449000107206",
      "05449000994769",
      "05449000050212",
      "05449000657619"
    ],
    "topCategoryName": "Dranken",
    "topCategoryId": "354",
    "businessDomain": "RETAIL_BE",
    "IsPrivateLabel": false,
    "IsBiffe": false,
    "WeightconversionFactor": "0",
    "IsWeightArticle": false,
    "nutriscoreLabel": "C",
    "IsBio": false,
    "CountryOfOrigin": "BELGIË",
    "IsExclusivelySoldInLuxembourg": false,
    "OrderUnit": "P",
    "ShortName": "COCA LIGHT 1.5L",
    "IsNew": false,
    "RecentQuanityOfStockUnits": "1,8",
    "LongName": "COCA-COLA Light 1,5L",
    "AlcoholVolume": "0",
    "FicCode": "E"
  },
  {
    "productId": "6958",
    "technicalArticleNumber": "1159780",
    "commercialArticleNumber": "5397",
    "name": "Lemon",
    "description": "*Smaak: citroen\n*Bruisend\n*Met suiker",
    "brand": "FANTA",
    "seoBrand": "Fanta",
    "thumbNail": "https://static.colruytgroup.com/images/200x200/std.lang.all/26/23/asset-1402623.jpg",
    "fullImage": "https://static.colruytgroup.com/images/500x500/std.lang.all/26/23/asset-1402623.jpg",
    "squareImage": "https://static.colruytgroup.com/images/500x500sq/std.lang.all/26/23/asset-1402623.jpg",
    "content": "1,5L",
    "walkRouteSequenceNumber": 4313,
    "price": {
      "basicPrice": 2.09,
      "recommendedQuantity": "4.0",
      "measurementUnitPrice": 1.4,
      "measurementUnit": "L",
      "isRedPrice": false,
      "pricePerUOM": 1.4,
      "activationDate": "14-03-2024",
      "recordSource": "Offline",
      "isPromoActive": "N",
      "priceChangeCode": "E"
    },
    "isAvailable": true,
    "isPriceAvailable": true,
    "inPromo": false,
    "gtin": [
      "05449000001320",
      "05449000012401"
    ],
    "topCategoryName": "Dranken",
    "topCategoryId": "354",
    "businessDomain": "RETAIL_BE",
    "IsPrivateLabel": false,
    "IsBiffe": false,
    "WeightconversionFactor": "0",
    "IsWeightArticle": false,
    "nutriscoreLabel": "E",
    "IsBio": false,
    "CountryOfOrigin": "BELGIË",
    "IsExclusivelySoldInLuxembourg": false,
    "OrderUnit": "P",
    "ShortName": "FANTA LEMON 1L5",
    "IsNew": false,
    "RecentQuanityOfStockUnits": "1,4",
    "LongName": "FANTA Lemon 1,5L",
    "AlcoholVolume": "0",
    "FicCode": "E"
  },
  {
    "productId": "508359",
    "technicalArticleNumber": "4079247",
    "commercialArticleNumber": "7515",
    "name": "3 in 1 Classic Sticks",
    "description": "*Oploskoffie\n*Rijk aroma\n*Koffiecreamer\n*10 sticks",
    "brand": "NESCAFÉ",
    "seoBrand": "Nescafé",
    "thumbNail": "https://static.colruytgroup.com/images/200x200/std.lang.all/47/30/asset-1764730.jpg",
    "fullImage": "https://static.colruytgroup.com/images/500x500/std.lang.all/47/30/asset-1764730.jpg",
    "squareImage": "https://static.colruytgroup.com/images/500x500sq/std.lang.all/47/30/asset-1764730.jpg",
    "content": "10st",
    "walkRouteSequenceNumber": 1166,
    "price": {
      "basicPrice": 1.88,
      "recommendedQuantity": "1.0",
      "measurementUnitPrice": 11.4,
      "measurementUnit": "K",
      "isRedPrice": false,
      "pricePerUOM": 11.4,
      "activationDate": "23-03-2024",
      "recordSource": "Folder",
      "isPromoActive": "N",
      "priceChangeCode": "E"
    },
    "isAvailable": true,
    "isPriceAvailable": true,
    "inPromo": false,
    "gtin": [
      "07613036900072",
      "07613036900089"
    ],
    "topCategoryName": "Dranken",
    "topCategoryId": "354",
    "businessDomain": "RETAIL_BE",
    "IsPrivateLabel": false,
    "IsBiffe": false,
    "WeightconversionFactor": "0",
    "IsWeightArticle": false,
    "nutriscoreLabel": "E",
    "IsBio": false,
    "CountryOfOrigin": "HONGARIJE",
    "IsExclusivelySoldInLuxembourg": false,
    "OrderUnit": "P",
    "ShortName": "NESC 3IN1 10ZAKJES 165G",
    "IsNew": false,
    "RecentQuanityOfStockUnits": "8,1",
    "LongName": "NESCAFÉ 3 in 1 Classic Sticks 10st",
    "FicCode": "E"
  },
  {
    "productId": "1653",
    "technicalArticleNumber": "22324",
    "commercialArticleNumber": "22324",
    "name": "koffie gemalen Deca",
    "description": "*Sterkte: heel\nzachte koffie\n*Smaak: vol aroma\n*Gemalenkoffie",
    "brand": "EVERYDAY",
    "seoBrand": "Everyday",
    "thumbNail": "https://static.colruytgroup.com/images/200x200/std.lang.all/21/73/asset-782173.jpg",
    "fullImage": "https://static.colruytgroup.com/images/500x500/std.lang.all/21/73/asset-782173.jpg",
    "squareImage": "https://static.colruytgroup.com/images/500x500sq/std.lang.all/21/73/asset-782173.jpg",
    "content": "500g",
    "walkRouteSequenceNumber": 1188,
    "price": {
      "basicPrice": 3.15,
      "recommendedQuantity": "1.0",
      "measurementUnitPrice": 6.3,
      "measurementUnit": "K",
      "isRedPrice": false,
      "pricePerUOM": 6.3,
      "activationDate": "19-03-2024",
      "recordSource": "Offline",
      "isPromoActive": "N",
      "priceChangeCode": "L"
    },
    "isAvailable": true,
    "isPriceAvailable": true,
    "inPromo": false,
    "gtin": [
      "05400141225266",
      "15400141225263",
      "15400141299813",
      "05400141299816"
    ],
    "topCategoryName": "Dranken",
    "topCategoryId": "354",
    "businessDomain": "RETAIL_BE",
    "IsPrivateLabel": true,
    "IsBiffe": false,
    "WeightconversionFactor": "0",
    "IsWeightArticle": false,
    "nutriscoreLabel": "B",
    "IsBio": false,
    "CountryOfOrigin": "BELGIË",
    "IsExclusivelySoldInLuxembourg": false,
    "OrderUnit": "P",
    "ShortName": "EVD DECAF GEMALEN 500GR",
    "IsNew": false,
    "EcoscoreLabel": "D",
    "RecentQuanityOfStockUnits": "12,1",
    "LongName": "EVERYDAY koffie gemalen Deca 500g",
    "AlcoholVolume": "0",
    "FicCode": "I",
    "EcoscoreValue": "39"
  },
  {
    "productId": "12257",
    "technicalArticleNumber": "1298703",
    "commercialArticleNumber": "19663",
    "name": "Safari Fruits limonade",
    "description": "*Multivruchtendrank\n*Uit sapconcentraat\n*Met 12 % vruchten\n*Zonder pulp",
    "brand": "CAPRI-SUN",
    "seoBrand": "Capri-Sun",
    "thumbNail": "https://static.colruytgroup.com/images/200x200/std.lang.all/22/98/asset-3242298.jpg",
    "fullImage": "https://static.colruytgroup.com/images/500x500/std.lang.all/22/98/asset-3242298.jpg",
    "squareImage": "https://static.colruytgroup.com/images/500x500sq/std.lang.all/22/98/asset-3242298.jpg",
    "content": "10x20cl",
    "walkRouteSequenceNumber": 4091,
    "price": {
      "basicPrice": 3.79,
      "recommendedQuantity": "1.0",
      "measurementUnitPrice": 1.9,
      "measurementUnit": "L",
      "isRedPrice": false,
      "pricePerUOM": 1.9,
      "activationDate": "23-03-2024",
      "recordSource": "Folder",
      "isPromoActive": "N",
      "priceChangeCode": "E"
    },
    "isAvailable": true,
    "isPriceAvailable": true,
    "inPromo": false,
    "gtin": [
      "04000177158418",
      "04000177158432",
      "04000177158425",
      "04000177158920"
    ],
    "topCategoryName": "Dranken",
    "topCategoryId": "354",
    "businessDomain": "RETAIL_BE",
    "IsPrivateLabel": false,
    "IsBiffe": false,
    "WeightconversionFactor": "0",
    "IsWeightArticle": false,
    "nutriscoreLabel": "D",
    "IsBio": false,
    "CountryOfOrigin": "DUITSLAND",
    "IsExclusivelySoldInLuxembourg": false,
    "OrderUnit": "P",
    "ShortName": "CAPR SAFARI 10X20CL",
    "InSeason": true,
    "IsNew": false,
    "RecentQuanityOfStockUnits": "1",
    "LongName": "CAPRI-SUN Safari Fruits limonade 10x20cl",
    "AlcoholVolume": "0",
    "StartSeasonDate": "30/03/2018",
    "FicCode": "E"
  },
  {
    "productId": "42567",
    "technicalArticleNumber": "2539746",
    "commercialArticleNumber": "39772",
    "name": "melk vol vers brik",
    "description": "*Volle melk\n*België",
    "brand": "BONI",
    "seoBrand": "Boni Selection",
    "thumbNail": "https://static.colruytgroup.com/images/200x200/std.lang.all/53/84/asset-2915384.jpg",
    "fullImage": "https://static.colruytgroup.com/images/500x500/std.lang.all/53/84/asset-2915384.jpg",
    "squareImage": "https://static.colruytgroup.com/images/500x500sq/std.lang.all/53/84/asset-2915384.jpg",
    "content": "1L",
    "walkRouteSequenceNumber": 5742,
    "price": {
      "basicPrice": 1.49,
      "recommendedQuantity": "1.0",
      "measurementUnitPrice": 1.49,
      "measurementUnit": "L",
      "isRedPrice": false,
      "pricePerUOM": 1.49,
      "activationDate": "28-12-2023",
      "recordSource": "Offline",
      "isPromoActive": "N",
      "priceChangeCode": "E"
    },
    "isAvailable": true,
    "isPriceAvailable": true,
    "inPromo": false,
    "gtin": [
      "05400141035902",
      "15400141989851",
      "05400141422788",
      "15400141002871",
      "15400141293057",
      "15400141422785",
      "05400141194685",
      "05400141293050",
      "05400141415148",
      "15400141979043",
      "15400141833895"
    ],
    "topCategoryName": "Zuivel",
    "topCategoryId": "65",
    "businessDomain": "RETAIL_BE",
    "IsPrivateLabel": true,
    "IsBiffe": false,
    "WeightconversionFactor": "0",
    "IsWeightArticle": false,
    "nutriscoreLabel": "C",
    "IsBio": false,
    "CountryOfOrigin": "BELGIË",
    "IsExclusivelySoldInLuxembourg": false,
    "OrderUnit": "P",
    "ShortName": "BONI VERS VOL MEL1L",
    "IsNew": false,
    "EcoscoreLabel": "B",
    "RecentQuanityOfStockUnits": "1,6",
    "LongName": "BONI melk vol vers brik 1L",
    "AlcoholVolume": "0",
    "FicCode": "I",
    "EcoscoreValue": "65"
  },
  {
    "productId": "333994",
    "technicalArticleNumber": "3814344",
    "commercialArticleNumber": "51204",
    "name": "Gemalen mild RFA",
    "description": "*Sterkte: heel\nzachte koffie\n*Smaak: mild\n*Gemalen koffie",
    "brand": "GRAINDOR",
    "seoBrand": "Graindor",
    "thumbNail": "https://static.colruytgroup.com/images/200x200/std.lang.all/36/23/asset-3123623.jpg",
    "fullImage": "https://static.colruytgroup.com/images/500x500/std.lang.all/36/23/asset-3123623.jpg",
    "squareImage": "https://static.colruytgroup.com/images/500x500sq/std.lang.all/36/23/asset-3123623.jpg",
    "content": "500g",
    "walkRouteSequenceNumber": 1149,
    "price": {
      "basicPrice": 3.97,
      "recommendedQuantity": "1.0",
      "measurementUnitPrice": 7.94,
      "measurementUnit": "K",
      "isRedPrice": false,
      "pricePerUOM": 7.94,
      "activationDate": "20-03-2024",
      "recordSource": "Folder",
      "isPromoActive": "N",
      "priceChangeCode": "L"
    },
    "isAvailable": true,
    "isPriceAvailable": true,
    "inPromo": false,
    "gtin": [
      "05400141033021",
      "15400141033028"
    ],
    "topCategoryName": "Dranken",
    "topCategoryId": "354",
    "businessDomain": "RETAIL_BE",
    "IsPrivateLabel": true,
    "IsBiffe": false,
    "WeightconversionFactor": "0",
    "IsWeightArticle": false,
    "nutriscoreLabel": "B",
    "IsBio": false,
    "CountryOfOrigin": "BELGIË",
    "IsExclusivelySoldInLuxembourg": false,
    "OrderUnit": "P",
    "ShortName": "RFA GRAI MILD GMLN 500G",
    "IsNew": false,
    "EcoscoreLabel": "C",
    "RecentQuanityOfStockUnits": "2,1",
    "LongName": "GRAINDOR Gemalen mild RFA 500g",
    "AlcoholVolume": "0",
    "FicCode": "I",
    "EcoscoreValue": "58"
  },
  {
    "productId": "81368",
    "technicalArticleNumber": "2953835",
    "commercialArticleNumber": "2809",
    "name": "bonen dessert",
    "description": "*Sterkte: Zachte\nKoffie\n*Evenwichtig\n*Koffiebonen",
    "brand": "DOUWE EGBERTS",
    "seoBrand": "Douwe Egberts",
    "thumbNail": "https://static.colruytgroup.com/images/200x200/std.lang.all/18/03/asset-671803.jpg",
    "fullImage": "https://static.colruytgroup.com/images/500x500/std.lang.all/18/03/asset-671803.jpg",
    "squareImage": "https://static.colruytgroup.com/images/500x500sq/std.lang.all/18/03/asset-671803.jpg",
    "content": "500g",
    "walkRouteSequenceNumber": 1025,
    "price": {
      "basicPrice": 8.49,
      "recommendedQuantity": "1.0",
      "measurementUnitPrice": 16.98,
      "measurementUnit": "K",
      "isRedPrice": false,
      "pricePerUOM": 16.98,
      "activationDate": "18-03-2024",
      "recordSource": "Offline",
      "isPromoActive": "N",
      "priceChangeCode": "E"
    },
    "isAvailable": true,
    "isPriceAvailable": true,
    "inPromo": false,
    "gtin": [
      "05400141047202",
      "05410138070861",
      "05410138001216",
      "05410138235512"
    ],
    "topCategoryName": "Dranken",
    "topCategoryId": "354",
    "businessDomain": "RETAIL_BE",
    "IsPrivateLabel": false,
    "IsBiffe": false,
    "WeightconversionFactor": "0",
    "IsWeightArticle": false,
    "nutriscoreLabel": "B",
    "IsBio": false,
    "CountryOfOrigin": "POLEN",
    "IsExclusivelySoldInLuxembourg": false,
    "OrderUnit": "P",
    "ShortName": "DE BONEN DESSERT 500GR",
    "IsNew": false,
    "RecentQuanityOfStockUnits": "1,6",
    "LongName": "DOUWE EGBERTS bonen dessert 500g",
    "AlcoholVolume": "0",
    "FicCode": "E"
  },
  {
    "productId": "234431",
    "technicalArticleNumber": "3545456",
    "commercialArticleNumber": "41517",
    "name": "Zero Sugar Energ.Ultra blik",
    "description": "*Energiedrank\n*Taurine/cafeïne\n*Met zoetstoffen",
    "brand": "MONSTER",
    "seoBrand": "Monster",
    "thumbNail": "https://static.colruytgroup.com/images/200x200/std.lang.all/49/76/asset-2294976.jpg",
    "fullImage": "https://static.colruytgroup.com/images/500x500/std.lang.all/49/76/asset-2294976.jpg",
    "squareImage": "https://static.colruytgroup.com/images/500x500sq/std.lang.all/49/76/asset-2294976.jpg",
    "content": "50cl",
    "walkRouteSequenceNumber": 4691,
    "price": {
      "basicPrice": 1.67,
      "recommendedQuantity": "4.0",
      "quantityPrice": 1.6,
      "quantityPriceQuantity": "24.0",
      "measurementUnitPrice": 3.34,
      "measurementUnitQuantityPrice": 3.2,
      "measurementUnit": "L",
      "isRedPrice": false,
      "pricePerUOM": 3.34,
      "activationDate": "14-02-2024",
      "recordSource": "Offline",
      "isPromoActive": "N",
      "priceChangeCode": "E",
      "quantityPricePerUOM": 3.2,
      "quantityActivationDate": "14-02-2024",
      "quantityPriceChangeCode": "E"
    },
    "isAvailable": true,
    "isPriceAvailable": true,
    "inPromo": false,
    "gtin": [
      "05060337504027",
      "05060337504010",
      "05060337500708"
    ],
    "topCategoryName": "Dranken",
    "topCategoryId": "354",
    "businessDomain": "RETAIL_BE",
    "IsPrivateLabel": false,
    "IsBiffe": false,
    "WeightconversionFactor": "0",
    "IsWeightArticle": false,
    "nutriscoreLabel": "C",
    "IsBio": false,
    "CountryOfOrigin": "BELGIË",
    "IsExclusivelySoldInLuxembourg": false,
    "OrderUnit": "P",
    "ShortName": "MONS ZERO ULTRA 50CL",
    "IsNew": false,
    "RecentQuanityOfStockUnits": "1,24,4",
    "LongName": "MONSTER Zero Sugar Energ.Ultra blik 50cl",
    "AlcoholVolume": "0",
    "FicCode": "E"
  },
  {
    "productId": "16722",
    "technicalArticleNumber": "1434515",
    "commercialArticleNumber": "6694",
    "name": "abdijbier dubbel 6,5%",
    "description": "*Abdijbier\n*Donker Bruin\n*6,5 % vol",
    "brand": "GRIMBERGEN",
    "seoBrand": "Grimbergen",
    "thumbNail": "https://static.colruytgroup.com/images/200x200/std.lang.all/55/64/asset-1635564.jpg",
    "fullImage": "https://static.colruytgroup.com/images/500x500/std.lang.all/55/64/asset-1635564.jpg",
    "squareImage": "https://static.colruytgroup.com/images/500x500sq/std.lang.all/55/64/asset-1635564.jpg",
    "content": "8x33cl",
    "walkRouteSequenceNumber": 3642,
    "price": {
      "basicPrice": 10.12,
      "recommendedQuantity": "1.0",
      "measurementUnitPrice": 3.84,
      "measurementUnit": "L",
      "isRedPrice": false,
      "pricePerUOM": 3.84,
      "activationDate": "23-03-2024",
      "recordSource": "Offline",
      "isPromoActive": "N",
      "priceChangeCode": "L"
    },
    "isAvailable": true,
    "isPriceAvailable": true,
    "inPromo": false,
    "gtin": [
      "05410263003499",
      "05400141026030",
      "05410263010664"
    ],
    "topCategoryName": "Dranken",
    "topCategoryId": "354",
    "businessDomain": "RETAIL_BE",
    "IsPrivateLabel": false,
    "IsBiffe": false,
    "WeightconversionFactor": "0",
    "IsWeightArticle": false,
    "IsBio": false,
    "CountryOfOrigin": "BELGIË",
    "IsExclusivelySoldInLuxembourg": false,
    "OrderUnit": "P",
    "ShortName": "GRIMBERG DUBBEL 8X33CL",
    "IsNew": false,
    "EcoscoreLabel": "D",
    "RecentQuanityOfStockUnits": "1",
    "LongName": "GRIMBERGEN abdijbier dubbel 6,5% 8x33cl",
    "AlcoholVolume": "6.5",
    "FicCode": "I",
    "DepositValue": [
      0.8
    ],
    "EcoscoreValue": "37"
  },
  {
    "productId": "26810",
    "technicalArticleNumber": "1971615",
    "commercialArticleNumber": "5294",
    "name": "appelsien PET",
    "description": "*Limonade\n*Niet bruisend\n*Smaak: sinaasappel",
    "brand": "OASIS MINI",
    "seoBrand": "Oasis",
    "thumbNail": "https://static.colruytgroup.com/images/200x200/std.lang.all/00/96/asset-3270096.jpg",
    "fullImage": "https://static.colruytgroup.com/images/500x500/std.lang.all/00/96/asset-3270096.jpg",
    "squareImage": "https://static.colruytgroup.com/images/500x500sq/std.lang.all/00/96/asset-3270096.jpg",
    "content": "25cl",
    "walkRouteSequenceNumber": 4819,
    "price": {
      "basicPrice": 0.965,
      "recommendedQuantity": "6.0",
      "measurementUnitPrice": 3.86,
      "measurementUnit": "L",
      "isRedPrice": false,
      "pricePerUOM": 3.86,
      "activationDate": "13-03-2024",
      "recordSource": "Offline",
      "isPromoActive": "N",
      "priceChangeCode": "H"
    },
    "isAvailable": true,
    "isPriceAvailable": true,
    "inPromo": false,
    "gtin": [
      "03124480162670",
      "03124480235602",
      "03124488162672",
      "05400141086591"
    ],
    "topCategoryName": "Dranken",
    "topCategoryId": "354",
    "businessDomain": "RETAIL_BE",
    "IsPrivateLabel": false,
    "IsBiffe": false,
    "WeightconversionFactor": "0",
    "IsWeightArticle": false,
    "nutriscoreLabel": "E",
    "IsBio": false,
    "CountryOfOrigin": "FRANKRIJK",
    "IsExclusivelySoldInLuxembourg": false,
    "OrderUnit": "P",
    "ShortName": "OASI MINI SINAAS PET25C",
    "IsNew": false,
    "RecentQuanityOfStockUnits": "6,1,24",
    "LongName": "OASIS MINI appelsien PET 25cl",
    "AlcoholVolume": "0",
    "FicCode": "E"
  },
  {
    "productId": "474715",
    "technicalArticleNumber": "4063346",
    "commercialArticleNumber": "7051",
    "name": "halfvolle melk brik",
    "description": "*Halfvolle melk\n*België",
    "brand": "BONI",
    "seoBrand": "Boni Selection",
    "thumbNail": "https://static.colruytgroup.com/images/200x200/std.lang.all/53/82/asset-3215382.jpg",
    "fullImage": "https://static.colruytgroup.com/images/500x500/std.lang.all/53/82/asset-3215382.jpg",
    "squareImage": "https://static.colruytgroup.com/images/500x500sq/std.lang.all/53/82/asset-3215382.jpg",
    "content": "6x20cl",
    "walkRouteSequenceNumber": 6257,
    "price": {
      "basicPrice": 1.99,
      "recommendedQuantity": "1.0",
      "measurementUnitPrice": 1.66,
      "measurementUnit": "L",
      "isRedPrice": false,
      "pricePerUOM": 1.66,
      "activationDate": "08-11-2023",
      "recordSource": "Offline",
      "isPromoActive": "N",
      "priceChangeCode": "L"
    },
    "isAvailable": true,
    "isPriceAvailable": true,
    "inPromo": false,
    "gtin": [
      "05400141998771",
      "15400141998778",
      "25400141998775",
      "05400141266733",
      "15400141266730",
      "25400141266737"
    ],
    "topCategoryName": "Zuivel",
    "topCategoryId": "65",
    "businessDomain": "RETAIL_BE",
    "IsPrivateLabel": true,
    "IsBiffe": false,
    "WeightconversionFactor": "0",
    "IsWeightArticle": false,
    "nutriscoreLabel": "B",
    "IsBio": false,
    "CountryOfOrigin": "BELGIË",
    "IsExclusivelySoldInLuxembourg": false,
    "OrderUnit": "P",
    "ShortName": "BONI HV MELK 6X20CL",
    "IsNew": false,
    "EcoscoreLabel": "B",
    "RecentQuanityOfStockUnits": "4,1",
    "LongName": "BONI halfvolle melk brik 6x20cl",
    "FicCode": "I",
    "EcoscoreValue": "69"
  },
  {
    "productId": "1287",
    "technicalArticleNumber": "19043",
    "commercialArticleNumber": "19043",
    "name": "Ruby 19%",
    "description": "*Porto Ruby rood\n*Aperitief\n*19,0 % vol",
    "brand": "AMURO",
    "seoBrand": "Porto Amuro",
    "thumbNail": "https://static.colruytgroup.com/images/200x200/std.lang.all/24/78/asset-392478.jpg",
    "fullImage": "https://static.colruytgroup.com/images/500x500/std.lang.all/24/78/asset-392478.jpg",
    "squareImage": "https://static.colruytgroup.com/images/500x500sq/std.lang.all/24/78/asset-392478.jpg",
    "content": "75cl",
    "walkRouteSequenceNumber": 725,
    "price": {
      "basicPrice": 6.79,
      "recommendedQuantity": "1.0",
      "measurementUnitPrice": 9.06,
      "measurementUnit": "L",
      "isRedPrice": false,
      "pricePerUOM": 9.06,
      "activationDate": "17-01-2024",
      "isPromoActive": "N",
      "priceChangeCode": "H"
    },
    "isAvailable": true,
    "isPriceAvailable": true,
    "inPromo": false,
    "gtin": [
      "05400141190434",
      "15601355000176"
    ],
    "topCategoryName": "Dranken",
    "topCategoryId": "354",
    "businessDomain": "RETAIL_BE",
    "IsPrivateLabel": true,
    "IsBiffe": false,
    "WeightconversionFactor": "0",
    "IsWeightArticle": false,
    "IsBio": false,
    "CountryOfOrigin": "PORTUGAL",
    "IsExclusivelySoldInLuxembourg": false,
    "OrderUnit": "P",
    "ShortName": "AMURO PORTO RED 75CL",
    "IsNew": false,
    "EcoscoreLabel": "D",
    "RecentQuanityOfStockUnits": "6,1",
    "LongName": "AMURO Ruby 19% 75cl",
    "AlcoholVolume": "19",
    "FicCode": "I",
    "EcoscoreValue": "38"
  },
  {
    "productId": "874320",
    "technicalArticleNumber": "4729344",
    "commercialArticleNumber": "32117",
    "name": "pads Cappuccino",
    "description": "*Koffie in pads",
    "brand": "SENSEO",
    "seoBrand": "Senseo",
    "thumbNail": "https://static.colruytgroup.com/images/200x200/std.lang.all/63/01/asset-3216301.jpg",
    "fullImage": "https://static.colruytgroup.com/images/500x500/std.lang.all/63/01/asset-3216301.jpg",
    "squareImage": "https://static.colruytgroup.com/images/500x500sq/std.lang.all/63/01/asset-3216301.jpg",
    "content": "16st",
    "walkRouteSequenceNumber": 1195,
    "price": {
      "basicPrice": 5.18,
      "recommendedQuantity": "1.0",
      "measurementUnitPrice": 28.16,
      "measurementUnit": "K",
      "isRedPrice": false,
      "pricePerUOM": 28.16,
      "activationDate": "19-03-2024",
      "recordSource": "Offline",
      "isPromoActive": "Y",
      "priceChangeCode": "H"
    },
    "isAvailable": true,
    "isPriceAvailable": true,
    "inPromo": true,
    "promotion": [
      {
        "techPromoId": "100904COLR",
        "promotionId": "100904",
        "promotionType": "3",
        "isPersonalized": "N",
        "publicationStartDate": "13-03-2024",
        "publicationEndDate": "26-03-2024"
      }
    ],
    "gtin": [
      "08711000465462",
      "05410138051518",
      "05410138051501"
    ],
    "topCategoryName": "Dranken",
    "topCategoryId": "354",
    "businessDomain": "RETAIL_BE",
    "IsPrivateLabel": false,
    "IsBiffe": false,
    "WeightconversionFactor": "0",
    "IsWeightArticle": false,
    "IsBio": false,
    "CountryOfOrigin": "NEDERLAND",
    "IsExclusivelySoldInLuxembourg": false,
    "OrderUnit": "P",
    "ShortName": "SENS CAPPUCCINO 16PADS",
    "IsNew": false,
    "RecentQuanityOfStockUnits": "1,10",
    "LongName": "SENSEO pads Cappuccino 16st",
    "FicCode": "E"
  },
  {
    "productId": "332024",
    "technicalArticleNumber": "3814436",
    "commercialArticleNumber": "51221",
    "name": "Pads deca RFA",
    "description": "*Zachte koffie\n*Fijne aciditeit\n*Pads\n*Cafeïnevrij",
    "brand": "GRAINDOR",
    "seoBrand": "Graindor",
    "thumbNail": "https://static.colruytgroup.com/images/200x200/std.lang.all/22/62/asset-1822262.jpg",
    "fullImage": "https://static.colruytgroup.com/images/500x500/std.lang.all/22/62/asset-1822262.jpg",
    "squareImage": "https://static.colruytgroup.com/images/500x500sq/std.lang.all/22/62/asset-1822262.jpg",
    "content": "36st",
    "walkRouteSequenceNumber": 1160,
    "price": {
      "basicPrice": 3.39,
      "recommendedQuantity": "1.0",
      "quantityPrice": 2.54,
      "quantityPriceQuantity": "2.0",
      "measurementUnitPrice": 13.46,
      "measurementUnitQuantityPrice": 10.08,
      "measurementUnit": "K",
      "isRedPrice": false,
      "pricePerUOM": 13.46,
      "activationDate": "20-03-2024",
      "recordSource": "Offline",
      "isPromoActive": "N",
      "priceChangeCode": "E",
      "quantityPricePerUOM": 10.08,
      "quantityActivationDate": "20-03-2024",
      "quantityPriceChangeCode": "L"
    },
    "isAvailable": true,
    "isPriceAvailable": true,
    "inPromo": false,
    "gtin": [
      "15400141034667",
      "05400141034660"
    ],
    "topCategoryName": "Dranken",
    "topCategoryId": "354",
    "businessDomain": "RETAIL_BE",
    "IsPrivateLabel": true,
    "IsBiffe": false,
    "WeightconversionFactor": "0",
    "IsWeightArticle": false,
    "nutriscoreLabel": "B",
    "IsBio": false,
    "CountryOfOrigin": "BELGIË",
    "IsExclusivelySoldInLuxembourg": false,
    "OrderUnit": "P",
    "ShortName": "RFA GRAI DECAF 36 PADS",
    "IsNew": false,
    "EcoscoreLabel": "C",
    "RecentQuanityOfStockUnits": "1,10",
    "LongName": "GRAINDOR Pads deca RFA 36st",
    "AlcoholVolume": "0",
    "FicCode": "I",
    "EcoscoreValue": "54"
  },
  {
    "productId": "109313",
    "technicalArticleNumber": "3117374",
    "commercialArticleNumber": "44054",
    "name": "Zero",
    "description": "*Bruisend\n*Met zoetstoffen\n*Kinine",
    "brand": "GINI",
    "seoBrand": "Gini",
    "thumbNail": "https://static.colruytgroup.com/images/200x200/std.lang.all/75/68/asset-2037568.jpg",
    "fullImage": "https://static.colruytgroup.com/images/500x500/std.lang.all/75/68/asset-2037568.jpg",
    "squareImage": "https://static.colruytgroup.com/images/500x500sq/std.lang.all/75/68/asset-2037568.jpg",
    "content": "33cl",
    "walkRouteSequenceNumber": 4328,
    "price": {
      "basicPrice": 0.848,
      "recommendedQuantity": "6.0",
      "measurementUnitPrice": 2.58,
      "measurementUnit": "L",
      "isRedPrice": false,
      "pricePerUOM": 2.58,
      "activationDate": "20-03-2024",
      "recordSource": "Offline",
      "isPromoActive": "N",
      "priceChangeCode": "L"
    },
    "isAvailable": true,
    "isPriceAvailable": true,
    "inPromo": false,
    "gtin": [
      "05410221353086",
      "05410221303081",
      "05410221333088"
    ],
    "topCategoryName": "Dranken",
    "topCategoryId": "354",
    "businessDomain": "RETAIL_BE",
    "IsPrivateLabel": false,
    "IsBiffe": false,
    "WeightconversionFactor": "0",
    "IsWeightArticle": false,
    "IsBio": false,
    "CountryOfOrigin": "FRANKRIJK",
    "IsExclusivelySoldInLuxembourg": false,
    "OrderUnit": "P",
    "ShortName": "GINI ZERO 33CL BLIK",
    "InSeason": true,
    "IsNew": false,
    "RecentQuanityOfStockUnits": "24,1,6",
    "LongName": "GINI Zero 33cl",
    "AlcoholVolume": "0",
    "StartSeasonDate": "12/03/2015",
    "FicCode": "E"
  },
  {
    "productId": "211379",
    "technicalArticleNumber": "3517584",
    "commercialArticleNumber": "17970",
    "name": "sojadrink choco 100Calories",
    "description": "*100 Kcal",
    "brand": "ALPRO",
    "seoBrand": "Alpro",
    "thumbNail": "https://static.colruytgroup.com/images/200x200/std.lang.all/86/87/asset-3368687.jpg",
    "fullImage": "https://static.colruytgroup.com/images/500x500/std.lang.all/86/87/asset-3368687.jpg",
    "squareImage": "https://static.colruytgroup.com/images/500x500sq/std.lang.all/86/87/asset-3368687.jpg",
    "content": "6x25cl",
    "walkRouteSequenceNumber": 6299,
    "price": {
      "basicPrice": 3.98,
      "recommendedQuantity": "1.0",
      "measurementUnitPrice": 2.66,
      "measurementUnit": "L",
      "isRedPrice": false,
      "pricePerUOM": 2.66,
      "activationDate": "09-01-2024",
      "recordSource": "Offline",
      "isPromoActive": "N",
      "priceChangeCode": "E"
    },
    "isAvailable": true,
    "isPriceAvailable": true,
    "inPromo": false,
    "gtin": [
      "05411188122043",
      "05411188122067",
      "05411188122050"
    ],
    "topCategoryName": "Zuivel",
    "topCategoryId": "65",
    "businessDomain": "RETAIL_BE",
    "IsPrivateLabel": false,
    "IsBiffe": false,
    "WeightconversionFactor": "0",
    "IsWeightArticle": false,
    "nutriscoreLabel": "A",
    "IsBio": false,
    "CountryOfOrigin": "BELGIË",
    "IsExclusivelySoldInLuxembourg": false,
    "OrderUnit": "P",
    "ShortName": "ALP SOY LIGHT CHOC6X25C",
    "IsNew": false,
    "EcoscoreLabel": "A",
    "RecentQuanityOfStockUnits": "1,4",
    "LongName": "ALPRO sojadrink choco 100Calories 6x25cl",
    "AlcoholVolume": "0",
    "FicCode": "E",
    "EcoscoreValue": "92"
  },
  {
    "productId": "292132",
    "technicalArticleNumber": "3708913",
    "commercialArticleNumber": "16809",
    "name": "Rijstdrink zonder toegev.suikers",
    "description": "*Plantaardig\n*Zonder toegevoegde\nsuikers",
    "brand": "BONI",
    "seoBrand": "Boni Selection",
    "thumbNail": "https://static.colruytgroup.com/images/200x200/std.lang.all/40/21/asset-3234021.jpg",
    "fullImage": "https://static.colruytgroup.com/images/500x500/std.lang.all/40/21/asset-3234021.jpg",
    "squareImage": "https://static.colruytgroup.com/images/500x500sq/std.lang.all/40/21/asset-3234021.jpg",
    "content": "1L",
    "walkRouteSequenceNumber": 6277,
    "price": {
      "basicPrice": 1.49,
      "recommendedQuantity": "1.0",
      "measurementUnitPrice": 1.49,
      "measurementUnit": "L",
      "isRedPrice": false,
      "pricePerUOM": 1.49,
      "activationDate": "06-12-2023",
      "recordSource": "Offline",
      "isPromoActive": "N",
      "priceChangeCode": "E"
    },
    "isAvailable": true,
    "isPriceAvailable": true,
    "inPromo": false,
    "gtin": [
      "15400141452270",
      "05400141626292",
      "05400141033922",
      "05400141301861",
      "15400141301868",
      "05400141926736"
    ],
    "topCategoryName": "Zuivel",
    "topCategoryId": "65",
    "businessDomain": "RETAIL_BE",
    "IsPrivateLabel": true,
    "IsBiffe": false,
    "WeightconversionFactor": "0",
    "IsWeightArticle": false,
    "nutriscoreLabel": "C",
    "IsBio": false,
    "CountryOfOrigin": "ITALIË",
    "IsExclusivelySoldInLuxembourg": false,
    "OrderUnit": "P",
    "ShortName": "BONI RIJSTDRINK Z.T.S1L",
    "IsNew": false,
    "EcoscoreLabel": "A",
    "RecentQuanityOfStockUnits": "12,1",
    "LongName": "BONI Rijstdrink zonder toegev.suikers 1L",
    "AlcoholVolume": "0",
    "FicCode": "I",
    "EcoscoreValue": "87"
  },
  {
    "productId": "516388",
    "technicalArticleNumber": "4097609",
    "commercialArticleNumber": "8362",
    "name": "Indian tonic",
    "description": "*Bruisend\n*Bevat kinine",
    "brand": "SCHWEPPES",
    "seoBrand": "Schweppes",
    "thumbNail": "https://static.colruytgroup.com/images/200x200/nl_be/29/62/asset-3222962.jpg",
    "fullImage": "https://static.colruytgroup.com/images/500x500/nl_be/29/62/asset-3222962.jpg",
    "squareImage": "https://static.colruytgroup.com/images/500x500sq/nl_be/29/62/asset-3222962.jpg",
    "content": "1,5L",
    "walkRouteSequenceNumber": 4277,
    "price": {
      "basicPrice": 2.75,
      "recommendedQuantity": "6.0",
      "measurementUnitPrice": 1.84,
      "measurementUnit": "L",
      "isRedPrice": false,
      "pricePerUOM": 1.84,
      "activationDate": "20-03-2024",
      "recordSource": "Offline",
      "isPromoActive": "N",
      "priceChangeCode": "L"
    },
    "isAvailable": true,
    "isPriceAvailable": true,
    "inPromo": false,
    "gtin": [
      "03124480196361",
      "03124480182746",
      "05410221107313",
      "03124488196363"
    ],
    "topCategoryName": "Dranken",
    "topCategoryId": "354",
    "businessDomain": "RETAIL_BE",
    "IsPrivateLabel": false,
    "IsBiffe": false,
    "WeightconversionFactor": "0",
    "IsWeightArticle": false,
    "nutriscoreLabel": "D",
    "IsBio": false,
    "CountryOfOrigin": "FRANKRIJK",
    "IsExclusivelySoldInLuxembourg": false,
    "OrderUnit": "P",
    "ShortName": "SCHW INDIAN TONIC 1.5L",
    "IsNew": false,
    "RecentQuanityOfStockUnits": "6,1",
    "LongName": "SCHWEPPES Indian tonic 1,5L",
    "FicCode": "E"
  },
  {
    "productId": "820896",
    "technicalArticleNumber": "4654548",
    "commercialArticleNumber": "21818",
    "name": "zachte smaak extra pulp",
    "brand": "APPELSIENTJE",
    "seoBrand": "Appelsientje",
    "thumbNail": "https://static.colruytgroup.com/images/200x200/std.lang.all/26/10/asset-2952610.jpg",
    "fullImage": "https://static.colruytgroup.com/images/500x500/std.lang.all/26/10/asset-2952610.jpg",
    "squareImage": "https://static.colruytgroup.com/images/500x500sq/std.lang.all/26/10/asset-2952610.jpg",
    "content": "1L",
    "walkRouteSequenceNumber": 4850,
    "price": {
      "basicPrice": 2.99,
      "recommendedQuantity": "1.0",
      "quantityPrice": 2.87,
      "quantityPriceQuantity": "8.0",
      "measurementUnitPrice": 2.99,
      "measurementUnitQuantityPrice": 2.87,
      "measurementUnit": "L",
      "isRedPrice": false,
      "pricePerUOM": 2.99,
      "activationDate": "23-03-2024",
      "recordSource": "Offline",
      "isPromoActive": "N",
      "priceChangeCode": "H",
      "quantityPricePerUOM": 2.87,
      "quantityActivationDate": "23-03-2024",
      "quantityPriceChangeCode": "H"
    },
    "isAvailable": true,
    "isPriceAvailable": true,
    "inPromo": false,
    "gtin": [
      "08720157467823",
      "08720157467830"
    ],
    "topCategoryName": "Dranken",
    "topCategoryId": "354",
    "businessDomain": "RETAIL_BE",
    "IsPrivateLabel": false,
    "IsBiffe": false,
    "WeightconversionFactor": "0",
    "IsWeightArticle": false,
    "nutriscoreLabel": "C",
    "IsBio": false,
    "CountryOfOrigin": "NEDERLAND",
    "IsExclusivelySoldInLuxembourg": false,
    "OrderUnit": "P",
    "ShortName": "APPE Z.SMAAK EX.PULP 1L",
    "IsNew": false,
    "EcoscoreLabel": "A",
    "RecentQuanityOfStockUnits": "1,8",
    "LongName": "APPELSIENTJE zachte smaak extra pulp 1L",
    "FicCode": "E",
    "EcoscoreValue": "88"
  },
  {
    "productId": "14112",
    "technicalArticleNumber": "1605035",
    "commercialArticleNumber": "5116",
    "name": "plat water",
    "description": "*Mineraalwater\n*Niet-bruisend\n*Droogrest:1084 mg/l",
    "brand": "VITTEL",
    "seoBrand": "Vittel",
    "thumbNail": "https://static.colruytgroup.com/images/200x200/std.lang.all/74/98/asset-1997498.jpg",
    "fullImage": "https://static.colruytgroup.com/images/500x500/std.lang.all/74/98/asset-1997498.jpg",
    "squareImage": "https://static.colruytgroup.com/images/500x500sq/std.lang.all/74/98/asset-1997498.jpg",
    "content": "1L",
    "walkRouteSequenceNumber": 3954,
    "price": {
      "basicPrice": 0.88,
      "recommendedQuantity": "6.0",
      "quantityPrice": 0.84,
      "quantityPriceQuantity": "18.0",
      "measurementUnitPrice": 0.88,
      "measurementUnitQuantityPrice": 0.84,
      "measurementUnit": "L",
      "isRedPrice": false,
      "pricePerUOM": 0.88,
      "activationDate": "18-03-2024",
      "recordSource": "Offline",
      "isPromoActive": "Y",
      "priceChangeCode": "E",
      "quantityPricePerUOM": 0.84,
      "quantityActivationDate": "18-03-2024",
      "quantityPriceChangeCode": "E"
    },
    "isAvailable": true,
    "isPriceAvailable": true,
    "inPromo": true,
    "promotion": [
      {
        "techPromoId": "100853COLR",
        "promotionId": "100853",
        "promotionType": "3",
        "isPersonalized": "N",
        "publicationStartDate": "13-03-2024",
        "publicationEndDate": "26-03-2024"
      }
    ],
    "gtin": [
      "03179732333926",
      "03179732333919"
    ],
    "topCategoryName": "Dranken",
    "topCategoryId": "354",
    "businessDomain": "RETAIL_BE",
    "IsPrivateLabel": false,
    "IsBiffe": false,
    "WeightconversionFactor": "0",
    "IsWeightArticle": false,
    "nutriscoreLabel": "A",
    "IsBio": false,
    "CountryOfOrigin": "FRANKRIJK",
    "IsExclusivelySoldInLuxembourg": false,
    "OrderUnit": "P",
    "ShortName": "VITTEL 1L PET",
    "IsNew": false,
    "RecentQuanityOfStockUnits": "1,6",
    "LongName": "VITTEL plat water 1L",
    "AlcoholVolume": "0",
    "FicCode": "E"
  },
  {
    "productId": "68190",
    "technicalArticleNumber": "2790576",
    "commercialArticleNumber": "45840",
    "name": "Limonata",
    "description": "*Bruisende Limonade\n*Smaak: citroen",
    "brand": "SAN PELLEGRINO",
    "seoBrand": "San Pellegrino",
    "thumbNail": "https://static.colruytgroup.com/images/200x200/std.lang.all/62/58/asset-2856258.jpg",
    "fullImage": "https://static.colruytgroup.com/images/500x500/std.lang.all/62/58/asset-2856258.jpg",
    "squareImage": "https://static.colruytgroup.com/images/500x500sq/std.lang.all/62/58/asset-2856258.jpg",
    "content": "33cl",
    "walkRouteSequenceNumber": 4265,
    "price": {
      "basicPrice": 0.865,
      "recommendedQuantity": "6.0",
      "measurementUnitPrice": 2.63,
      "measurementUnit": "L",
      "isRedPrice": false,
      "pricePerUOM": 2.63,
      "activationDate": "28-02-2024",
      "recordSource": "Offline",
      "isPromoActive": "N",
      "priceChangeCode": "E"
    },
    "isAvailable": true,
    "isPriceAvailable": true,
    "inPromo": false,
    "gtin": [
      "08002270356520",
      "08002270926785",
      "08002270936760",
      "08002270366505",
      "08002270366475",
      "08002270366529",
      "08002270936777"
    ],
    "topCategoryName": "Dranken",
    "topCategoryId": "354",
    "businessDomain": "RETAIL_BE",
    "IsPrivateLabel": false,
    "IsBiffe": false,
    "WeightconversionFactor": "0",
    "IsWeightArticle": false,
    "nutriscoreLabel": "E",
    "IsBio": false,
    "CountryOfOrigin": "ITALIË",
    "IsExclusivelySoldInLuxembourg": false,
    "OrderUnit": "P",
    "ShortName": "SANP LIMONATA 33CL",
    "InSeason": true,
    "IsNew": false,
    "RecentQuanityOfStockUnits": "1,6,24",
    "LongName": "SAN PELLEGRINO Limonata 33cl",
    "AlcoholVolume": "0",
    "StartSeasonDate": "11/09/2013",
    "FicCode": "E"
  },
  {
    "productId": "713459",
    "technicalArticleNumber": "4457061",
    "commercialArticleNumber": "11035",
    "name": "This is Not Milk halfvol",
    "description": "*Plantaardig\n*Halfvol",
    "brand": "ALPRO",
    "seoBrand": "Alpro",
    "thumbNail": "https://static.colruytgroup.com/images/200x200/std.lang.all/86/50/asset-3368650.jpg",
    "fullImage": "https://static.colruytgroup.com/images/500x500/std.lang.all/86/50/asset-3368650.jpg",
    "squareImage": "https://static.colruytgroup.com/images/500x500sq/std.lang.all/86/50/asset-3368650.jpg",
    "content": "1L",
    "walkRouteSequenceNumber": 6292,
    "price": {
      "basicPrice": 2.49,
      "recommendedQuantity": "1.0",
      "measurementUnitPrice": 2.49,
      "measurementUnit": "L",
      "isRedPrice": false,
      "pricePerUOM": 2.49,
      "activationDate": "19-03-2024",
      "recordSource": "Offline",
      "isPromoActive": "N",
      "priceChangeCode": "E"
    },
    "isAvailable": true,
    "isPriceAvailable": true,
    "inPromo": false,
    "gtin": [
      "05411188135005",
      "05411188135012"
    ],
    "topCategoryName": "Zuivel",
    "topCategoryId": "65",
    "businessDomain": "RETAIL_BE",
    "IsPrivateLabel": false,
    "IsBiffe": false,
    "WeightconversionFactor": "0",
    "IsWeightArticle": false,
    "nutriscoreLabel": "A",
    "IsBio": false,
    "CountryOfOrigin": "BELGIË",
    "IsExclusivelySoldInLuxembourg": false,
    "OrderUnit": "P",
    "ShortName": "ALPR T.I.NOT MILK HV 1L",
    "IsNew": false,
    "EcoscoreLabel": "B",
    "RecentQuanityOfStockUnits": "1,8",
    "LongName": "ALPRO This is Not Milk halfvol 1L",
    "FicCode": "E",
    "EcoscoreValue": "67"
  },
  {
    "productId": "55700",
    "technicalArticleNumber": "2306938",
    "commercialArticleNumber": "8451",
    "name": "sinaasappelsap pulp",
    "description": "*Sinaasappelsap\n*Puur sap\n*100 % vruchten\n*Met pulp",
    "brand": "BONI",
    "seoBrand": "Boni Selection",
    "thumbNail": "https://static.colruytgroup.com/images/200x200/std.lang.all/39/67/asset-3223967.jpg",
    "fullImage": "https://static.colruytgroup.com/images/500x500/std.lang.all/39/67/asset-3223967.jpg",
    "squareImage": "https://static.colruytgroup.com/images/500x500sq/std.lang.all/39/67/asset-3223967.jpg",
    "content": "1L",
    "walkRouteSequenceNumber": 5022,
    "price": {
      "basicPrice": 2.49,
      "recommendedQuantity": "1.0",
      "measurementUnitPrice": 2.49,
      "measurementUnit": "L",
      "isRedPrice": false,
      "pricePerUOM": 2.49,
      "activationDate": "30-01-2024",
      "recordSource": "Offline",
      "isPromoActive": "N",
      "priceChangeCode": "E"
    },
    "isAvailable": true,
    "isPriceAvailable": true,
    "inPromo": false,
    "gtin": [
      "05400141038385",
      "05400141046359",
      "05400141297331",
      "15400141046356",
      "15400141297338"
    ],
    "topCategoryName": "Dranken",
    "topCategoryId": "354",
    "businessDomain": "RETAIL_BE",
    "IsPrivateLabel": true,
    "IsBiffe": false,
    "WeightconversionFactor": "0",
    "IsWeightArticle": false,
    "nutriscoreLabel": "C",
    "IsBio": false,
    "CountryOfOrigin": "BRAZILIË",
    "IsExclusivelySoldInLuxembourg": false,
    "OrderUnit": "P",
    "ShortName": "BONI SINAASAPPELSAP 1L",
    "IsNew": false,
    "EcoscoreLabel": "C",
    "RecentQuanityOfStockUnits": "1,6",
    "LongName": "BONI sinaasappelsap pulp 1L",
    "AlcoholVolume": "0",
    "FicCode": "I",
    "EcoscoreValue": "45"
  },
  {
    "productId": "1858",
    "technicalArticleNumber": "22270",
    "commercialArticleNumber": "22270",
    "name": "zwarte thee",
    "description": "*Instant thee",
    "brand": "EVERYDAY",
    "seoBrand": "Everyday",
    "thumbNail": "https://static.colruytgroup.com/images/200x200/std.lang.all/96/69/asset-609669.jpg",
    "fullImage": "https://static.colruytgroup.com/images/500x500/std.lang.all/96/69/asset-609669.jpg",
    "squareImage": "https://static.colruytgroup.com/images/500x500sq/std.lang.all/96/69/asset-609669.jpg",
    "content": "100st",
    "walkRouteSequenceNumber": 1257,
    "price": {
      "basicPrice": 1.75,
      "recommendedQuantity": "1.0",
      "measurementUnitPrice": 8.75,
      "measurementUnit": "K",
      "isRedPrice": false,
      "pricePerUOM": 8.75,
      "activationDate": "25-01-2024",
      "recordSource": "Offline",
      "isPromoActive": "N",
      "priceChangeCode": "E"
    },
    "isAvailable": true,
    "isPriceAvailable": true,
    "inPromo": false,
    "gtin": [
      "05400141181579",
      "15400141975465"
    ],
    "topCategoryName": "Dranken",
    "topCategoryId": "354",
    "businessDomain": "RETAIL_BE",
    "IsPrivateLabel": true,
    "IsBiffe": false,
    "WeightconversionFactor": "0",
    "IsWeightArticle": false,
    "nutriscoreLabel": "B",
    "IsBio": false,
    "CountryOfOrigin": "INDIA",
    "IsExclusivelySoldInLuxembourg": false,
    "OrderUnit": "P",
    "ShortName": "EVD ZWARTE THEE 100 B",
    "IsNew": false,
    "EcoscoreLabel": "A",
    "RecentQuanityOfStockUnits": "1,10",
    "LongName": "EVERYDAY zwarte thee 100st",
    "AlcoholVolume": "0",
    "FicCode": "I",
    "EcoscoreValue": "94"
  },
  {
    "productId": "11805",
    "technicalArticleNumber": "1390702",
    "commercialArticleNumber": "5699",
    "name": "Agrum'",
    "description": "*Smaak: citrus\n*Bruisend\n*Suiker, zoetstoffen",
    "brand": "SCHWEPPES",
    "seoBrand": "Schweppes",
    "thumbNail": "https://static.colruytgroup.com/images/200x200/std.lang.all/29/26/asset-3232926.jpg",
    "fullImage": "https://static.colruytgroup.com/images/500x500/std.lang.all/29/26/asset-3232926.jpg",
    "squareImage": "https://static.colruytgroup.com/images/500x500sq/std.lang.all/29/26/asset-3232926.jpg",
    "content": "1,5L",
    "walkRouteSequenceNumber": 4301,
    "price": {
      "basicPrice": 2.25,
      "recommendedQuantity": "6.0",
      "measurementUnitPrice": 1.5,
      "measurementUnit": "L",
      "isRedPrice": false,
      "pricePerUOM": 1.5,
      "activationDate": "13-03-2024",
      "recordSource": "Offline",
      "isPromoActive": "N",
      "priceChangeCode": "L"
    },
    "isAvailable": true,
    "isPriceAvailable": true,
    "inPromo": false,
    "gtin": [
      "03124480156815",
      "03124488196264",
      "03124480196262",
      "03124480002501",
      "05410221761461",
      "03124482007894"
    ],
    "topCategoryName": "Dranken",
    "topCategoryId": "354",
    "businessDomain": "RETAIL_BE",
    "IsPrivateLabel": false,
    "IsBiffe": false,
    "WeightconversionFactor": "0",
    "IsWeightArticle": false,
    "nutriscoreLabel": "E",
    "IsBio": false,
    "CountryOfOrigin": "FRANKRIJK",
    "IsExclusivelySoldInLuxembourg": false,
    "OrderUnit": "P",
    "ShortName": "SCHW AGRUM 1.5L",
    "IsNew": false,
    "RecentQuanityOfStockUnits": "6,1",
    "LongName": "SCHWEPPES Agrum' 1,5L",
    "AlcoholVolume": "0",
    "FicCode": "E"
  },
  {
    "productId": "1336",
    "technicalArticleNumber": "18425",
    "commercialArticleNumber": "18425",
    "name": "Amaretto Originale 28%",
    "description": "*Likeur\n*Digestief\n*28 % vol",
    "brand": "DISARONNO",
    "seoBrand": "Disaronno",
    "thumbNail": "https://static.colruytgroup.com/images/200x200/std.lang.all/56/98/asset-745698.jpg",
    "fullImage": "https://static.colruytgroup.com/images/500x500/std.lang.all/56/98/asset-745698.jpg",
    "squareImage": "https://static.colruytgroup.com/images/500x500sq/std.lang.all/56/98/asset-745698.jpg",
    "content": "70cl",
    "walkRouteSequenceNumber": 946,
    "price": {
      "basicPrice": 14.49,
      "recommendedQuantity": "1.0",
      "measurementUnitPrice": 20.7,
      "measurementUnit": "L",
      "isRedPrice": true,
      "redPriceReason": "Promo",
      "referencePrice": 14.99,
      "retentionPeriod": 30,
      "pricePerUOM": 20.7,
      "activationDate": "14-03-2024",
      "isPromoActive": "Y",
      "priceChangeCode": "E"
    },
    "isAvailable": true,
    "isPriceAvailable": true,
    "inPromo": false,
    "gtin": [
      "08001110830053",
      "08001110001279",
      "05413585003239",
      "08001110016303",
      "08001110038015",
      "08001110860425"
    ],
    "topCategoryName": "Dranken",
    "topCategoryId": "354",
    "businessDomain": "RETAIL_BE",
    "IsPrivateLabel": false,
    "IsBiffe": false,
    "WeightconversionFactor": "0",
    "IsWeightArticle": false,
    "IsBio": false,
    "CountryOfOrigin": "ITALIË",
    "IsExclusivelySoldInLuxembourg": false,
    "OrderUnit": "P",
    "ShortName": "DISA AMARETTO 28% 70CL",
    "IsNew": false,
    "EcoscoreLabel": "E",
    "RecentQuanityOfStockUnits": "1,6",
    "LongName": "DISARONNO Amaretto Originale 28% 70cl",
    "AlcoholVolume": "28",
    "FicCode": "E",
    "EcoscoreValue": "18"
  },
  {
    "productId": "20460",
    "technicalArticleNumber": "1902885",
    "commercialArticleNumber": "22082",
    "name": "pads Strong",
    "description": "*Intense koffie\n*Vol aroma, krachtig\n*Pads",
    "brand": "SENSEO",
    "seoBrand": "Senseo",
    "thumbNail": "https://static.colruytgroup.com/images/200x200/std.lang.all/25/47/asset-2342547.jpg",
    "fullImage": "https://static.colruytgroup.com/images/500x500/std.lang.all/25/47/asset-2342547.jpg",
    "squareImage": "https://static.colruytgroup.com/images/500x500sq/std.lang.all/25/47/asset-2342547.jpg",
    "content": "36st",
    "walkRouteSequenceNumber": 1199,
    "price": {
      "basicPrice": 3.49,
      "recommendedQuantity": "1.0",
      "measurementUnitPrice": 13.96,
      "measurementUnit": "K",
      "isRedPrice": false,
      "pricePerUOM": 13.96,
      "activationDate": "22-02-2024",
      "recordSource": "Offline",
      "isPromoActive": "N",
      "priceChangeCode": "E"
    },
    "isAvailable": true,
    "isPriceAvailable": true,
    "inPromo": false,
    "gtin": [
      "08711000341155",
      "08711000341995",
      "08711000342008"
    ],
    "topCategoryName": "Dranken",
    "topCategoryId": "354",
    "businessDomain": "RETAIL_BE",
    "IsPrivateLabel": false,
    "IsBiffe": false,
    "WeightconversionFactor": "0",
    "IsWeightArticle": false,
    "nutriscoreLabel": "B",
    "IsBio": false,
    "CountryOfOrigin": "NEDERLAND",
    "IsExclusivelySoldInLuxembourg": false,
    "OrderUnit": "P",
    "ShortName": "SENSEO 36P STRONG",
    "InSeason": true,
    "IsNew": false,
    "RecentQuanityOfStockUnits": "1,10",
    "LongName": "SENSEO pads Strong 36st",
    "AlcoholVolume": "0",
    "StartSeasonDate": "23/12/2010",
    "FicCode": "E"
  },
  {
    "productId": "13506",
    "technicalArticleNumber": "1578213",
    "commercialArticleNumber": "5510",
    "name": "plat water sportdop",
    "description": "*Mineraalwater\n*Niet-bruisend\n*Droogrest: 309 mg/l\n*Babyvoeding",
    "brand": "EVIAN",
    "seoBrand": "Evian",
    "thumbNail": "https://static.colruytgroup.com/images/200x200/std.lang.all/55/55/asset-2355555.jpg",
    "fullImage": "https://static.colruytgroup.com/images/500x500/std.lang.all/55/55/asset-2355555.jpg",
    "squareImage": "https://static.colruytgroup.com/images/500x500sq/std.lang.all/55/55/asset-2355555.jpg",
    "content": "33cl",
    "walkRouteSequenceNumber": 3981,
    "price": {
      "basicPrice": 0.615,
      "recommendedQuantity": "12.0",
      "quantityPrice": 0.59,
      "quantityPriceQuantity": "48.0",
      "measurementUnitPrice": 1.87,
      "measurementUnitQuantityPrice": 1.79,
      "measurementUnit": "L",
      "isRedPrice": false,
      "pricePerUOM": 1.87,
      "activationDate": "14-02-2024",
      "recordSource": "Offline",
      "isPromoActive": "N",
      "priceChangeCode": "H",
      "quantityPricePerUOM": 1.79,
      "quantityActivationDate": "14-02-2024",
      "quantityPriceChangeCode": "E"
    },
    "isAvailable": true,
    "isPriceAvailable": true,
    "inPromo": false,
    "gtin": [
      "03068320019314",
      "03068320019321",
      "03068320019338",
      "03068320063003",
      "03068320122403",
      "03068320122427",
      "03068320124841",
      "03068320124827",
      "03068320124834",
      "03068320122410"
    ],
    "topCategoryName": "Dranken",
    "topCategoryId": "354",
    "businessDomain": "RETAIL_BE",
    "IsPrivateLabel": false,
    "IsBiffe": false,
    "WeightconversionFactor": "0",
    "IsWeightArticle": false,
    "nutriscoreLabel": "A",
    "IsBio": false,
    "CountryOfOrigin": "FRANKRIJK",
    "IsExclusivelySoldInLuxembourg": false,
    "OrderUnit": "P",
    "ShortName": "EVIAN PET 33CL",
    "IsNew": false,
    "RecentQuanityOfStockUnits": "12,1",
    "LongName": "EVIAN plat water sportdop 33cl",
    "AlcoholVolume": "0",
    "FicCode": "E"
  },
  {
    "productId": "3125",
    "technicalArticleNumber": "1044331",
    "commercialArticleNumber": "5606",
    "name": "sojadrink choco",
    "description": "*België\n*Plantaardig",
    "brand": "ALPRO",
    "seoBrand": "Alpro",
    "thumbNail": "https://static.colruytgroup.com/images/200x200/std.lang.all/77/66/asset-3367766.jpg",
    "fullImage": "https://static.colruytgroup.com/images/500x500/std.lang.all/77/66/asset-3367766.jpg",
    "squareImage": "https://static.colruytgroup.com/images/500x500sq/std.lang.all/77/66/asset-3367766.jpg",
    "content": "1L",
    "walkRouteSequenceNumber": 6313,
    "price": {
      "basicPrice": 1.89,
      "recommendedQuantity": "6.0",
      "measurementUnitPrice": 1.89,
      "measurementUnit": "L",
      "isRedPrice": false,
      "pricePerUOM": 1.89,
      "activationDate": "19-03-2024",
      "recordSource": "Offline",
      "isPromoActive": "N",
      "priceChangeCode": "H"
    },
    "isAvailable": true,
    "isPriceAvailable": true,
    "inPromo": false,
    "gtin": [
      "05411188093091",
      "05411188115458",
      "05411188129356",
      "05411188129363"
    ],
    "topCategoryName": "Zuivel",
    "topCategoryId": "65",
    "businessDomain": "RETAIL_BE",
    "IsPrivateLabel": false,
    "IsBiffe": false,
    "WeightconversionFactor": "0",
    "IsWeightArticle": false,
    "nutriscoreLabel": "B",
    "IsBio": false,
    "CountryOfOrigin": "BELGIË",
    "IsExclusivelySoldInLuxembourg": false,
    "OrderUnit": "P",
    "ShortName": "ALPRO SOYADRIN.CHOCO 1L",
    "IsNew": false,
    "EcoscoreLabel": "A",
    "RecentQuanityOfStockUnits": "1,6,12",
    "LongName": "ALPRO sojadrink choco 1L",
    "AlcoholVolume": "0",
    "FicCode": "E",
    "EcoscoreValue": "93"
  },
  {
    "productId": "877753",
    "technicalArticleNumber": "4733761",
    "commercialArticleNumber": "13053",
    "name": "Zero Sugar Pineapple-Grapefr.",
    "description": "*Smaak: ananas &\npompelmoes\n*Bruisend\n*Met zoetstoffen",
    "brand": "FANTA",
    "seoBrand": "Fanta",
    "thumbNail": "https://static.colruytgroup.com/images/200x200/std.lang.all/73/32/asset-3277332.jpg",
    "fullImage": "https://static.colruytgroup.com/images/500x500/std.lang.all/73/32/asset-3277332.jpg",
    "squareImage": "https://static.colruytgroup.com/images/500x500sq/std.lang.all/73/32/asset-3277332.jpg",
    "content": "33cl",
    "walkRouteSequenceNumber": 4275,
    "price": {
      "basicPrice": 0.88,
      "recommendedQuantity": "6.0",
      "measurementUnitPrice": 2.67,
      "measurementUnit": "L",
      "isRedPrice": false,
      "pricePerUOM": 2.67,
      "activationDate": "14-03-2024",
      "recordSource": "Offline",
      "isPromoActive": "N",
      "priceChangeCode": "E"
    },
    "isAvailable": true,
    "isPriceAvailable": true,
    "inPromo": true,
    "promotion": [
      {
        "techPromoId": "100843COLR",
        "promotionId": "100843",
        "promotionType": "3",
        "isPersonalized": "N",
        "publicationStartDate": "13-03-2024",
        "publicationEndDate": "26-03-2024"
      }
    ],
    "gtin": [
      "05449000319647",
      "05449000319654",
      "05449000319630"
    ],
    "topCategoryName": "Dranken",
    "topCategoryId": "354",
    "businessDomain": "RETAIL_BE",
    "IsPrivateLabel": false,
    "IsBiffe": false,
    "WeightconversionFactor": "0",
    "IsWeightArticle": false,
    "nutriscoreLabel": "C",
    "IsBio": false,
    "CountryOfOrigin": "BELGIË",
    "IsExclusivelySoldInLuxembourg": false,
    "OrderUnit": "P",
    "ShortName": "FANT ZS PINEAP-GRAP33CL",
    "IsNew": false,
    "RecentQuanityOfStockUnits": "6,1,24",
    "LongName": "FANTA Zero Sugar Pineapple-Grapefr. 33cl",
    "AlcoholVolume": "0",
    "FicCode": "E"
  },
  {
    "productId": "1747",
    "technicalArticleNumber": "22380",
    "commercialArticleNumber": "22380",
    "name": "Décafé gemalen",
    "description": "*Sterkte: extra\nzachte koffie\n*Gemalen koffie\n*Cafeïnevrij",
    "brand": "DOUWE EGBERTS",
    "seoBrand": "Douwe Egberts",
    "thumbNail": "https://static.colruytgroup.com/images/200x200/std.lang.all/18/21/asset-1481821.jpg",
    "fullImage": "https://static.colruytgroup.com/images/500x500/std.lang.all/18/21/asset-1481821.jpg",
    "squareImage": "https://static.colruytgroup.com/images/500x500sq/std.lang.all/18/21/asset-1481821.jpg",
    "content": "250g",
    "walkRouteSequenceNumber": 1147,
    "price": {
      "basicPrice": 4.65,
      "recommendedQuantity": "1.0",
      "measurementUnitPrice": 18.6,
      "measurementUnit": "K",
      "isRedPrice": false,
      "pricePerUOM": 18.6,
      "activationDate": "13-03-2024",
      "recordSource": "Offline",
      "isPromoActive": "N",
      "priceChangeCode": "H"
    },
    "isAvailable": true,
    "isPriceAvailable": true,
    "inPromo": false,
    "gtin": [
      "15400141885696",
      "25410138003269",
      "05400141286830",
      "05410138002060",
      "05410138049225",
      "05410138049980"
    ],
    "topCategoryName": "Dranken",
    "topCategoryId": "354",
    "businessDomain": "RETAIL_BE",
    "IsPrivateLabel": false,
    "IsBiffe": false,
    "WeightconversionFactor": "0",
    "IsWeightArticle": false,
    "nutriscoreLabel": "B",
    "IsBio": false,
    "CountryOfOrigin": "FRANKRIJK",
    "IsExclusivelySoldInLuxembourg": false,
    "OrderUnit": "P",
    "ShortName": "D EGB DECAF GEMALEN 250",
    "IsNew": false,
    "RecentQuanityOfStockUnits": "1",
    "LongName": "DOUWE EGBERTS Décafé gemalen 250g",
    "AlcoholVolume": "0",
    "FicCode": "E"
  },
  {
    "productId": "101858",
    "technicalArticleNumber": "3104378",
    "commercialArticleNumber": "43230",
    "name": "Amaretto 25%",
    "description": "*Likeur\n*Digestief\n*25,0 % vol",
    "brand": "SAN GIORGIO",
    "seoBrand": "San Giorgio",
    "thumbNail": "https://static.colruytgroup.com/images/200x200/std.lang.all/37/45/asset-553745.jpg",
    "fullImage": "https://static.colruytgroup.com/images/500x500/std.lang.all/37/45/asset-553745.jpg",
    "squareImage": "https://static.colruytgroup.com/images/500x500sq/std.lang.all/37/45/asset-553745.jpg",
    "content": "70cl",
    "walkRouteSequenceNumber": 947,
    "price": {
      "basicPrice": 8.99,
      "recommendedQuantity": "1.0",
      "measurementUnitPrice": 12.85,
      "measurementUnit": "L",
      "isRedPrice": false,
      "pricePerUOM": 12.85,
      "activationDate": "27-02-2024",
      "recordSource": "Offline",
      "isPromoActive": "N",
      "priceChangeCode": "H"
    },
    "isAvailable": true,
    "isPriceAvailable": true,
    "inPromo": false,
    "gtin": [
      "08002374001326",
      "08002374600956"
    ],
    "topCategoryName": "Dranken",
    "topCategoryId": "354",
    "businessDomain": "RETAIL_BE",
    "IsPrivateLabel": false,
    "IsBiffe": false,
    "WeightconversionFactor": "0",
    "IsWeightArticle": false,
    "IsBio": false,
    "CountryOfOrigin": "BELGIË",
    "IsExclusivelySoldInLuxembourg": false,
    "OrderUnit": "P",
    "ShortName": "AM. SAN GIORGIO 70C 25",
    "IsNew": false,
    "RecentQuanityOfStockUnits": "1,6",
    "LongName": "SAN GIORGIO Amaretto 25% 70cl",
    "AlcoholVolume": "25",
    "FicCode": "E"
  },
  {
    "productId": "777675",
    "technicalArticleNumber": "4570520",
    "commercialArticleNumber": "19331",
    "name": "sangria rood 7%",
    "description": "*Sangria rood\n*Aperitief\n*7,0 % vol",
    "brand": "PEÑASOL",
    "seoBrand": "Peñasol",
    "thumbNail": "https://static.colruytgroup.com/images/200x200/std.lang.all/66/90/asset-2756690.jpg",
    "fullImage": "https://static.colruytgroup.com/images/500x500/std.lang.all/66/90/asset-2756690.jpg",
    "squareImage": "https://static.colruytgroup.com/images/500x500sq/std.lang.all/66/90/asset-2756690.jpg",
    "content": "1,5L",
    "walkRouteSequenceNumber": 797,
    "price": {
      "basicPrice": 2.19,
      "recommendedQuantity": "1.0",
      "measurementUnitPrice": 1.46,
      "measurementUnit": "L",
      "isRedPrice": false,
      "pricePerUOM": 1.46,
      "activationDate": "30-05-2023",
      "recordSource": "Offline",
      "isPromoActive": "N",
      "priceChangeCode": "H"
    },
    "isAvailable": true,
    "isPriceAvailable": true,
    "inPromo": false,
    "gtin": [
      "08410702025126",
      "08410702025362"
    ],
    "topCategoryName": "Dranken",
    "topCategoryId": "354",
    "businessDomain": "RETAIL_BE",
    "IsPrivateLabel": false,
    "IsBiffe": false,
    "WeightconversionFactor": "0",
    "IsWeightArticle": false,
    "IsBio": false,
    "CountryOfOrigin": "SPANJE",
    "IsExclusivelySoldInLuxembourg": false,
    "OrderUnit": "P",
    "ShortName": "PENA SANGRIA ROOD 1.5L",
    "IsNew": false,
    "RecentQuanityOfStockUnits": "1,8",
    "LongName": "PEÑASOL sangria rood 7% 1,5L",
    "AlcoholVolume": "7",
    "FicCode": "E"
  },
  {
    "productId": "56376",
    "technicalArticleNumber": "2294168",
    "commercialArticleNumber": "7140",
    "name": "Green Tea Intense Mint",
    "description": "*Groene thee\n*Munt",
    "brand": "LIPTON",
    "seoBrand": "Lipton",
    "thumbNail": "https://static.colruytgroup.com/images/200x200/std.lang.all/18/41/asset-1481841.jpg",
    "fullImage": "https://static.colruytgroup.com/images/500x500/std.lang.all/18/41/asset-1481841.jpg",
    "squareImage": "https://static.colruytgroup.com/images/500x500sq/std.lang.all/18/41/asset-1481841.jpg",
    "content": "20st",
    "walkRouteSequenceNumber": 1271,
    "price": {
      "basicPrice": 2.99,
      "recommendedQuantity": "1.0",
      "measurementUnitPrice": 93.44,
      "measurementUnit": "K",
      "isRedPrice": false,
      "pricePerUOM": 93.44,
      "activationDate": "11-03-2024",
      "recordSource": "Offline",
      "isPromoActive": "N",
      "priceChangeCode": "H"
    },
    "isAvailable": true,
    "isPriceAvailable": true,
    "inPromo": false,
    "gtin": [
      "08722700210641",
      "08711327515727",
      "08711327515932",
      "08712566543878"
    ],
    "topCategoryName": "Dranken",
    "topCategoryId": "354",
    "businessDomain": "RETAIL_BE",
    "IsPrivateLabel": false,
    "IsBiffe": false,
    "WeightconversionFactor": "0",
    "IsWeightArticle": false,
    "nutriscoreLabel": "B",
    "IsBio": false,
    "CountryOfOrigin": "POLEN",
    "IsExclusivelySoldInLuxembourg": false,
    "OrderUnit": "P",
    "ShortName": "LIPT GR.TEA IN.MINT20",
    "IsNew": false,
    "EcoscoreLabel": "B",
    "RecentQuanityOfStockUnits": "4,1",
    "LongName": "LIPTON Green Tea Intense Mint 20st",
    "AlcoholVolume": "0",
    "FicCode": "E",
    "EcoscoreValue": "79"
  },
  {
    "productId": "773516",
    "technicalArticleNumber": "4561946",
    "commercialArticleNumber": "28487",
    "name": "Orange",
    "description": "*Bruisende limonade\n*Smaak: sinaasappel",
    "brand": "FANTA",
    "seoBrand": "Fanta",
    "thumbNail": "https://static.colruytgroup.com/images/200x200/std.lang.all/93/54/asset-2999354.jpg",
    "fullImage": "https://static.colruytgroup.com/images/500x500/std.lang.all/93/54/asset-2999354.jpg",
    "squareImage": "https://static.colruytgroup.com/images/500x500sq/std.lang.all/93/54/asset-2999354.jpg",
    "content": "15cl",
    "walkRouteSequenceNumber": 4331,
    "price": {
      "basicPrice": 0.673,
      "recommendedQuantity": "12.0",
      "measurementUnitPrice": 4.49,
      "measurementUnit": "L",
      "isRedPrice": false,
      "pricePerUOM": 4.49,
      "activationDate": "21-03-2024",
      "recordSource": "Offline",
      "isPromoActive": "N",
      "priceChangeCode": "L"
    },
    "isAvailable": true,
    "isPriceAvailable": true,
    "inPromo": false,
    "gtin": [
      "05449000034243",
      "00000054492578",
      "05449000023780"
    ],
    "topCategoryName": "Dranken",
    "topCategoryId": "354",
    "businessDomain": "RETAIL_BE",
    "IsPrivateLabel": false,
    "IsBiffe": false,
    "WeightconversionFactor": "0",
    "IsWeightArticle": false,
    "nutriscoreLabel": "D",
    "IsBio": false,
    "CountryOfOrigin": "BELGIË",
    "IsExclusivelySoldInLuxembourg": false,
    "OrderUnit": "P",
    "ShortName": "FANT ORANGE 15CL",
    "InSeason": true,
    "IsNew": false,
    "RecentQuanityOfStockUnits": "24,1,12",
    "LongName": "FANTA Orange 15cl",
    "AlcoholVolume": "0",
    "StartSeasonDate": "28/07/2022",
    "FicCode": "E"
  },
  {
    "productId": "17756",
    "technicalArticleNumber": "1761500",
    "commercialArticleNumber": "22257",
    "name": "Camomile infusion",
    "brand": "LIPTON",
    "seoBrand": "Lipton",
    "thumbNail": "https://static.colruytgroup.com/images/200x200/std.lang.all/00/47/asset-600047.jpg",
    "fullImage": "https://static.colruytgroup.com/images/500x500/std.lang.all/00/47/asset-600047.jpg",
    "squareImage": "https://static.colruytgroup.com/images/500x500sq/std.lang.all/00/47/asset-600047.jpg",
    "content": "20st",
    "walkRouteSequenceNumber": 1264,
    "price": {
      "basicPrice": 3.19,
      "recommendedQuantity": "1.0",
      "measurementUnitPrice": 227.86,
      "measurementUnit": "K",
      "isRedPrice": false,
      "pricePerUOM": 227.86,
      "activationDate": "29-02-2024",
      "recordSource": "Offline",
      "isPromoActive": "N",
      "priceChangeCode": "E"
    },
    "isAvailable": true,
    "isPriceAvailable": true,
    "inPromo": false,
    "gtin": [
      "08711327514928",
      "08711327514997",
      "08722700701507",
      "08722700089179"
    ],
    "topCategoryName": "Dranken",
    "topCategoryId": "354",
    "businessDomain": "RETAIL_BE",
    "IsPrivateLabel": false,
    "IsBiffe": false,
    "WeightconversionFactor": "0",
    "IsWeightArticle": false,
    "nutriscoreLabel": "B",
    "IsBio": false,
    "CountryOfOrigin": "POLEN",
    "IsExclusivelySoldInLuxembourg": false,
    "OrderUnit": "P",
    "ShortName": "LIPTON KAMILLE 20ST",
    "IsNew": false,
    "EcoscoreLabel": "B",
    "RecentQuanityOfStockUnits": "1,4",
    "LongName": "LIPTON Camomile infusion 20st",
    "AlcoholVolume": "0",
    "FicCode": "E",
    "EcoscoreValue": "79"
  },
  {
    "productId": "468",
    "technicalArticleNumber": "5267",
    "commercialArticleNumber": "5267",
    "name": "pils 5,2% blik",
    "description": "*Pilsbier\n*5,2 % vol",
    "brand": "MAES",
    "seoBrand": "Maes",
    "thumbNail": "https://static.colruytgroup.com/images/200x200/std.lang.all/66/94/asset-1306694.jpg",
    "fullImage": "https://static.colruytgroup.com/images/500x500/std.lang.all/66/94/asset-1306694.jpg",
    "squareImage": "https://static.colruytgroup.com/images/500x500sq/std.lang.all/66/94/asset-1306694.jpg",
    "content": "33cl",
    "walkRouteSequenceNumber": 3819,
    "price": {
      "basicPrice": 0.9,
      "recommendedQuantity": "15.0",
      "measurementUnitPrice": 2.73,
      "measurementUnit": "L",
      "isRedPrice": false,
      "pricePerUOM": 2.73,
      "activationDate": "19-03-2024",
      "recordSource": "Folder",
      "isPromoActive": "Y",
      "priceChangeCode": "H"
    },
    "isAvailable": true,
    "isPriceAvailable": true,
    "inPromo": true,
    "promotion": [
      {
        "techPromoId": "100919COLR",
        "promotionId": "100919",
        "promotionType": "3",
        "isPersonalized": "N",
        "publicationStartDate": "13-03-2024",
        "publicationEndDate": "26-03-2024"
      }
    ],
    "gtin": [
      "05410263923889",
      "05410263924008",
      "05410263006346",
      "05410263006353",
      "05410263915839",
      "05410263917529",
      "05410263917543",
      "05410263917581"
    ],
    "topCategoryName": "Dranken",
    "topCategoryId": "354",
    "businessDomain": "RETAIL_BE",
    "IsPrivateLabel": false,
    "IsBiffe": false,
    "WeightconversionFactor": "0",
    "IsWeightArticle": false,
    "IsBio": false,
    "CountryOfOrigin": "BELGIË",
    "IsExclusivelySoldInLuxembourg": false,
    "OrderUnit": "P",
    "ShortName": "MAES PILS BLIK 33CL",
    "IsNew": false,
    "EcoscoreLabel": "B",
    "RecentQuanityOfStockUnits": "30,15,1",
    "LongName": "MAES pils 5,2% blik 33cl",
    "AlcoholVolume": "5.2",
    "FicCode": "E",
    "EcoscoreValue": "68"
  },
  {
    "productId": "20527",
    "technicalArticleNumber": "1914106",
    "commercialArticleNumber": "5202",
    "name": "plat water",
    "description": "*Mineraalwater\n*Niet-bruisend\n*Droogrest:2078 mg/l",
    "brand": "CONTREX",
    "seoBrand": "Contrex",
    "thumbNail": "https://static.colruytgroup.com/images/200x200/std.lang.all/48/13/asset-2314813.jpg",
    "fullImage": "https://static.colruytgroup.com/images/500x500/std.lang.all/48/13/asset-2314813.jpg",
    "squareImage": "https://static.colruytgroup.com/images/500x500sq/std.lang.all/48/13/asset-2314813.jpg",
    "content": "1L",
    "walkRouteSequenceNumber": 3883,
    "price": {
      "basicPrice": 0.781,
      "recommendedQuantity": "6.0",
      "measurementUnitPrice": 0.79,
      "measurementUnit": "L",
      "isRedPrice": false,
      "pricePerUOM": 0.79,
      "activationDate": "15-03-2024",
      "recordSource": "Offline",
      "isPromoActive": "N",
      "priceChangeCode": "E"
    },
    "isAvailable": true,
    "isPriceAvailable": true,
    "inPromo": false,
    "gtin": [
      "03179730115838",
      "03179730115821"
    ],
    "topCategoryName": "Dranken",
    "topCategoryId": "354",
    "businessDomain": "RETAIL_BE",
    "IsPrivateLabel": false,
    "IsBiffe": false,
    "WeightconversionFactor": "0",
    "IsWeightArticle": false,
    "nutriscoreLabel": "A",
    "IsBio": false,
    "CountryOfOrigin": "FRANKRIJK",
    "IsExclusivelySoldInLuxembourg": false,
    "OrderUnit": "P",
    "ShortName": "CONTREX PET 1L",
    "IsNew": false,
    "RecentQuanityOfStockUnits": "1,6",
    "LongName": "CONTREX plat water 1L",
    "AlcoholVolume": "0",
    "FicCode": "E"
  },
  {
    "productId": "1766",
    "technicalArticleNumber": "22757",
    "commercialArticleNumber": "22757",
    "name": "koffiefilters Bamboo 1x4",
    "brand": "MELITTA",
    "seoBrand": "Melitta",
    "thumbNail": "https://static.colruytgroup.com/images/200x200/std.lang.all/53/43/asset-1685343.jpg",
    "fullImage": "https://static.colruytgroup.com/images/500x500/std.lang.all/53/43/asset-1685343.jpg",
    "squareImage": "https://static.colruytgroup.com/images/500x500sq/std.lang.all/53/43/asset-1685343.jpg",
    "content": "80st",
    "walkRouteSequenceNumber": 1128,
    "price": {
      "basicPrice": 3.65,
      "recommendedQuantity": "1.0",
      "measurementUnitPrice": 0.046,
      "measurementUnit": "S",
      "isRedPrice": false,
      "pricePerUOM": 0.046,
      "activationDate": "27-02-2024",
      "recordSource": "Offline",
      "isPromoActive": "N",
      "priceChangeCode": "H"
    },
    "isAvailable": true,
    "isPriceAvailable": true,
    "inPromo": false,
    "gtin": [
      "04006508160884",
      "04006508958856"
    ],
    "topCategoryName": "Dranken",
    "topCategoryId": "354",
    "businessDomain": "RETAIL_BE",
    "IsPrivateLabel": false,
    "IsBiffe": false,
    "WeightconversionFactor": "0",
    "IsWeightArticle": false,
    "IsBio": false,
    "CountryOfOrigin": "BELGIË",
    "IsExclusivelySoldInLuxembourg": false,
    "OrderUnit": "P",
    "ShortName": "MEL 1X4 80ST BAMBOO",
    "InSeason": true,
    "IsNew": false,
    "RecentQuanityOfStockUnits": "8,1",
    "LongName": "MELITTA koffiefilters Bamboo 1x4 80st",
    "AlcoholVolume": "0",
    "StartSeasonDate": "01/10/2018",
    "FicCode": "N"
  },
  {
    "productId": "1368",
    "technicalArticleNumber": "18760",
    "commercialArticleNumber": "18760",
    "name": "London Dry Gin 37,5%",
    "description": "*fruitig-gekruid\n*met neutrale tonic\n*garn. citroen\n*Verenigd Koninkrijk",
    "brand": "GORDON'S",
    "seoBrand": "Gordon's",
    "thumbNail": "https://static.colruytgroup.com/images/200x200/std.lang.all/75/28/asset-2037528.jpg",
    "fullImage": "https://static.colruytgroup.com/images/500x500/std.lang.all/75/28/asset-2037528.jpg",
    "squareImage": "https://static.colruytgroup.com/images/500x500sq/std.lang.all/75/28/asset-2037528.jpg",
    "content": "70cl",
    "walkRouteSequenceNumber": 737,
    "price": {
      "basicPrice": 16.79,
      "recommendedQuantity": "1.0",
      "measurementUnitPrice": 23.99,
      "measurementUnit": "L",
      "isRedPrice": false,
      "pricePerUOM": 23.99,
      "activationDate": "20-03-2024",
      "recordSource": "Folder",
      "isPromoActive": "N",
      "priceChangeCode": "L"
    },
    "isAvailable": true,
    "isPriceAvailable": true,
    "inPromo": false,
    "gtin": [
      "05000289020602",
      "05000289925440",
      "05000289927000",
      "05000289927017",
      "05000289921800"
    ],
    "topCategoryName": "Dranken",
    "topCategoryId": "354",
    "businessDomain": "RETAIL_BE",
    "IsPrivateLabel": false,
    "IsBiffe": false,
    "WeightconversionFactor": "0",
    "IsWeightArticle": false,
    "IsBio": false,
    "CountryOfOrigin": "VERENIGD KONINKRIJK",
    "IsExclusivelySoldInLuxembourg": false,
    "OrderUnit": "P",
    "ShortName": "GORDONS GIN 37.5% 70CL",
    "IsNew": false,
    "EcoscoreLabel": "C",
    "RecentQuanityOfStockUnits": "6,1",
    "LongName": "GORDON'S London Dry Gin 37,5% 70cl",
    "AlcoholVolume": "37.5",
    "FicCode": "E",
    "EcoscoreValue": "51"
  },
  {
    "productId": "539817",
    "technicalArticleNumber": "4137626",
    "commercialArticleNumber": "9654",
    "name": "Lemon & Ginger Bio",
    "brand": "CLIPPER",
    "seoBrand": "Clipper",
    "thumbNail": "https://static.colruytgroup.com/images/200x200/std.lang.all/08/31/asset-1900831.jpg",
    "fullImage": "https://static.colruytgroup.com/images/500x500/std.lang.all/08/31/asset-1900831.jpg",
    "squareImage": "https://static.colruytgroup.com/images/500x500sq/std.lang.all/08/31/asset-1900831.jpg",
    "content": "20st",
    "walkRouteSequenceNumber": 1248,
    "price": {
      "basicPrice": 3.99,
      "recommendedQuantity": "1.0",
      "quantityPrice": 2.04,
      "quantityPriceQuantity": "2.0",
      "measurementUnitPrice": 88.67,
      "measurementUnitQuantityPrice": 45.34,
      "measurementUnit": "K",
      "isRedPrice": false,
      "pricePerUOM": 88.67,
      "activationDate": "14-03-2024",
      "recordSource": "Offline",
      "isPromoActive": "N",
      "priceChangeCode": "E",
      "quantityPricePerUOM": 45.34,
      "quantityActivationDate": "14-03-2024",
      "quantityPriceChangeCode": "E"
    },
    "isAvailable": true,
    "isPriceAvailable": true,
    "inPromo": false,
    "gtin": [
      "05021991968525",
      "05021991938917"
    ],
    "topCategoryName": "Dranken",
    "topCategoryId": "354",
    "businessDomain": "RETAIL_BE",
    "IsPrivateLabel": false,
    "IsBiffe": false,
    "WeightconversionFactor": "0",
    "IsWeightArticle": false,
    "nutriscoreLabel": "B",
    "IsBio": true,
    "CountryOfOrigin": "VERENIGD KONINKRIJK",
    "IsExclusivelySoldInLuxembourg": false,
    "OrderUnit": "P",
    "ShortName": "CLIP LEMON GIN.BIO 20ST",
    "IsNew": false,
    "EcoscoreLabel": "A",
    "RecentQuanityOfStockUnits": "1,4",
    "LongName": "CLIPPER Lemon & Ginger Bio 20st",
    "FicCode": "E",
    "EcoscoreValue": "100"
  },
  {
    "productId": "16886",
    "technicalArticleNumber": "1473377",
    "commercialArticleNumber": "7797",
    "name": "sportdrank Orange",
    "description": "*Sportdrank\n*Smaak: Sinaasappel",
    "brand": "AQUARIUS",
    "seoBrand": "Aquarius",
    "thumbNail": "https://static.colruytgroup.com/images/200x200/std.lang.all/37/05/asset-3243705.jpg",
    "fullImage": "https://static.colruytgroup.com/images/500x500/std.lang.all/37/05/asset-3243705.jpg",
    "squareImage": "https://static.colruytgroup.com/images/500x500sq/std.lang.all/37/05/asset-3243705.jpg",
    "content": "50cl",
    "walkRouteSequenceNumber": 4730,
    "price": {
      "basicPrice": 1.83,
      "recommendedQuantity": "6.0",
      "quantityPrice": 1.76,
      "quantityPriceQuantity": "24.0",
      "measurementUnitPrice": 3.66,
      "measurementUnitQuantityPrice": 3.52,
      "measurementUnit": "L",
      "isRedPrice": false,
      "pricePerUOM": 3.66,
      "activationDate": "02-03-2024",
      "recordSource": "Offline",
      "isPromoActive": "N",
      "priceChangeCode": "H",
      "quantityPricePerUOM": 3.52,
      "quantityActivationDate": "02-03-2024",
      "quantityPriceChangeCode": "H"
    },
    "isAvailable": true,
    "isPriceAvailable": true,
    "inPromo": false,
    "gtin": [
      "05449000036674",
      "00000054490802",
      "05449000152169",
      "05449000197498"
    ],
    "topCategoryName": "Dranken",
    "topCategoryId": "354",
    "businessDomain": "RETAIL_BE",
    "IsPrivateLabel": false,
    "IsBiffe": false,
    "WeightconversionFactor": "0",
    "IsWeightArticle": false,
    "nutriscoreLabel": "D",
    "IsBio": false,
    "CountryOfOrigin": "BELGIË",
    "IsExclusivelySoldInLuxembourg": false,
    "OrderUnit": "P",
    "ShortName": "AQUARIUS SINAAS 50 CL.",
    "IsNew": false,
    "RecentQuanityOfStockUnits": "24,6,1",
    "LongName": "AQUARIUS sportdrank Orange 50cl",
    "AlcoholVolume": "0",
    "FicCode": "E"
  },
  {
    "productId": "35814",
    "technicalArticleNumber": "1908624",
    "commercialArticleNumber": "8147",
    "name": "melk halfvol brik",
    "description": "*Halfvolle melk\n*Lactosevrij",
    "brand": "DILEA ZERO LACTOSE",
    "seoBrand": "Dilea",
    "thumbNail": "https://static.colruytgroup.com/images/200x200/std.lang.all/09/62/asset-3360962.jpg",
    "fullImage": "https://static.colruytgroup.com/images/500x500/std.lang.all/09/62/asset-3360962.jpg",
    "squareImage": "https://static.colruytgroup.com/images/500x500sq/std.lang.all/09/62/asset-3360962.jpg",
    "content": "1L",
    "walkRouteSequenceNumber": 6296,
    "price": {
      "basicPrice": 2.79,
      "recommendedQuantity": "1.0",
      "measurementUnitPrice": 2.79,
      "measurementUnit": "L",
      "isRedPrice": false,
      "pricePerUOM": 2.79,
      "activationDate": "13-03-2024",
      "recordSource": "Offline",
      "isPromoActive": "N",
      "priceChangeCode": "E"
    },
    "isAvailable": true,
    "isPriceAvailable": true,
    "inPromo": true,
    "promotion": [
      {
        "techPromoId": "100827COLR",
        "promotionId": "100827",
        "promotionType": "3",
        "isPersonalized": "N",
        "publicationStartDate": "13-03-2024",
        "publicationEndDate": "26-03-2024"
      }
    ],
    "gtin": [
      "05410298086214",
      "05410298086276"
    ],
    "topCategoryName": "Zuivel",
    "topCategoryId": "65",
    "businessDomain": "RETAIL_BE",
    "IsPrivateLabel": false,
    "IsBiffe": false,
    "WeightconversionFactor": "0",
    "IsWeightArticle": false,
    "IsBio": false,
    "CountryOfOrigin": "BELGIË",
    "IsExclusivelySoldInLuxembourg": false,
    "OrderUnit": "P",
    "ShortName": "DILEA ZERO LACTOSE 1L",
    "IsNew": false,
    "EcoscoreLabel": "D",
    "RecentQuanityOfStockUnits": "6,1",
    "LongName": "DILEA ZERO LACTOSE melk halfvol brik 1L",
    "AlcoholVolume": "0",
    "FicCode": "E",
    "EcoscoreValue": "36"
  },
  {
    "productId": "622622",
    "technicalArticleNumber": "4303118",
    "commercialArticleNumber": "23663",
    "name": "0% pils blik",
    "description": "*Alcoholvrij bier\n*0 % vol",
    "brand": "JUPILER",
    "seoBrand": "Jupiler",
    "thumbNail": "https://static.colruytgroup.com/images/200x200/std.lang.all/65/85/asset-3016585.jpg",
    "fullImage": "https://static.colruytgroup.com/images/500x500/std.lang.all/65/85/asset-3016585.jpg",
    "squareImage": "https://static.colruytgroup.com/images/500x500sq/std.lang.all/65/85/asset-3016585.jpg",
    "content": "35,5cl",
    "price": {
      "basicPrice": 1.14,
      "recommendedQuantity": "12.0",
      "measurementUnitPrice": 3.22,
      "measurementUnit": "L",
      "isRedPrice": false,
      "pricePerUOM": 3.22,
      "activationDate": "26-02-2024",
      "recordSource": "Offline",
      "isPromoActive": "N",
      "priceChangeCode": "E"
    },
    "isAvailable": true,
    "isPriceAvailable": true,
    "inPromo": false,
    "gtin": [
      "05410228277279",
      "05410228274223",
      "05410228274230"
    ],
    "topCategoryName": "Dranken",
    "topCategoryId": "354",
    "businessDomain": "RETAIL_BE",
    "IsPrivateLabel": false,
    "IsBiffe": false,
    "WeightconversionFactor": "0",
    "IsWeightArticle": false,
    "nutriscoreLabel": "B",
    "IsBio": false,
    "CountryOfOrigin": "BELGIË",
    "IsExclusivelySoldInLuxembourg": false,
    "OrderUnit": "P",
    "ShortName": "JUPI 0.0% BLIK 35.5CL",
    "IsNew": false,
    "RecentQuanityOfStockUnits": "1,24,12",
    "LongName": "JUPILER 0% pils blik 35,5cl",
    "AlcoholVolume": "0",
    "FicCode": "E"
  },
  {
    "productId": "1390",
    "technicalArticleNumber": "19231",
    "commercialArticleNumber": "19231",
    "name": "Vermouth Bianco 15%",
    "description": "*Vermouth\n*Aperitief\n*15,0 % vol",
    "brand": "EVERYDAY",
    "seoBrand": "Everyday",
    "thumbNail": "https://static.colruytgroup.com/images/200x200/std.lang.all/21/83/asset-3342183.jpg",
    "fullImage": "https://static.colruytgroup.com/images/500x500/std.lang.all/21/83/asset-3342183.jpg",
    "squareImage": "https://static.colruytgroup.com/images/500x500sq/std.lang.all/21/83/asset-3342183.jpg",
    "content": "75cl",
    "walkRouteSequenceNumber": 857,
    "price": {
      "basicPrice": 2.69,
      "recommendedQuantity": "1.0",
      "measurementUnitPrice": 3.59,
      "measurementUnit": "L",
      "isRedPrice": false,
      "pricePerUOM": 3.59,
      "activationDate": "20-02-2024",
      "recordSource": "Offline",
      "isPromoActive": "N",
      "priceChangeCode": "H"
    },
    "isAvailable": true,
    "isPriceAvailable": true,
    "inPromo": false,
    "gtin": [
      "45400141388006",
      "05400141041798",
      "14100141014799",
      "00000025192315",
      "05400141014792"
    ],
    "topCategoryName": "Dranken",
    "topCategoryId": "354",
    "businessDomain": "RETAIL_BE",
    "IsPrivateLabel": true,
    "IsBiffe": false,
    "WeightconversionFactor": "0",
    "IsWeightArticle": false,
    "IsBio": false,
    "CountryOfOrigin": "BELGIË",
    "IsExclusivelySoldInLuxembourg": false,
    "OrderUnit": "P",
    "ShortName": "EVD VERMOUT BIANCO 75C",
    "IsNew": false,
    "EcoscoreLabel": "D",
    "RecentQuanityOfStockUnits": "6,1",
    "LongName": "EVERYDAY Vermouth Bianco 15% 75cl",
    "AlcoholVolume": "15",
    "FicCode": "I",
    "EcoscoreValue": "38"
  },
  {
    "productId": "881040",
    "technicalArticleNumber": "4738303",
    "commercialArticleNumber": "32372",
    "name": "Caps café au lait UTZ",
    "description": "*Capsules\n*Dolce Gusto\ncompatibel",
    "brand": "BONI",
    "seoBrand": "Boni Selection",
    "thumbNail": "https://static.colruytgroup.com/images/200x200/std.lang.all/11/21/asset-3311121.jpg",
    "fullImage": "https://static.colruytgroup.com/images/500x500/std.lang.all/11/21/asset-3311121.jpg",
    "squareImage": "https://static.colruytgroup.com/images/500x500sq/std.lang.all/11/21/asset-3311121.jpg",
    "content": "16st",
    "walkRouteSequenceNumber": 1109,
    "price": {
      "basicPrice": 3.55,
      "recommendedQuantity": "1.0",
      "measurementUnitPrice": 22.19,
      "measurementUnit": "K",
      "isRedPrice": false,
      "pricePerUOM": 22.19,
      "activationDate": "14-03-2024",
      "isPromoActive": "N",
      "priceChangeCode": "H"
    },
    "isAvailable": true,
    "isPriceAvailable": true,
    "inPromo": false,
    "gtin": [
      "05400141718645",
      "15400141718642"
    ],
    "topCategoryName": "Dranken",
    "topCategoryId": "354",
    "businessDomain": "RETAIL_BE",
    "IsPrivateLabel": true,
    "IsBiffe": false,
    "WeightconversionFactor": "0",
    "IsWeightArticle": false,
    "nutriscoreLabel": "D",
    "IsBio": false,
    "CountryOfOrigin": "BELGIË",
    "IsExclusivelySoldInLuxembourg": false,
    "OrderUnit": "P",
    "ShortName": "BONI CAFE AU LAIT16CAPS",
    "IsNew": false,
    "EcoscoreLabel": "B",
    "RecentQuanityOfStockUnits": "1,6",
    "LongName": "BONI Caps café au lait UTZ 16st",
    "AlcoholVolume": "0",
    "FicCode": "I",
    "EcoscoreValue": "67"
  },
  {
    "productId": "778682",
    "technicalArticleNumber": "4572327",
    "commercialArticleNumber": "28548",
    "name": "niet-bruis. Lime-Ginger",
    "description": "*Limonade\n*Niet-bruisend\n*limoen-gember\n*Met suiker en\nzoetstoffen",
    "brand": "SPA FRUIT",
    "seoBrand": "Spa Fruit",
    "thumbNail": "https://static.colruytgroup.com/images/200x200/std.lang.all/83/82/asset-2818382.jpg",
    "fullImage": "https://static.colruytgroup.com/images/500x500/std.lang.all/83/82/asset-2818382.jpg",
    "squareImage": "https://static.colruytgroup.com/images/500x500sq/std.lang.all/83/82/asset-2818382.jpg",
    "content": "1,25L",
    "walkRouteSequenceNumber": 4066,
    "price": {
      "basicPrice": 2.02,
      "recommendedQuantity": "6.0",
      "measurementUnitPrice": 1.62,
      "measurementUnit": "L",
      "isRedPrice": false,
      "pricePerUOM": 1.62,
      "activationDate": "23-03-2024",
      "recordSource": "Offline",
      "isPromoActive": "N",
      "priceChangeCode": "H"
    },
    "isAvailable": true,
    "isPriceAvailable": true,
    "inPromo": false,
    "gtin": [
      "05410013801566",
      "05410013809012",
      "05410013809005"
    ],
    "topCategoryName": "Dranken",
    "topCategoryId": "354",
    "businessDomain": "RETAIL_BE",
    "IsPrivateLabel": false,
    "IsBiffe": false,
    "WeightconversionFactor": "0",
    "IsWeightArticle": false,
    "nutriscoreLabel": "C",
    "IsBio": false,
    "CountryOfOrigin": "BELGIË",
    "IsExclusivelySoldInLuxembourg": false,
    "OrderUnit": "P",
    "ShortName": "SPA FRUI NB LIM-GIN1.25",
    "IsNew": false,
    "RecentQuanityOfStockUnits": "6,1",
    "LongName": "SPA FRUIT niet-bruis. Lime-Ginger 1,25L",
    "FicCode": "E"
  },
  {
    "productId": "746087",
    "technicalArticleNumber": "4514403",
    "commercialArticleNumber": "6644",
    "name": "Blond Strong 8,5% blik",
    "description": "*Sterk blond bier\n*8,5 % vol",
    "brand": "CARA",
    "seoBrand": "Cara Pils",
    "thumbNail": "https://static.colruytgroup.com/images/200x200/std.lang.all/61/53/asset-2776153.jpg",
    "fullImage": "https://static.colruytgroup.com/images/500x500/std.lang.all/61/53/asset-2776153.jpg",
    "squareImage": "https://static.colruytgroup.com/images/500x500sq/std.lang.all/61/53/asset-2776153.jpg",
    "content": "33cl",
    "walkRouteSequenceNumber": 3740,
    "price": {
      "basicPrice": 0.59,
      "recommendedQuantity": "4.0",
      "measurementUnitPrice": 1.79,
      "measurementUnit": "L",
      "isRedPrice": false,
      "pricePerUOM": 1.79,
      "activationDate": "29-06-2023",
      "isPromoActive": "N",
      "priceChangeCode": "H"
    },
    "isAvailable": true,
    "isPriceAvailable": true,
    "inPromo": false,
    "gtin": [
      "15400141471677",
      "25400141471674",
      "05400141471670"
    ],
    "topCategoryName": "Dranken",
    "topCategoryId": "354",
    "businessDomain": "RETAIL_BE",
    "IsPrivateLabel": true,
    "IsBiffe": false,
    "WeightconversionFactor": "0",
    "IsWeightArticle": false,
    "IsBio": false,
    "CountryOfOrigin": "BELGIË",
    "IsExclusivelySoldInLuxembourg": false,
    "OrderUnit": "P",
    "ShortName": "CARA BLOND STRO.BLIK33C",
    "IsNew": false,
    "EcoscoreLabel": "D",
    "RecentQuanityOfStockUnits": "1,4,24",
    "LongName": "CARA Blond Strong 8,5% blik 33cl",
    "AlcoholVolume": "8.5",
    "FicCode": "I",
    "EcoscoreValue": "37"
  },
  {
    "productId": "333990",
    "technicalArticleNumber": "3814338",
    "commercialArticleNumber": "51202",
    "name": "Gemalen deca RFA",
    "brand": "GRAINDOR",
    "seoBrand": "Graindor",
    "thumbNail": "https://static.colruytgroup.com/images/200x200/std.lang.all/37/92/asset-3123792.jpg",
    "fullImage": "https://static.colruytgroup.com/images/500x500/std.lang.all/37/92/asset-3123792.jpg",
    "squareImage": "https://static.colruytgroup.com/images/500x500sq/std.lang.all/37/92/asset-3123792.jpg",
    "content": "500g",
    "walkRouteSequenceNumber": 1150,
    "price": {
      "basicPrice": 5.89,
      "recommendedQuantity": "2.0",
      "measurementUnitPrice": 11.78,
      "measurementUnit": "K",
      "isRedPrice": false,
      "pricePerUOM": 11.78,
      "activationDate": "31-01-2024",
      "isPromoActive": "N",
      "priceChangeCode": "H"
    },
    "isAvailable": true,
    "isPriceAvailable": true,
    "inPromo": false,
    "gtin": [
      "15400141033059",
      "05400141033052"
    ],
    "topCategoryName": "Dranken",
    "topCategoryId": "354",
    "businessDomain": "RETAIL_BE",
    "IsPrivateLabel": true,
    "IsBiffe": false,
    "WeightconversionFactor": "0",
    "IsWeightArticle": false,
    "nutriscoreLabel": "B",
    "IsBio": false,
    "CountryOfOrigin": "BELGIË",
    "IsExclusivelySoldInLuxembourg": false,
    "OrderUnit": "P",
    "ShortName": "GRAI GEMLN DECA RFA500G",
    "IsNew": false,
    "EcoscoreLabel": "C",
    "RecentQuanityOfStockUnits": "1,2",
    "LongName": "GRAINDOR Gemalen deca RFA 500g",
    "AlcoholVolume": "0",
    "FicCode": "I",
    "EcoscoreValue": "57"
  },
  {
    "productId": "299197",
    "technicalArticleNumber": "3712531",
    "commercialArticleNumber": "19845",
    "name": "caps Ristretto 12 bl.",
    "description": "*Heel intense koffie\n*Caps",
    "brand": "DOUWE EGBERTS",
    "seoBrand": "Douwe Egberts",
    "thumbNail": "https://static.colruytgroup.com/images/200x200/std.lang.all/88/23/asset-1508823.jpg",
    "fullImage": "https://static.colruytgroup.com/images/500x500/std.lang.all/88/23/asset-1508823.jpg",
    "squareImage": "https://static.colruytgroup.com/images/500x500sq/std.lang.all/88/23/asset-1508823.jpg",
    "content": "20st",
    "walkRouteSequenceNumber": 1060,
    "price": {
      "basicPrice": 4.84,
      "recommendedQuantity": "1.0",
      "measurementUnitPrice": 46.54,
      "measurementUnit": "K",
      "isRedPrice": false,
      "pricePerUOM": 46.54,
      "activationDate": "11-03-2024",
      "recordSource": "Offline",
      "isPromoActive": "N",
      "priceChangeCode": "E"
    },
    "isAvailable": true,
    "isPriceAvailable": true,
    "inPromo": false,
    "gtin": [
      "08711000372869",
      "08711000371268"
    ],
    "topCategoryName": "Dranken",
    "topCategoryId": "354",
    "businessDomain": "RETAIL_BE",
    "IsPrivateLabel": false,
    "IsBiffe": false,
    "WeightconversionFactor": "0",
    "IsWeightArticle": false,
    "nutriscoreLabel": "B",
    "IsBio": false,
    "CountryOfOrigin": "FRANKRIJK",
    "IsExclusivelySoldInLuxembourg": false,
    "OrderUnit": "P",
    "ShortName": "D.E.RISTRETTO BLACK 20C",
    "IsNew": false,
    "RecentQuanityOfStockUnits": "1,10",
    "LongName": "DOUWE EGBERTS caps Ristretto 12 bl. 20st",
    "AlcoholVolume": "0",
    "FicCode": "E"
  },
  {
    "productId": "777693",
    "technicalArticleNumber": "4570540",
    "commercialArticleNumber": "19695",
    "name": "caps Lungo 6 dessert",
    "brand": "DOUWE EGBERTS",
    "seoBrand": "Douwe Egberts",
    "thumbNail": "https://static.colruytgroup.com/images/200x200/std.lang.all/67/10/asset-2766710.jpg",
    "fullImage": "https://static.colruytgroup.com/images/500x500/std.lang.all/67/10/asset-2766710.jpg",
    "squareImage": "https://static.colruytgroup.com/images/500x500sq/std.lang.all/67/10/asset-2766710.jpg",
    "content": "40st",
    "walkRouteSequenceNumber": 1056,
    "price": {
      "basicPrice": 9.49,
      "recommendedQuantity": "1.0",
      "measurementUnitPrice": 45.63,
      "measurementUnit": "K",
      "isRedPrice": false,
      "pricePerUOM": 45.63,
      "activationDate": "20-02-2024",
      "recordSource": "Offline",
      "isPromoActive": "N",
      "priceChangeCode": "H"
    },
    "isAvailable": true,
    "isPriceAvailable": true,
    "inPromo": false,
    "gtin": [
      "05410138051068",
      "05410138051051"
    ],
    "topCategoryName": "Dranken",
    "topCategoryId": "354",
    "businessDomain": "RETAIL_BE",
    "IsPrivateLabel": false,
    "IsBiffe": false,
    "WeightconversionFactor": "0",
    "IsWeightArticle": false,
    "nutriscoreLabel": "B",
    "IsBio": false,
    "CountryOfOrigin": "FRANKRIJK",
    "IsExclusivelySoldInLuxembourg": false,
    "OrderUnit": "P",
    "ShortName": "D.E. LUNGO DESSERT40CAP",
    "IsNew": false,
    "RecentQuanityOfStockUnits": "1,5",
    "LongName": "DOUWE EGBERTS caps Lungo 6 dessert 40st",
    "FicCode": "E"
  },
  {
    "productId": "329361",
    "technicalArticleNumber": "3811196",
    "commercialArticleNumber": "16168",
    "name": "Green Tea Mango-Chamomile",
    "description": "*Smaak: mango,\nkamille\n*Niet-bruisend",
    "brand": "FUZE TEA",
    "seoBrand": "Fuze Tea",
    "thumbNail": "https://static.colruytgroup.com/images/200x200/std.lang.all/27/68/asset-2932768.jpg",
    "fullImage": "https://static.colruytgroup.com/images/500x500/std.lang.all/27/68/asset-2932768.jpg",
    "squareImage": "https://static.colruytgroup.com/images/500x500sq/std.lang.all/27/68/asset-2932768.jpg",
    "content": "40cl",
    "walkRouteSequenceNumber": 4246,
    "price": {
      "basicPrice": 1.32,
      "recommendedQuantity": "6.0",
      "measurementUnitPrice": 3.3,
      "measurementUnit": "L",
      "isRedPrice": false,
      "pricePerUOM": 3.3,
      "activationDate": "20-03-2024",
      "recordSource": "Offline",
      "isPromoActive": "N",
      "priceChangeCode": "H"
    },
    "isAvailable": true,
    "isPriceAvailable": true,
    "inPromo": false,
    "gtin": [
      "05449000309082",
      "05449000237873",
      "05449000237866",
      "05449000309075",
      "05449000232489"
    ],
    "topCategoryName": "Dranken",
    "topCategoryId": "354",
    "businessDomain": "RETAIL_BE",
    "IsPrivateLabel": false,
    "IsBiffe": false,
    "WeightconversionFactor": "0",
    "IsWeightArticle": false,
    "nutriscoreLabel": "D",
    "IsBio": false,
    "CountryOfOrigin": "FRANKRIJK",
    "IsExclusivelySoldInLuxembourg": false,
    "OrderUnit": "P",
    "ShortName": "FUZE GR.TEA MA-KAM400ML",
    "IsNew": false,
    "RecentQuanityOfStockUnits": "1,24,6",
    "LongName": "FUZE TEA Green Tea Mango-Chamomile 40cl",
    "AlcoholVolume": "0",
    "FicCode": "E"
  },
  {
    "productId": "38516",
    "technicalArticleNumber": "1848946",
    "commercialArticleNumber": "5245",
    "name": "plat water",
    "description": "*Mineraalwater\n*Plat\n*Droogrest: 385 mg/l\n*Babyvoeding",
    "brand": "CHAUDFONTAINE",
    "seoBrand": "Chaudfontaine",
    "thumbNail": "https://static.colruytgroup.com/images/200x200/std.lang.all/90/17/asset-3209017.jpg",
    "fullImage": "https://static.colruytgroup.com/images/500x500/std.lang.all/90/17/asset-3209017.jpg",
    "squareImage": "https://static.colruytgroup.com/images/500x500sq/std.lang.all/90/17/asset-3209017.jpg",
    "content": "50cl",
    "walkRouteSequenceNumber": 3867,
    "price": {
      "basicPrice": 0.798,
      "recommendedQuantity": "6.0",
      "quantityPrice": 0.734,
      "quantityPriceQuantity": "24.0",
      "measurementUnitPrice": 1.6,
      "measurementUnitQuantityPrice": 1.47,
      "measurementUnit": "L",
      "isRedPrice": false,
      "pricePerUOM": 1.6,
      "activationDate": "06-03-2024",
      "recordSource": "Offline",
      "isPromoActive": "N",
      "priceChangeCode": "H",
      "quantityPricePerUOM": 1.47,
      "quantityActivationDate": "06-03-2024",
      "quantityPriceChangeCode": "H"
    },
    "isAvailable": true,
    "isPriceAvailable": true,
    "inPromo": false,
    "gtin": [
      "05449000113405",
      "05449000111678",
      "05449000111692"
    ],
    "topCategoryName": "Dranken",
    "topCategoryId": "354",
    "businessDomain": "RETAIL_BE",
    "IsPrivateLabel": false,
    "IsBiffe": false,
    "WeightconversionFactor": "0",
    "IsWeightArticle": false,
    "nutriscoreLabel": "A",
    "IsBio": false,
    "CountryOfOrigin": "BELGIË",
    "IsExclusivelySoldInLuxembourg": false,
    "OrderUnit": "P",
    "ShortName": "CHAUDF PLAT WATER 50CL",
    "IsNew": false,
    "RecentQuanityOfStockUnits": "1,24,6",
    "LongName": "CHAUDFONTAINE plat water 50cl",
    "AlcoholVolume": "0",
    "FicCode": "E"
  },
  {
    "productId": "625995",
    "technicalArticleNumber": "4308608",
    "commercialArticleNumber": "16808",
    "name": "cola Lime",
    "description": "*Frisdrank\n*Cola\n*Smaak: limoen\n*Met zoetstoffen",
    "brand": "PEPSI ZERO SUGAR",
    "seoBrand": "Pepsi Zero Sugar",
    "thumbNail": "https://static.colruytgroup.com/images/200x200/std.lang.all/72/59/asset-3417259.jpg",
    "fullImage": "https://static.colruytgroup.com/images/500x500/std.lang.all/72/59/asset-3417259.jpg",
    "squareImage": "https://static.colruytgroup.com/images/500x500sq/std.lang.all/72/59/asset-3417259.jpg",
    "content": "33cl",
    "walkRouteSequenceNumber": 4355,
    "price": {
      "basicPrice": 0.948,
      "recommendedQuantity": "6.0",
      "quantityPrice": 0.872,
      "quantityPriceQuantity": "24.0",
      "measurementUnitPrice": 2.88,
      "measurementUnitQuantityPrice": 2.65,
      "measurementUnit": "L",
      "isRedPrice": false,
      "pricePerUOM": 2.88,
      "activationDate": "17-02-2024",
      "recordSource": "Offline",
      "isPromoActive": "N",
      "priceChangeCode": "E",
      "quantityPricePerUOM": 2.65,
      "quantityActivationDate": "17-02-2024",
      "quantityPriceChangeCode": "E"
    },
    "isAvailable": true,
    "isPriceAvailable": true,
    "inPromo": false,
    "gtin": [
      "08710398519047",
      "08710398519030",
      "08710398519023"
    ],
    "topCategoryName": "Dranken",
    "topCategoryId": "354",
    "businessDomain": "RETAIL_BE",
    "IsPrivateLabel": false,
    "IsBiffe": false,
    "WeightconversionFactor": "0",
    "IsWeightArticle": false,
    "nutriscoreLabel": "B",
    "IsBio": false,
    "CountryOfOrigin": "NEDERLAND",
    "IsExclusivelySoldInLuxembourg": false,
    "OrderUnit": "P",
    "ShortName": "PEPSI ZS LIME 33CL",
    "IsNew": false,
    "RecentQuanityOfStockUnits": "24,6,1",
    "LongName": "PEPSI ZERO SUGAR cola Lime 33cl",
    "FicCode": "E"
  },
  {
    "productId": "1371",
    "technicalArticleNumber": "18811",
    "commercialArticleNumber": "18811",
    "name": "Premium Vodka 37,5%",
    "description": "*Vodka\n*Basis voor cocktail\n*37,5 % vol",
    "brand": "ERISTOFF",
    "seoBrand": "Eristoff",
    "thumbNail": "https://static.colruytgroup.com/images/200x200/std.lang.all/76/01/asset-3217601.jpg",
    "fullImage": "https://static.colruytgroup.com/images/500x500/std.lang.all/76/01/asset-3217601.jpg",
    "squareImage": "https://static.colruytgroup.com/images/500x500sq/std.lang.all/76/01/asset-3217601.jpg",
    "content": "70cl",
    "walkRouteSequenceNumber": 845,
    "price": {
      "basicPrice": 15.99,
      "recommendedQuantity": "1.0",
      "measurementUnitPrice": 22.85,
      "measurementUnit": "L",
      "isRedPrice": false,
      "pricePerUOM": 22.85,
      "activationDate": "29-02-2024",
      "recordSource": "Offline",
      "isPromoActive": "N",
      "priceChangeCode": "E"
    },
    "isAvailable": true,
    "isPriceAvailable": true,
    "inPromo": false,
    "gtin": [
      "03011938004470",
      "05010677801539",
      "07610113005293",
      "07610113008317",
      "08410414000466"
    ],
    "topCategoryName": "Dranken",
    "topCategoryId": "354",
    "businessDomain": "RETAIL_BE",
    "IsPrivateLabel": false,
    "IsBiffe": false,
    "WeightconversionFactor": "0",
    "IsWeightArticle": false,
    "IsBio": false,
    "CountryOfOrigin": "FRANKRIJK",
    "IsExclusivelySoldInLuxembourg": false,
    "OrderUnit": "P",
    "ShortName": "ERISTOF VODKA 37.5% 70C",
    "IsNew": false,
    "EcoscoreLabel": "D",
    "RecentQuanityOfStockUnits": "1,6",
    "LongName": "ERISTOFF Premium Vodka 37,5% 70cl",
    "AlcoholVolume": "37.5",
    "FicCode": "E",
    "EcoscoreValue": "38"
  },
  {
    "productId": "552172",
    "technicalArticleNumber": "4183957",
    "commercialArticleNumber": "12917",
    "name": "Orange Tutti Frutti",
    "brand": "INNOCENT",
    "seoBrand": "Innocent",
    "thumbNail": "https://static.colruytgroup.com/images/200x200/std.lang.all/10/93/asset-2001093.jpg",
    "fullImage": "https://static.colruytgroup.com/images/500x500/std.lang.all/10/93/asset-2001093.jpg",
    "squareImage": "https://static.colruytgroup.com/images/500x500sq/std.lang.all/10/93/asset-2001093.jpg",
    "content": "90cl",
    "walkRouteSequenceNumber": 5049,
    "price": {
      "basicPrice": 2.49,
      "recommendedQuantity": "1.0",
      "quantityPrice": 2.24,
      "quantityPriceQuantity": "2.0",
      "measurementUnitPrice": 2.77,
      "measurementUnitQuantityPrice": 2.49,
      "measurementUnit": "L",
      "isRedPrice": false,
      "pricePerUOM": 2.77,
      "activationDate": "21-03-2024",
      "recordSource": "Offline",
      "isPromoActive": "N",
      "priceChangeCode": "E",
      "quantityPricePerUOM": 2.49,
      "quantityActivationDate": "21-03-2024",
      "quantityPriceChangeCode": "H"
    },
    "isAvailable": true,
    "isPriceAvailable": true,
    "inPromo": false,
    "gtin": [
      "05038862138130",
      "05038862138963"
    ],
    "topCategoryName": "Dranken",
    "topCategoryId": "354",
    "businessDomain": "RETAIL_BE",
    "IsPrivateLabel": false,
    "IsBiffe": false,
    "WeightconversionFactor": "0",
    "IsWeightArticle": false,
    "nutriscoreLabel": "C",
    "IsBio": false,
    "CountryOfOrigin": "VERENIGD KONINKRIJK",
    "IsExclusivelySoldInLuxembourg": false,
    "OrderUnit": "P",
    "ShortName": "INNO TU.FRUTTI 900ML",
    "IsNew": false,
    "EcoscoreLabel": "C",
    "RecentQuanityOfStockUnits": "1,6",
    "LongName": "INNOCENT Orange Tutti Frutti 90cl",
    "FicCode": "E",
    "EcoscoreValue": "57"
  },
  {
    "productId": "68970",
    "technicalArticleNumber": "2747526",
    "commercialArticleNumber": "42171",
    "name": "caps Lungo déca",
    "description": "*Lungo koffie\n*Cafeïnevrij\n*Intensiteit 6\n*16 Capsules",
    "brand": "NESCAFÉ DOLCE GUSTO",
    "seoBrand": "Nescafé Dolce Gusto",
    "thumbNail": "https://static.colruytgroup.com/images/200x200/std.lang.all/43/10/asset-374310.jpg",
    "fullImage": "https://static.colruytgroup.com/images/500x500/std.lang.all/43/10/asset-374310.jpg",
    "squareImage": "https://static.colruytgroup.com/images/500x500sq/std.lang.all/43/10/asset-374310.jpg",
    "content": "16st",
    "walkRouteSequenceNumber": 1063,
    "price": {
      "basicPrice": 4.69,
      "recommendedQuantity": "1.0",
      "quantityPrice": 4.11,
      "quantityPriceQuantity": "2.0",
      "measurementUnitPrice": 41.88,
      "measurementUnitQuantityPrice": 36.7,
      "measurementUnit": "K",
      "isRedPrice": false,
      "pricePerUOM": 41.88,
      "activationDate": "21-03-2024",
      "recordSource": "Offline",
      "isPromoActive": "N",
      "priceChangeCode": "E",
      "quantityPricePerUOM": 36.7,
      "quantityActivationDate": "21-03-2024",
      "quantityPriceChangeCode": "H"
    },
    "isAvailable": true,
    "isPriceAvailable": true,
    "inPromo": false,
    "gtin": [
      "07613031794324",
      "07613031794348",
      "07613031794331"
    ],
    "topCategoryName": "Dranken",
    "topCategoryId": "354",
    "businessDomain": "RETAIL_BE",
    "IsPrivateLabel": false,
    "IsBiffe": false,
    "WeightconversionFactor": "0",
    "IsWeightArticle": false,
    "nutriscoreLabel": "B",
    "IsBio": false,
    "CountryOfOrigin": "BELGIË",
    "IsExclusivelySoldInLuxembourg": false,
    "OrderUnit": "P",
    "ShortName": "DG LUNGO DECAF 16 CAPS",
    "IsNew": false,
    "RecentQuanityOfStockUnits": "1,3",
    "LongName": "NESCAFÉ DOLCE GUSTO caps Lungo déca 16st",
    "AlcoholVolume": "0",
    "FicCode": "E"
  },
  {
    "productId": "847887",
    "technicalArticleNumber": "4694688",
    "commercialArticleNumber": "23510",
    "name": "Zero Sugar Ener. L.Hamilton",
    "description": "*Energiedrank\n*Taurine/cafeïne\n*Met zoetstoffen",
    "brand": "MONSTER",
    "seoBrand": "Monster",
    "thumbNail": "https://static.colruytgroup.com/images/200x200/std.lang.all/30/16/asset-3133016.jpg",
    "fullImage": "https://static.colruytgroup.com/images/500x500/std.lang.all/30/16/asset-3133016.jpg",
    "squareImage": "https://static.colruytgroup.com/images/500x500sq/std.lang.all/30/16/asset-3133016.jpg",
    "content": "50cl",
    "walkRouteSequenceNumber": 4689,
    "price": {
      "basicPrice": 1.69,
      "recommendedQuantity": "1.0",
      "quantityPrice": 1.62,
      "quantityPriceQuantity": "24.0",
      "measurementUnitPrice": 3.38,
      "measurementUnitQuantityPrice": 3.24,
      "measurementUnit": "L",
      "isRedPrice": false,
      "pricePerUOM": 3.38,
      "activationDate": "13-03-2024",
      "recordSource": "Offline",
      "isPromoActive": "N",
      "priceChangeCode": "H",
      "quantityPricePerUOM": 3.24,
      "quantityActivationDate": "13-03-2024",
      "quantityPriceChangeCode": "H"
    },
    "isAvailable": true,
    "isPriceAvailable": true,
    "inPromo": false,
    "gtin": [
      "05060896625584",
      "05060896625577"
    ],
    "topCategoryName": "Dranken",
    "topCategoryId": "354",
    "businessDomain": "RETAIL_BE",
    "IsPrivateLabel": false,
    "IsBiffe": false,
    "WeightconversionFactor": "0",
    "IsWeightArticle": false,
    "nutriscoreLabel": "C",
    "IsBio": false,
    "CountryOfOrigin": "BELGIË",
    "IsExclusivelySoldInLuxembourg": false,
    "OrderUnit": "P",
    "ShortName": "MONS ZS L.HAMILTON 50CL",
    "IsNew": false,
    "RecentQuanityOfStockUnits": "1,24",
    "LongName": "MONSTER Zero Sugar Ener. L.Hamilton 50cl",
    "AlcoholVolume": "0",
    "FicCode": "E"
  },
  {
    "productId": "879143",
    "technicalArticleNumber": "4735655",
    "commercialArticleNumber": "22465",
    "name": "citroensap",
    "brand": "REALEMON",
    "seoBrand": "Realemon",
    "thumbNail": "https://static.colruytgroup.com/images/200x200/std.lang.all/73/01/asset-3267301.jpg",
    "fullImage": "https://static.colruytgroup.com/images/500x500/std.lang.all/73/01/asset-3267301.jpg",
    "squareImage": "https://static.colruytgroup.com/images/500x500sq/std.lang.all/73/01/asset-3267301.jpg",
    "content": "125ml",
    "walkRouteSequenceNumber": 17599,
    "price": {
      "basicPrice": 1.29,
      "recommendedQuantity": "1.0",
      "measurementUnitPrice": 10.32,
      "measurementUnit": "L",
      "isRedPrice": false,
      "pricePerUOM": 10.32,
      "activationDate": "15-06-2023",
      "isPromoActive": "N",
      "priceChangeCode": "E"
    },
    "isAvailable": true,
    "isPriceAvailable": true,
    "inPromo": false,
    "gtin": [
      "05410233712857"
    ],
    "topCategoryName": "Dranken",
    "topCategoryId": "354",
    "businessDomain": "RETAIL_BE",
    "IsPrivateLabel": false,
    "IsBiffe": false,
    "WeightconversionFactor": "0",
    "IsWeightArticle": false,
    "IsBio": false,
    "CountryOfOrigin": "BELGIË",
    "IsExclusivelySoldInLuxembourg": false,
    "OrderUnit": "P",
    "ShortName": "REAL CITROENSAP 125ML",
    "IsNew": false,
    "RecentQuanityOfStockUnits": "1,24",
    "LongName": "REALEMON citroensap 125ml",
    "AlcoholVolume": "0",
    "FicCode": "E"
  },
  {
    "productId": "1370",
    "technicalArticleNumber": "18810",
    "commercialArticleNumber": "18810",
    "name": "vodka 37,5%",
    "description": "*Vodka\n*Basis voor cocktail\n*37,5 % vol",
    "brand": "SMIRNOFF",
    "seoBrand": "Smirnoff",
    "thumbNail": "https://static.colruytgroup.com/images/200x200/std.lang.all/13/63/asset-2091363.jpg",
    "fullImage": "https://static.colruytgroup.com/images/500x500/std.lang.all/13/63/asset-2091363.jpg",
    "squareImage": "https://static.colruytgroup.com/images/500x500sq/std.lang.all/13/63/asset-2091363.jpg",
    "content": "70cl",
    "walkRouteSequenceNumber": 842,
    "price": {
      "basicPrice": 13.99,
      "recommendedQuantity": "1.0",
      "measurementUnitPrice": 19.99,
      "measurementUnit": "L",
      "isRedPrice": false,
      "pricePerUOM": 19.99,
      "activationDate": "02-01-2024",
      "recordSource": "Offline",
      "isPromoActive": "N",
      "priceChangeCode": "H"
    },
    "isAvailable": true,
    "isPriceAvailable": true,
    "inPromo": false,
    "gtin": [
      "05011013400157",
      "05410316296564",
      "05410316671118"
    ],
    "topCategoryName": "Dranken",
    "topCategoryId": "354",
    "businessDomain": "RETAIL_BE",
    "IsPrivateLabel": false,
    "IsBiffe": false,
    "WeightconversionFactor": "0",
    "IsWeightArticle": false,
    "IsBio": false,
    "CountryOfOrigin": "VERENIGD KONINKRIJK",
    "IsExclusivelySoldInLuxembourg": false,
    "OrderUnit": "P",
    "ShortName": "SMIRNOFF VOD.37.5% 70CL",
    "IsNew": false,
    "EcoscoreLabel": "C",
    "RecentQuanityOfStockUnits": "6,1",
    "LongName": "SMIRNOFF vodka 37,5% 70cl",
    "AlcoholVolume": "37.5",
    "FicCode": "E",
    "EcoscoreValue": "51"
  },
  {
    "productId": "1458",
    "technicalArticleNumber": "19697",
    "commercialArticleNumber": "19697",
    "name": "roze pompelmoessap PET",
    "description": "*Pompelmoessap\n*Uit sapconcentraat\n*Met pulp",
    "brand": "GRANINI",
    "seoBrand": "Granini",
    "thumbNail": "https://static.colruytgroup.com/images/200x200/nl_be/03/52/asset-2330352.jpg",
    "fullImage": "https://static.colruytgroup.com/images/500x500/nl_be/03/52/asset-2330352.jpg",
    "squareImage": "https://static.colruytgroup.com/images/500x500sq/nl_be/03/52/asset-2330352.jpg",
    "content": "1L",
    "walkRouteSequenceNumber": 4766,
    "price": {
      "basicPrice": 3.25,
      "recommendedQuantity": "1.0",
      "measurementUnitPrice": 3.25,
      "measurementUnit": "L",
      "isRedPrice": false,
      "pricePerUOM": 3.25,
      "activationDate": "20-03-2024",
      "recordSource": "Offline",
      "isPromoActive": "N",
      "priceChangeCode": "H"
    },
    "isAvailable": true,
    "isPriceAvailable": true,
    "inPromo": false,
    "gtin": [
      "04048517740909",
      "04048517740930",
      "03503780001009",
      "03503789006005"
    ],
    "topCategoryName": "Dranken",
    "topCategoryId": "354",
    "businessDomain": "RETAIL_BE",
    "IsPrivateLabel": false,
    "IsBiffe": false,
    "WeightconversionFactor": "0",
    "IsWeightArticle": false,
    "nutriscoreLabel": "C",
    "IsBio": false,
    "CountryOfOrigin": "DUITSLAND",
    "IsExclusivelySoldInLuxembourg": false,
    "OrderUnit": "P",
    "ShortName": "GRAN ROZE POMPELMOES 1L",
    "IsNew": false,
    "EcoscoreLabel": "E",
    "RecentQuanityOfStockUnits": "6,1,6",
    "LongName": "GRANINI roze pompelmoessap PET 1L",
    "AlcoholVolume": "0",
    "FicCode": "E",
    "EcoscoreValue": "0"
  },
  {
    "productId": "384772",
    "technicalArticleNumber": "3841950",
    "commercialArticleNumber": "51279",
    "name": "Bonen Espresso RFA",
    "description": "*Sterkte:Heel\nintense koffie\n*Smaak: sterk,\nkrachtig\n*Koffiebonen",
    "brand": "GRAINDOR",
    "seoBrand": "Graindor",
    "thumbNail": "https://static.colruytgroup.com/images/200x200/std.lang.all/58/14/asset-2125814.jpg",
    "fullImage": "https://static.colruytgroup.com/images/500x500/std.lang.all/58/14/asset-2125814.jpg",
    "squareImage": "https://static.colruytgroup.com/images/500x500sq/std.lang.all/58/14/asset-2125814.jpg",
    "content": "2,5kg",
    "walkRouteSequenceNumber": 1004,
    "price": {
      "basicPrice": 19.22,
      "recommendedQuantity": "1.0",
      "measurementUnitPrice": 7.69,
      "measurementUnit": "K",
      "isRedPrice": false,
      "pricePerUOM": 7.69,
      "activationDate": "28-02-2024",
      "recordSource": "Offline",
      "isPromoActive": "N",
      "priceChangeCode": "H"
    },
    "isAvailable": true,
    "isPriceAvailable": true,
    "inPromo": false,
    "gtin": [
      "05400141206364",
      "15400141206361"
    ],
    "topCategoryName": "Dranken",
    "topCategoryId": "354",
    "businessDomain": "RETAIL_BE",
    "IsPrivateLabel": true,
    "IsBiffe": false,
    "WeightconversionFactor": "0",
    "IsWeightArticle": false,
    "nutriscoreLabel": "B",
    "IsBio": false,
    "CountryOfOrigin": "BELGIË",
    "IsExclusivelySoldInLuxembourg": false,
    "OrderUnit": "P",
    "ShortName": "GRAI ESPRESSO 2.5KG",
    "IsNew": false,
    "EcoscoreLabel": "C",
    "RecentQuanityOfStockUnits": "1,4",
    "LongName": "GRAINDOR Bonen Espresso RFA 2,5kg",
    "AlcoholVolume": "0",
    "FicCode": "I",
    "EcoscoreValue": "50"
  },
  {
    "productId": "403",
    "technicalArticleNumber": "5352",
    "commercialArticleNumber": "5352",
    "name": "limonade",
    "description": "*Bruisende limonade\n*Smaak: sinaasappel",
    "brand": "ORANGINA",
    "seoBrand": "Orangina",
    "thumbNail": "https://static.colruytgroup.com/images/200x200/std.lang.all/75/27/asset-2037527.jpg",
    "fullImage": "https://static.colruytgroup.com/images/500x500/std.lang.all/75/27/asset-2037527.jpg",
    "squareImage": "https://static.colruytgroup.com/images/500x500sq/std.lang.all/75/27/asset-2037527.jpg",
    "content": "33cl",
    "walkRouteSequenceNumber": 4332,
    "price": {
      "basicPrice": 0.775,
      "recommendedQuantity": "6.0",
      "measurementUnitPrice": 2.35,
      "measurementUnit": "L",
      "isRedPrice": false,
      "pricePerUOM": 2.35,
      "activationDate": "19-03-2024",
      "recordSource": "Offline",
      "isPromoActive": "N",
      "priceChangeCode": "L"
    },
    "isAvailable": true,
    "isPriceAvailable": true,
    "inPromo": false,
    "gtin": [
      "03249760000081",
      "05410221007064",
      "05410221106958",
      "05410221205415",
      "05410221305436",
      "03124488184339",
      "03124480184344",
      "03124480184337"
    ],
    "topCategoryName": "Dranken",
    "topCategoryId": "354",
    "businessDomain": "RETAIL_BE",
    "IsPrivateLabel": false,
    "IsBiffe": false,
    "WeightconversionFactor": "0",
    "IsWeightArticle": false,
    "nutriscoreLabel": "E",
    "IsBio": false,
    "CountryOfOrigin": "FRANKRIJK",
    "IsExclusivelySoldInLuxembourg": false,
    "OrderUnit": "P",
    "ShortName": "ORAN LIMONADE 33CL",
    "IsNew": false,
    "RecentQuanityOfStockUnits": "1,24,6",
    "LongName": "ORANGINA limonade 33cl",
    "AlcoholVolume": "0",
    "FicCode": "E"
  },
  {
    "productId": "186503",
    "technicalArticleNumber": "3459414",
    "commercialArticleNumber": "14489",
    "name": "appelsap bruisend blik",
    "description": "*Sprankelend\nappelsap\n*Uit sapconcentraat\n*Met 100 % vruchten\n*Zonder pulp",
    "brand": "APPLETISER",
    "seoBrand": "Appletiser",
    "thumbNail": "https://static.colruytgroup.com/images/200x200/nl_be/96/79/asset-1549679.jpg",
    "fullImage": "https://static.colruytgroup.com/images/500x500/nl_be/96/79/asset-1549679.jpg",
    "squareImage": "https://static.colruytgroup.com/images/500x500sq/nl_be/96/79/asset-1549679.jpg",
    "content": "25cl",
    "walkRouteSequenceNumber": 4270,
    "price": {
      "basicPrice": 1.32,
      "recommendedQuantity": "6.0",
      "quantityPrice": 1.27,
      "quantityPriceQuantity": "24.0",
      "measurementUnitPrice": 5.28,
      "measurementUnitQuantityPrice": 5.08,
      "measurementUnit": "L",
      "isRedPrice": false,
      "pricePerUOM": 5.28,
      "activationDate": "14-02-2024",
      "recordSource": "Offline",
      "isPromoActive": "N",
      "priceChangeCode": "H",
      "quantityPricePerUOM": 5.08,
      "quantityActivationDate": "14-02-2024",
      "quantityPriceChangeCode": "H"
    },
    "isAvailable": true,
    "isPriceAvailable": true,
    "inPromo": false,
    "gtin": [
      "06001048004917",
      "06001048004894",
      "06001048004900"
    ],
    "topCategoryName": "Dranken",
    "topCategoryId": "354",
    "businessDomain": "RETAIL_BE",
    "IsPrivateLabel": false,
    "IsBiffe": false,
    "WeightconversionFactor": "0",
    "IsWeightArticle": false,
    "nutriscoreLabel": "C",
    "IsBio": false,
    "CountryOfOrigin": "BELGIË",
    "IsExclusivelySoldInLuxembourg": false,
    "OrderUnit": "P",
    "ShortName": "APPLETISER BLIK 25CL",
    "IsNew": false,
    "EcoscoreLabel": "C",
    "RecentQuanityOfStockUnits": "6,1,24",
    "LongName": "APPLETISER appelsap bruisend blik 25cl",
    "AlcoholVolume": "0",
    "FicCode": "E",
    "EcoscoreValue": "49"
  },
  {
    "productId": "513694",
    "technicalArticleNumber": "4080145",
    "commercialArticleNumber": "7613",
    "name": "Ener.Juiced Mango Loco blik",
    "description": "*Energiedrank\n*Taurine/cafeïne\n*Suiker/zoetstoffen",
    "brand": "MONSTER",
    "seoBrand": "Monster",
    "thumbNail": "https://static.colruytgroup.com/images/200x200/std.lang.all/49/81/asset-2294981.jpg",
    "fullImage": "https://static.colruytgroup.com/images/500x500/std.lang.all/49/81/asset-2294981.jpg",
    "squareImage": "https://static.colruytgroup.com/images/500x500sq/std.lang.all/49/81/asset-2294981.jpg",
    "content": "50cl",
    "walkRouteSequenceNumber": 4690,
    "price": {
      "basicPrice": 1.69,
      "recommendedQuantity": "4.0",
      "quantityPrice": 1.62,
      "quantityPriceQuantity": "24.0",
      "measurementUnitPrice": 3.38,
      "measurementUnitQuantityPrice": 3.24,
      "measurementUnit": "L",
      "isRedPrice": false,
      "pricePerUOM": 3.38,
      "activationDate": "22-03-2024",
      "recordSource": "Offline",
      "isPromoActive": "N",
      "priceChangeCode": "L",
      "quantityPricePerUOM": 3.24,
      "quantityActivationDate": "22-03-2024",
      "quantityPriceChangeCode": "L"
    },
    "isAvailable": true,
    "isPriceAvailable": true,
    "inPromo": false,
    "gtin": [
      "05060639126040",
      "05060517889913",
      "05060517889906",
      "05060639126071"
    ],
    "topCategoryName": "Dranken",
    "topCategoryId": "354",
    "businessDomain": "RETAIL_BE",
    "IsPrivateLabel": false,
    "IsBiffe": false,
    "WeightconversionFactor": "0",
    "IsWeightArticle": false,
    "nutriscoreLabel": "E",
    "IsBio": false,
    "CountryOfOrigin": "BELGIË",
    "IsExclusivelySoldInLuxembourg": false,
    "OrderUnit": "P",
    "ShortName": "MONS MANGO LOCO 50CL",
    "IsNew": false,
    "RecentQuanityOfStockUnits": "1,4,24",
    "LongName": "MONSTER Ener.Juiced Mango Loco blik 50cl",
    "FicCode": "E"
  },
  {
    "productId": "318336",
    "technicalArticleNumber": "3774269",
    "commercialArticleNumber": "16086",
    "name": "caps Espresso RFA",
    "description": "*Heel intense koffie\n*Capsules",
    "brand": "BONI",
    "seoBrand": "Boni Selection",
    "thumbNail": "https://static.colruytgroup.com/images/200x200/std.lang.all/75/05/asset-3247505.jpg",
    "fullImage": "https://static.colruytgroup.com/images/500x500/std.lang.all/75/05/asset-3247505.jpg",
    "squareImage": "https://static.colruytgroup.com/images/500x500sq/std.lang.all/75/05/asset-3247505.jpg",
    "content": "16st",
    "walkRouteSequenceNumber": 1105,
    "price": {
      "basicPrice": 2.25,
      "recommendedQuantity": "1.0",
      "measurementUnitPrice": 19.57,
      "measurementUnit": "K",
      "isRedPrice": false,
      "pricePerUOM": 19.57,
      "activationDate": "13-03-2024",
      "recordSource": "Offline",
      "isPromoActive": "N",
      "priceChangeCode": "L"
    },
    "isAvailable": true,
    "isPriceAvailable": true,
    "inPromo": false,
    "gtin": [
      "05400141421095",
      "05400141207064",
      "35400141104593",
      "15400141421092"
    ],
    "topCategoryName": "Dranken",
    "topCategoryId": "354",
    "businessDomain": "RETAIL_BE",
    "IsPrivateLabel": true,
    "IsBiffe": false,
    "WeightconversionFactor": "0",
    "IsWeightArticle": false,
    "nutriscoreLabel": "B",
    "IsBio": false,
    "CountryOfOrigin": "BELGIË",
    "IsExclusivelySoldInLuxembourg": false,
    "OrderUnit": "P",
    "ShortName": "BONI ESPRESSO RFA16CUPS",
    "IsNew": false,
    "EcoscoreLabel": "B",
    "RecentQuanityOfStockUnits": "1,6",
    "LongName": "BONI caps Espresso RFA 16st",
    "AlcoholVolume": "0",
    "FicCode": "I",
    "EcoscoreValue": "60"
  },
  {
    "productId": "216311",
    "technicalArticleNumber": "3481829",
    "commercialArticleNumber": "11112",
    "name": "Green Tea Lemon",
    "description": "*Groene thee\n*Smaak: citroen",
    "brand": "BONI",
    "seoBrand": "Boni Selection",
    "thumbNail": "https://static.colruytgroup.com/images/200x200/std.lang.all/56/51/asset-3205651.jpg",
    "fullImage": "https://static.colruytgroup.com/images/500x500/std.lang.all/56/51/asset-3205651.jpg",
    "squareImage": "https://static.colruytgroup.com/images/500x500sq/std.lang.all/56/51/asset-3205651.jpg",
    "content": "25st",
    "walkRouteSequenceNumber": 1253,
    "price": {
      "basicPrice": 0.862,
      "recommendedQuantity": "1.0",
      "measurementUnitPrice": 20.05,
      "measurementUnit": "K",
      "isRedPrice": false,
      "pricePerUOM": 20.05,
      "activationDate": "25-01-2024",
      "recordSource": "Offline",
      "isPromoActive": "N",
      "priceChangeCode": "H"
    },
    "isAvailable": true,
    "isPriceAvailable": true,
    "inPromo": false,
    "gtin": [
      "15400141819301",
      "05400141394344",
      "05400141399523",
      "15400141399520"
    ],
    "topCategoryName": "Dranken",
    "topCategoryId": "354",
    "businessDomain": "RETAIL_BE",
    "IsPrivateLabel": true,
    "IsBiffe": false,
    "WeightconversionFactor": "0",
    "IsWeightArticle": false,
    "nutriscoreLabel": "B",
    "IsBio": false,
    "CountryOfOrigin": "INDIA",
    "IsExclusivelySoldInLuxembourg": false,
    "OrderUnit": "P",
    "ShortName": "BONI GREEN TEA LEMON25S",
    "IsNew": false,
    "EcoscoreLabel": "A",
    "RecentQuanityOfStockUnits": "12,1",
    "LongName": "BONI Green Tea Lemon 25st",
    "AlcoholVolume": "0",
    "FicCode": "I",
    "EcoscoreValue": "100"
  },
  {
    "productId": "471933",
    "technicalArticleNumber": "4071560",
    "commercialArticleNumber": "7199",
    "name": "Clementina",
    "description": "*Bruisende limonade\n*Smaak: clementine",
    "brand": "SAN PELLEGRINO",
    "seoBrand": "San Pellegrino",
    "thumbNail": "https://static.colruytgroup.com/images/200x200/std.lang.all/72/27/asset-2857227.jpg",
    "fullImage": "https://static.colruytgroup.com/images/500x500/std.lang.all/72/27/asset-2857227.jpg",
    "squareImage": "https://static.colruytgroup.com/images/500x500sq/std.lang.all/72/27/asset-2857227.jpg",
    "content": "33cl",
    "walkRouteSequenceNumber": 4266,
    "price": {
      "basicPrice": 0.831,
      "recommendedQuantity": "6.0",
      "measurementUnitPrice": 2.53,
      "measurementUnit": "L",
      "isRedPrice": false,
      "pricePerUOM": 2.53,
      "activationDate": "13-03-2024",
      "recordSource": "Offline",
      "isPromoActive": "N",
      "priceChangeCode": "L"
    },
    "isAvailable": true,
    "isPriceAvailable": true,
    "inPromo": false,
    "gtin": [
      "08002270966767",
      "08002270956577",
      "08002270956560",
      "08002270966538",
      "08002270956782",
      "08002270956775"
    ],
    "topCategoryName": "Dranken",
    "topCategoryId": "354",
    "businessDomain": "RETAIL_BE",
    "IsPrivateLabel": false,
    "IsBiffe": false,
    "WeightconversionFactor": "0",
    "IsWeightArticle": false,
    "nutriscoreLabel": "E",
    "IsBio": false,
    "CountryOfOrigin": "ITALIË",
    "IsExclusivelySoldInLuxembourg": false,
    "OrderUnit": "P",
    "ShortName": "SANP CLEMENTINA 33CL",
    "IsNew": false,
    "RecentQuanityOfStockUnits": "6,1,24",
    "LongName": "SAN PELLEGRINO Clementina 33cl",
    "FicCode": "E"
  },
  {
    "productId": "159339",
    "technicalArticleNumber": "3244634",
    "commercialArticleNumber": "21113",
    "name": "druiven 100% puur sap brik",
    "description": "*Puur sap\n*100 % vruchten\n*Zonder pulp",
    "brand": "BONI",
    "seoBrand": "Boni Selection",
    "thumbNail": "https://static.colruytgroup.com/images/200x200/std.lang.all/09/91/asset-3360991.jpg",
    "fullImage": "https://static.colruytgroup.com/images/500x500/std.lang.all/09/91/asset-3360991.jpg",
    "squareImage": "https://static.colruytgroup.com/images/500x500sq/std.lang.all/09/91/asset-3360991.jpg",
    "content": "1L",
    "walkRouteSequenceNumber": 4767,
    "price": {
      "basicPrice": 1.69,
      "recommendedQuantity": "2.0",
      "measurementUnitPrice": 1.69,
      "measurementUnit": "L",
      "isRedPrice": false,
      "pricePerUOM": 1.69,
      "activationDate": "04-12-2023",
      "recordSource": "Offline",
      "isPromoActive": "N",
      "priceChangeCode": "H"
    },
    "isAvailable": true,
    "isPriceAvailable": true,
    "inPromo": false,
    "gtin": [
      "15400141304203",
      "05400141403411",
      "05400141304206",
      "05400141087055",
      "15400141976271",
      "55400141267285"
    ],
    "topCategoryName": "Dranken",
    "topCategoryId": "354",
    "businessDomain": "RETAIL_BE",
    "IsPrivateLabel": true,
    "IsBiffe": false,
    "WeightconversionFactor": "0",
    "IsWeightArticle": false,
    "nutriscoreLabel": "D",
    "IsBio": false,
    "CountryOfOrigin": "DUITSLAND",
    "IsExclusivelySoldInLuxembourg": false,
    "OrderUnit": "P",
    "ShortName": "BONI RD DRUIVENS.BRIK1L",
    "IsNew": false,
    "EcoscoreLabel": "C",
    "RecentQuanityOfStockUnits": "2,8,1",
    "LongName": "BONI druiven 100% puur sap brik 1L",
    "AlcoholVolume": "0",
    "FicCode": "I",
    "EcoscoreValue": "59"
  },
  {
    "productId": "603973",
    "technicalArticleNumber": "4272511",
    "commercialArticleNumber": "22991",
    "name": "caps House Blend Lungo",
    "description": "*Lungo koffie\n*Tonen van cacao\n*Intensiteit 8\n*10 capsules",
    "brand": "STARBUCKS",
    "seoBrand": "Starbucks By Nespresso",
    "thumbNail": "https://static.colruytgroup.com/images/200x200/std.lang.all/71/45/asset-3447145.jpg",
    "fullImage": "https://static.colruytgroup.com/images/500x500/std.lang.all/71/45/asset-3447145.jpg",
    "squareImage": "https://static.colruytgroup.com/images/500x500sq/std.lang.all/71/45/asset-3447145.jpg",
    "content": "10st",
    "walkRouteSequenceNumber": 1034,
    "price": {
      "basicPrice": 3.99,
      "recommendedQuantity": "1.0",
      "quantityPrice": 2.49,
      "quantityPriceQuantity": "4.0",
      "measurementUnitPrice": 70,
      "measurementUnitQuantityPrice": 43.69,
      "measurementUnit": "K",
      "isRedPrice": false,
      "pricePerUOM": 70,
      "activationDate": "23-03-2024",
      "recordSource": "Offline",
      "isPromoActive": "N",
      "priceChangeCode": "E",
      "quantityPricePerUOM": 43.69,
      "quantityActivationDate": "23-03-2024",
      "quantityPriceChangeCode": "E"
    },
    "isAvailable": true,
    "isPriceAvailable": true,
    "inPromo": false,
    "gtin": [
      "07613036957083",
      "07613037046564"
    ],
    "topCategoryName": "Dranken",
    "topCategoryId": "354",
    "businessDomain": "RETAIL_BE",
    "IsPrivateLabel": false,
    "IsBiffe": false,
    "WeightconversionFactor": "0",
    "IsWeightArticle": false,
    "nutriscoreLabel": "B",
    "IsBio": false,
    "CountryOfOrigin": "ZWITSERLAND",
    "IsExclusivelySoldInLuxembourg": false,
    "OrderUnit": "P",
    "ShortName": "STAR HOUSE BL.LUN10CAPS",
    "IsNew": false,
    "RecentQuanityOfStockUnits": "12,1",
    "LongName": "STARBUCKS caps House Blend Lungo 10st",
    "FicCode": "E"
  },
  {
    "productId": "191522",
    "technicalArticleNumber": "3454091",
    "commercialArticleNumber": "13021",
    "name": "bruisend Lemon",
    "description": "*Mineraalwater\n*Bruisend\n*Smaak: citroen",
    "brand": "SPA TOUCH",
    "seoBrand": "Spa Touch",
    "thumbNail": "https://static.colruytgroup.com/images/200x200/std.lang.all/20/59/asset-2662059.jpg",
    "fullImage": "https://static.colruytgroup.com/images/500x500/std.lang.all/20/59/asset-2662059.jpg",
    "squareImage": "https://static.colruytgroup.com/images/500x500sq/std.lang.all/20/59/asset-2662059.jpg",
    "content": "50cl",
    "walkRouteSequenceNumber": 4039,
    "price": {
      "basicPrice": 0.78,
      "recommendedQuantity": "6.0",
      "quantityPrice": 0.75,
      "quantityPriceQuantity": "24.0",
      "measurementUnitPrice": 1.56,
      "measurementUnitQuantityPrice": 1.5,
      "measurementUnit": "L",
      "isRedPrice": false,
      "pricePerUOM": 1.56,
      "activationDate": "25-01-2024",
      "recordSource": "Online",
      "isPromoActive": "N",
      "priceChangeCode": "E",
      "quantityPricePerUOM": 1.5,
      "quantityActivationDate": "25-01-2024",
      "quantityPriceChangeCode": "H"
    },
    "isAvailable": true,
    "isPriceAvailable": true,
    "inPromo": false,
    "gtin": [
      "05410013153528",
      "05410013153542",
      "05410013153535"
    ],
    "topCategoryName": "Dranken",
    "topCategoryId": "354",
    "businessDomain": "RETAIL_BE",
    "IsPrivateLabel": false,
    "IsBiffe": false,
    "WeightconversionFactor": "0",
    "IsWeightArticle": false,
    "nutriscoreLabel": "A",
    "IsBio": false,
    "CountryOfOrigin": "BELGIË",
    "IsExclusivelySoldInLuxembourg": false,
    "OrderUnit": "P",
    "ShortName": "SPA TOUC BR.LEMON 50CL",
    "IsNew": false,
    "RecentQuanityOfStockUnits": "1,24,6",
    "LongName": "SPA TOUCH bruisend Lemon 50cl",
    "AlcoholVolume": "0",
    "FicCode": "E"
  },
  {
    "productId": "44713",
    "technicalArticleNumber": "2508245",
    "commercialArticleNumber": "9682",
    "name": "Spiced Gold 35,0%vol",
    "description": "*Spiced rum\n*Traditionele rum\n*Jamaïca",
    "brand": "CAPTAIN MORGAN",
    "seoBrand": "Captain Morgan",
    "thumbNail": "https://static.colruytgroup.com/images/200x200/std.lang.all/76/03/asset-3217603.jpg",
    "fullImage": "https://static.colruytgroup.com/images/500x500/std.lang.all/76/03/asset-3217603.jpg",
    "squareImage": "https://static.colruytgroup.com/images/500x500sq/std.lang.all/76/03/asset-3217603.jpg",
    "content": "70cl",
    "walkRouteSequenceNumber": 815,
    "price": {
      "basicPrice": 16.35,
      "recommendedQuantity": "1.0",
      "measurementUnitPrice": 23.36,
      "measurementUnit": "L",
      "isRedPrice": false,
      "pricePerUOM": 23.36,
      "activationDate": "20-03-2024",
      "recordSource": "Folder",
      "isPromoActive": "N",
      "priceChangeCode": "L"
    },
    "isAvailable": true,
    "isPriceAvailable": true,
    "inPromo": false,
    "gtin": [
      "05000299223017",
      "05000299223000"
    ],
    "topCategoryName": "Dranken",
    "topCategoryId": "354",
    "businessDomain": "RETAIL_BE",
    "IsPrivateLabel": false,
    "IsBiffe": false,
    "WeightconversionFactor": "0",
    "IsWeightArticle": false,
    "IsBio": false,
    "CountryOfOrigin": "VERENIGD KONINKRIJK",
    "IsExclusivelySoldInLuxembourg": false,
    "OrderUnit": "P",
    "ShortName": "CAPT. MORG RHUM70C 35",
    "IsNew": false,
    "EcoscoreLabel": "C",
    "RecentQuanityOfStockUnits": "6,1",
    "LongName": "CAPTAIN MORGAN Spiced Gold 35,0%vol 70cl",
    "AlcoholVolume": "35",
    "FicCode": "E",
    "EcoscoreValue": "51"
  },
  {
    "productId": "335944",
    "technicalArticleNumber": "3814370",
    "commercialArticleNumber": "51212",
    "name": "Gemalen deca RFA",
    "brand": "GRAINDOR",
    "seoBrand": "Graindor",
    "thumbNail": "https://static.colruytgroup.com/images/200x200/std.lang.all/52/60/asset-3305260.jpg",
    "fullImage": "https://static.colruytgroup.com/images/500x500/std.lang.all/52/60/asset-3305260.jpg",
    "squareImage": "https://static.colruytgroup.com/images/500x500sq/std.lang.all/52/60/asset-3305260.jpg",
    "content": "250g",
    "walkRouteSequenceNumber": 1080,
    "price": {
      "basicPrice": 2.94,
      "recommendedQuantity": "4.0",
      "quantityPrice": 2.82,
      "quantityPriceQuantity": "12.0",
      "measurementUnitPrice": 11.76,
      "measurementUnitQuantityPrice": 11.28,
      "measurementUnit": "K",
      "isRedPrice": false,
      "pricePerUOM": 11.76,
      "activationDate": "17-01-2024",
      "isPromoActive": "N",
      "priceChangeCode": "H",
      "quantityPricePerUOM": 11.28,
      "quantityActivationDate": "17-01-2024",
      "quantityPriceChangeCode": "H"
    },
    "isAvailable": true,
    "isPriceAvailable": true,
    "inPromo": false,
    "gtin": [
      "25400141205613",
      "15400141205616",
      "05400141205619"
    ],
    "topCategoryName": "Dranken",
    "topCategoryId": "354",
    "businessDomain": "RETAIL_BE",
    "IsPrivateLabel": true,
    "IsBiffe": false,
    "WeightconversionFactor": "0",
    "IsWeightArticle": false,
    "nutriscoreLabel": "B",
    "IsBio": false,
    "CountryOfOrigin": "BELGIË",
    "IsExclusivelySoldInLuxembourg": false,
    "OrderUnit": "P",
    "ShortName": "RFA GRAI DECA GMLN 250G",
    "IsNew": false,
    "EcoscoreLabel": "C",
    "RecentQuanityOfStockUnits": "1,4,24",
    "LongName": "GRAINDOR Gemalen deca RFA 250g",
    "AlcoholVolume": "0",
    "FicCode": "I",
    "EcoscoreValue": "54"
  },
  {
    "productId": "379451",
    "technicalArticleNumber": "3858580",
    "commercialArticleNumber": "41669",
    "name": "moka pads",
    "description": "*pads",
    "brand": "DOUWE EGBERTS",
    "seoBrand": "Douwe Egberts",
    "thumbNail": "https://static.colruytgroup.com/images/200x200/std.lang.all/18/85/asset-1481885.jpg",
    "fullImage": "https://static.colruytgroup.com/images/500x500/std.lang.all/18/85/asset-1481885.jpg",
    "squareImage": "https://static.colruytgroup.com/images/500x500sq/std.lang.all/18/85/asset-1481885.jpg",
    "content": "32st",
    "walkRouteSequenceNumber": 1154,
    "price": {
      "basicPrice": 4.59,
      "recommendedQuantity": "2.0",
      "measurementUnitPrice": 20.68,
      "measurementUnit": "K",
      "isRedPrice": false,
      "pricePerUOM": 20.68,
      "activationDate": "17-02-2024",
      "recordSource": "Offline",
      "isPromoActive": "N",
      "priceChangeCode": "E"
    },
    "isAvailable": true,
    "isPriceAvailable": true,
    "inPromo": false,
    "gtin": [
      "05410138044367",
      "05410138044374",
      "08711000417805",
      "08711000417812"
    ],
    "topCategoryName": "Dranken",
    "topCategoryId": "354",
    "businessDomain": "RETAIL_BE",
    "IsPrivateLabel": false,
    "IsBiffe": false,
    "WeightconversionFactor": "0",
    "IsWeightArticle": false,
    "nutriscoreLabel": "B",
    "IsBio": false,
    "CountryOfOrigin": "NEDERLAND",
    "IsExclusivelySoldInLuxembourg": false,
    "OrderUnit": "P",
    "ShortName": "D.E. MOKA PADS 32ST",
    "IsNew": false,
    "RecentQuanityOfStockUnits": "10,1,2,10",
    "LongName": "DOUWE EGBERTS moka pads 32st",
    "AlcoholVolume": "0",
    "FicCode": "E"
  },
  {
    "productId": "282352",
    "technicalArticleNumber": "3666486",
    "commercialArticleNumber": "21846",
    "name": "Ginger Beer",
    "description": "*Premium mixer\n*Smaak: gember\n*Alcoholvrij",
    "brand": "FEVER-TREE",
    "seoBrand": "Fever-Tree",
    "thumbNail": "https://static.colruytgroup.com/images/200x200/std.lang.all/43/74/asset-1184374.jpg",
    "fullImage": "https://static.colruytgroup.com/images/500x500/std.lang.all/43/74/asset-1184374.jpg",
    "squareImage": "https://static.colruytgroup.com/images/500x500sq/std.lang.all/43/74/asset-1184374.jpg",
    "content": "4x20cl",
    "walkRouteSequenceNumber": 989,
    "price": {
      "basicPrice": 5.49,
      "recommendedQuantity": "1.0",
      "measurementUnitPrice": 6.87,
      "measurementUnit": "L",
      "isRedPrice": false,
      "pricePerUOM": 6.87,
      "activationDate": "20-02-2024",
      "recordSource": "Offline",
      "isPromoActive": "N",
      "priceChangeCode": "E"
    },
    "isAvailable": true,
    "isPriceAvailable": true,
    "inPromo": false,
    "gtin": [
      "05060108450379",
      "05060108450348",
      "05060108450355"
    ],
    "topCategoryName": "Dranken",
    "topCategoryId": "354",
    "businessDomain": "RETAIL_BE",
    "IsPrivateLabel": false,
    "IsBiffe": false,
    "WeightconversionFactor": "0",
    "IsWeightArticle": false,
    "nutriscoreLabel": "E",
    "IsBio": false,
    "CountryOfOrigin": "VERENIGD KONINKRIJK",
    "IsExclusivelySoldInLuxembourg": false,
    "OrderUnit": "P",
    "ShortName": "FEVT GINGER BEER4X200ML",
    "IsNew": false,
    "RecentQuanityOfStockUnits": "6,1",
    "LongName": "FEVER-TREE Ginger Beer 4x20cl",
    "AlcoholVolume": "0",
    "FicCode": "E"
  },
  {
    "productId": "861199",
    "technicalArticleNumber": "4712304",
    "commercialArticleNumber": "20273",
    "name": "Ace Drink",
    "description": "*Multivruchtensap\n*Uit sapconcentraat\n*Met 30 % vruchten\n*Zonder pulp",
    "brand": "BONI",
    "seoBrand": "Boni Selection",
    "thumbNail": "https://static.colruytgroup.com/images/200x200/std.lang.all/09/66/asset-3360966.jpg",
    "fullImage": "https://static.colruytgroup.com/images/500x500/std.lang.all/09/66/asset-3360966.jpg",
    "squareImage": "https://static.colruytgroup.com/images/500x500sq/std.lang.all/09/66/asset-3360966.jpg",
    "content": "50cl",
    "walkRouteSequenceNumber": 4744,
    "price": {
      "basicPrice": 0.97,
      "recommendedQuantity": "6.0",
      "quantityPrice": 0.89,
      "quantityPriceQuantity": "24.0",
      "measurementUnitPrice": 1.94,
      "measurementUnitQuantityPrice": 1.78,
      "measurementUnit": "L",
      "isRedPrice": false,
      "pricePerUOM": 1.94,
      "activationDate": "14-03-2024",
      "isPromoActive": "N",
      "priceChangeCode": "H",
      "quantityPricePerUOM": 1.78,
      "quantityActivationDate": "14-03-2024",
      "quantityPriceChangeCode": "H"
    },
    "isAvailable": true,
    "isPriceAvailable": true,
    "inPromo": false,
    "gtin": [
      "25400141454905",
      "15400141454908",
      "05400141454901"
    ],
    "topCategoryName": "Dranken",
    "topCategoryId": "354",
    "businessDomain": "RETAIL_BE",
    "IsPrivateLabel": true,
    "IsBiffe": false,
    "WeightconversionFactor": "0",
    "IsWeightArticle": false,
    "nutriscoreLabel": "B",
    "IsBio": false,
    "CountryOfOrigin": "BELGIË",
    "IsExclusivelySoldInLuxembourg": false,
    "OrderUnit": "P",
    "ShortName": "BONI ACE DRINK 50CL",
    "IsNew": false,
    "EcoscoreLabel": "C",
    "RecentQuanityOfStockUnits": "6,24,1",
    "LongName": "BONI Ace Drink 50cl",
    "AlcoholVolume": "0",
    "FicCode": "I",
    "EcoscoreValue": "52"
  },
  {
    "productId": "23852",
    "technicalArticleNumber": "2239719",
    "commercialArticleNumber": "3913",
    "name": "sojadrank zonder toe.suikers",
    "description": "*Plantaardig\n*Met toegevoegde\nvitamines\n*Zonder toegevoegde\nsuikers",
    "brand": "BONI BIO",
    "seoBrand": "Boni Selection Bio",
    "thumbNail": "https://static.colruytgroup.com/images/200x200/std.lang.all/55/70/asset-3275570.jpg",
    "fullImage": "https://static.colruytgroup.com/images/500x500/std.lang.all/55/70/asset-3275570.jpg",
    "squareImage": "https://static.colruytgroup.com/images/500x500sq/std.lang.all/55/70/asset-3275570.jpg",
    "content": "1L",
    "walkRouteSequenceNumber": 6280,
    "price": {
      "basicPrice": 0.85,
      "recommendedQuantity": "1.0",
      "measurementUnitPrice": 0.85,
      "measurementUnit": "L",
      "isRedPrice": false,
      "pricePerUOM": 0.85,
      "activationDate": "19-03-2024",
      "recordSource": "Offline",
      "isPromoActive": "N",
      "priceChangeCode": "L"
    },
    "isAvailable": true,
    "isPriceAvailable": true,
    "inPromo": false,
    "gtin": [
      "05400141912272",
      "15400141912279",
      "15400141820970",
      "05400141332513",
      "05400141379488",
      "15400141332510",
      "05400141601732",
      "05400141469592",
      "15400141469599"
    ],
    "topCategoryName": "Zuivel",
    "topCategoryId": "65",
    "businessDomain": "RETAIL_BE",
    "IsPrivateLabel": true,
    "IsBiffe": false,
    "WeightconversionFactor": "0",
    "IsWeightArticle": false,
    "nutriscoreLabel": "B",
    "IsBio": true,
    "CountryOfOrigin": "SPANJE",
    "IsExclusivelySoldInLuxembourg": false,
    "OrderUnit": "P",
    "ShortName": "BONI BIO SOJADR.Z.T.S1L",
    "InSeason": true,
    "IsNew": false,
    "EcoscoreLabel": "A",
    "RecentQuanityOfStockUnits": "12,1",
    "LongName": "BONI BIO sojadrank zonder toe.suikers 1L",
    "AlcoholVolume": "0",
    "StartSeasonDate": "13/04/2022",
    "FicCode": "I",
    "EcoscoreValue": "100"
  },
  {
    "productId": "318333",
    "technicalArticleNumber": "3774261",
    "commercialArticleNumber": "16030",
    "name": "Caps Latte macchiato RFA",
    "description": "*Vol\n*Capsules",
    "brand": "BONI",
    "seoBrand": "Boni Selection",
    "thumbNail": "https://static.colruytgroup.com/images/200x200/std.lang.all/75/04/asset-3247504.jpg",
    "fullImage": "https://static.colruytgroup.com/images/500x500/std.lang.all/75/04/asset-3247504.jpg",
    "squareImage": "https://static.colruytgroup.com/images/500x500sq/std.lang.all/75/04/asset-3247504.jpg",
    "content": "16st",
    "walkRouteSequenceNumber": 1104,
    "price": {
      "basicPrice": 2.99,
      "recommendedQuantity": "1.0",
      "measurementUnitPrice": 16.25,
      "measurementUnit": "K",
      "isRedPrice": false,
      "pricePerUOM": 16.25,
      "activationDate": "23-01-2024",
      "recordSource": "Offline",
      "isPromoActive": "N",
      "priceChangeCode": "E"
    },
    "isAvailable": true,
    "isPriceAvailable": true,
    "inPromo": false,
    "gtin": [
      "05400141207057",
      "05400141421071",
      "35400141104586",
      "15400141421078"
    ],
    "topCategoryName": "Dranken",
    "topCategoryId": "354",
    "businessDomain": "RETAIL_BE",
    "IsPrivateLabel": true,
    "IsBiffe": false,
    "WeightconversionFactor": "0",
    "IsWeightArticle": false,
    "nutriscoreLabel": "D",
    "IsBio": false,
    "CountryOfOrigin": "BELGIË",
    "IsExclusivelySoldInLuxembourg": false,
    "OrderUnit": "P",
    "ShortName": "BONI LATTE RFA 16CAPS",
    "InSeason": true,
    "IsNew": false,
    "EcoscoreLabel": "B",
    "RecentQuanityOfStockUnits": "1,6",
    "LongName": "BONI Caps Latte macchiato RFA 16st",
    "AlcoholVolume": "0",
    "StartSeasonDate": "13/07/2018",
    "FicCode": "I",
    "EcoscoreValue": "77"
  },
  {
    "productId": "1771",
    "technicalArticleNumber": "22801",
    "commercialArticleNumber": "22801",
    "name": "instant cacaopoeder",
    "brand": "HOTCEMEL",
    "seoBrand": "Hotcemel",
    "thumbNail": "https://static.colruytgroup.com/images/200x200/std.lang.all/21/53/asset-1392153.jpg",
    "fullImage": "https://static.colruytgroup.com/images/500x500/std.lang.all/21/53/asset-1392153.jpg",
    "squareImage": "https://static.colruytgroup.com/images/500x500sq/std.lang.all/21/53/asset-1392153.jpg",
    "content": "30g",
    "walkRouteSequenceNumber": 1275,
    "price": {
      "basicPrice": 0.77,
      "recommendedQuantity": "25.0",
      "measurementUnitPrice": 25.67,
      "measurementUnit": "K",
      "isRedPrice": false,
      "pricePerUOM": 25.67,
      "activationDate": "28-02-2024",
      "recordSource": "Offline",
      "isPromoActive": "N",
      "priceChangeCode": "E"
    },
    "isAvailable": true,
    "isPriceAvailable": true,
    "inPromo": false,
    "gtin": [
      "05414150510022",
      "05414150610029",
      "05414150618216"
    ],
    "topCategoryName": "Dranken",
    "topCategoryId": "354",
    "businessDomain": "RETAIL_BE",
    "IsPrivateLabel": false,
    "IsBiffe": false,
    "WeightconversionFactor": "0",
    "IsWeightArticle": false,
    "nutriscoreLabel": "E",
    "IsBio": false,
    "CountryOfOrigin": "NEDERLAND",
    "IsExclusivelySoldInLuxembourg": false,
    "OrderUnit": "P",
    "ShortName": "HOTCEMEL INST CHOCO 30G",
    "IsNew": false,
    "EcoscoreLabel": "C",
    "RecentQuanityOfStockUnits": "25,1,200",
    "LongName": "HOTCEMEL instant cacaopoeder 30g",
    "AlcoholVolume": "0",
    "FicCode": "E",
    "EcoscoreValue": "44"
  },
  {
    "productId": "339465",
    "technicalArticleNumber": "3832705",
    "commercialArticleNumber": "15896",
    "name": "0,0% pils",
    "description": "*Alcoholvrij bier\n*0,0 % vol",
    "brand": "CARLSBERG",
    "seoBrand": "Carlsberg",
    "thumbNail": "https://static.colruytgroup.com/images/200x200/std.lang.all/39/62/asset-3003962.jpg",
    "fullImage": "https://static.colruytgroup.com/images/500x500/std.lang.all/39/62/asset-3003962.jpg",
    "squareImage": "https://static.colruytgroup.com/images/500x500sq/std.lang.all/39/62/asset-3003962.jpg",
    "content": "4x25cl",
    "walkRouteSequenceNumber": 3845,
    "price": {
      "basicPrice": 3.6,
      "recommendedQuantity": "1.0",
      "measurementUnitPrice": 3.6,
      "measurementUnit": "L",
      "isRedPrice": false,
      "pricePerUOM": 3.6,
      "activationDate": "24-02-2024",
      "recordSource": "Online",
      "isPromoActive": "N",
      "priceChangeCode": "H"
    },
    "isAvailable": true,
    "isPriceAvailable": true,
    "inPromo": false,
    "gtin": [
      "05425010363979",
      "04101010011508",
      "03080216050447",
      "03080216050867",
      "03080216050874",
      "05425010363962"
    ],
    "topCategoryName": "Dranken",
    "topCategoryId": "354",
    "businessDomain": "RETAIL_BE",
    "IsPrivateLabel": false,
    "IsBiffe": false,
    "WeightconversionFactor": "0",
    "IsWeightArticle": false,
    "nutriscoreLabel": "B",
    "IsBio": false,
    "CountryOfOrigin": "FRANKRIJK",
    "IsExclusivelySoldInLuxembourg": false,
    "OrderUnit": "P",
    "ShortName": "CARL 0.0% PILS 4X25CL",
    "IsNew": false,
    "EcoscoreLabel": "C",
    "RecentQuanityOfStockUnits": "6,1",
    "LongName": "CARLSBERG 0,0% pils 4x25cl",
    "AlcoholVolume": "0",
    "FicCode": "E",
    "DepositValue": [
      0.4
    ],
    "EcoscoreValue": "54"
  },
  {
    "productId": "460",
    "technicalArticleNumber": "5236",
    "commercialArticleNumber": "5236",
    "name": "trappist tripel 8%",
    "description": "*Trappistenbier\n*Tripel\n*8 % vol\n*Nagisting op fles",
    "brand": "CHIMAY",
    "seoBrand": "Chimay",
    "thumbNail": "https://static.colruytgroup.com/images/200x200/std.lang.all/95/32/asset-3379532.jpg",
    "fullImage": "https://static.colruytgroup.com/images/500x500/std.lang.all/95/32/asset-3379532.jpg",
    "squareImage": "https://static.colruytgroup.com/images/500x500sq/std.lang.all/95/32/asset-3379532.jpg",
    "content": "6x33cl",
    "walkRouteSequenceNumber": 3639,
    "price": {
      "basicPrice": 8.94,
      "recommendedQuantity": "1.0",
      "measurementUnitPrice": 4.52,
      "measurementUnit": "L",
      "isRedPrice": false,
      "pricePerUOM": 4.52,
      "activationDate": "29-02-2024",
      "recordSource": "Offline",
      "isPromoActive": "N",
      "priceChangeCode": "E"
    },
    "isAvailable": true,
    "isPriceAvailable": true,
    "inPromo": false,
    "gtin": [
      "05400141202557",
      "00000025052367",
      "05400141052367",
      "05410908000029"
    ],
    "topCategoryName": "Dranken",
    "topCategoryId": "354",
    "businessDomain": "RETAIL_BE",
    "IsPrivateLabel": false,
    "IsBiffe": false,
    "WeightconversionFactor": "0",
    "IsWeightArticle": false,
    "IsBio": false,
    "CountryOfOrigin": "BELGIË",
    "IsExclusivelySoldInLuxembourg": false,
    "OrderUnit": "P",
    "ShortName": "CHIM TRIPEL 8% 6X33CL",
    "IsNew": false,
    "EcoscoreLabel": "D",
    "RecentQuanityOfStockUnits": "1",
    "LongName": "CHIMAY trappist tripel 8% 6x33cl",
    "AlcoholVolume": "8",
    "FicCode": "E",
    "DepositValue": [
      0.6
    ],
    "EcoscoreValue": "37"
  },
  {
    "productId": "1440",
    "technicalArticleNumber": "19433",
    "commercialArticleNumber": "19433",
    "name": "Siroop Cassis",
    "description": "*Smaak: zwarte bes\n*1/8 siroop -\n7/8 water\n*30 % vruchtensap",
    "brand": "BONI",
    "seoBrand": "Boni Selection",
    "thumbNail": "https://static.colruytgroup.com/images/200x200/std.lang.all/66/17/asset-3026617.jpg",
    "fullImage": "https://static.colruytgroup.com/images/500x500/std.lang.all/66/17/asset-3026617.jpg",
    "squareImage": "https://static.colruytgroup.com/images/500x500sq/std.lang.all/66/17/asset-3026617.jpg",
    "content": "75cl",
    "walkRouteSequenceNumber": 4014,
    "price": {
      "basicPrice": 2.75,
      "recommendedQuantity": "1.0",
      "quantityPrice": 2.64,
      "quantityPriceQuantity": "6.0",
      "measurementUnitPrice": 3.67,
      "measurementUnitQuantityPrice": 3.52,
      "measurementUnit": "L",
      "isRedPrice": false,
      "pricePerUOM": 3.67,
      "activationDate": "12-03-2024",
      "recordSource": "Offline",
      "isPromoActive": "N",
      "priceChangeCode": "E",
      "quantityPricePerUOM": 3.52,
      "quantityActivationDate": "12-03-2024",
      "quantityPriceChangeCode": "H"
    },
    "isAvailable": true,
    "isPriceAvailable": true,
    "inPromo": false,
    "gtin": [
      "05400141393170",
      "15400141819936",
      "05400141290738",
      "15400141290735"
    ],
    "topCategoryName": "Dranken",
    "topCategoryId": "354",
    "businessDomain": "RETAIL_BE",
    "IsPrivateLabel": true,
    "IsBiffe": false,
    "WeightconversionFactor": "0",
    "IsWeightArticle": false,
    "nutriscoreLabel": "E",
    "IsBio": false,
    "CountryOfOrigin": "FRANKRIJK",
    "IsExclusivelySoldInLuxembourg": false,
    "OrderUnit": "P",
    "ShortName": "BONI CASSIS SIROOP 75CL",
    "IsNew": false,
    "EcoscoreLabel": "A",
    "RecentQuanityOfStockUnits": "6,1",
    "LongName": "BONI Siroop Cassis 75cl",
    "AlcoholVolume": "0",
    "FicCode": "I",
    "EcoscoreValue": "100"
  },
  {
    "productId": "451633",
    "technicalArticleNumber": "4021063",
    "commercialArticleNumber": "5148",
    "name": "grenadine limonade",
    "description": "*Bruisend",
    "brand": "BONI",
    "seoBrand": "Boni Selection",
    "thumbNail": "https://static.colruytgroup.com/images/200x200/std.lang.all/62/02/asset-1746202.jpg",
    "fullImage": "https://static.colruytgroup.com/images/500x500/std.lang.all/62/02/asset-1746202.jpg",
    "squareImage": "https://static.colruytgroup.com/images/500x500sq/std.lang.all/62/02/asset-1746202.jpg",
    "content": "1,5L",
    "walkRouteSequenceNumber": 4247,
    "price": {
      "basicPrice": 0.99,
      "recommendedQuantity": "6.0",
      "measurementUnitPrice": 0.66,
      "measurementUnit": "L",
      "isRedPrice": false,
      "pricePerUOM": 0.66,
      "activationDate": "27-02-2024",
      "recordSource": "Offline",
      "isPromoActive": "N",
      "priceChangeCode": "H"
    },
    "isAvailable": true,
    "isPriceAvailable": true,
    "inPromo": false,
    "gtin": [
      "25400141239755",
      "15400141239758",
      "05400141239751"
    ],
    "topCategoryName": "Dranken",
    "topCategoryId": "354",
    "businessDomain": "RETAIL_BE",
    "IsPrivateLabel": true,
    "IsBiffe": false,
    "WeightconversionFactor": "0",
    "IsWeightArticle": false,
    "nutriscoreLabel": "D",
    "IsBio": false,
    "CountryOfOrigin": "BELGIË",
    "IsExclusivelySoldInLuxembourg": false,
    "OrderUnit": "P",
    "ShortName": "BONI GRENADINE LIMO1.5L",
    "IsNew": false,
    "RecentQuanityOfStockUnits": "1,6",
    "LongName": "BONI grenadine limonade 1,5L",
    "FicCode": "I"
  },
  {
    "productId": "153677",
    "technicalArticleNumber": "3251499",
    "commercialArticleNumber": "8750",
    "name": "sojadrink rode vruchten",
    "description": "*België\n*Plantaardig,\nlactosevrij",
    "brand": "ALPRO",
    "seoBrand": "Alpro",
    "thumbNail": "https://static.colruytgroup.com/images/200x200/std.lang.all/22/64/asset-3392264.jpg",
    "fullImage": "https://static.colruytgroup.com/images/500x500/std.lang.all/22/64/asset-3392264.jpg",
    "squareImage": "https://static.colruytgroup.com/images/500x500sq/std.lang.all/22/64/asset-3392264.jpg",
    "content": "1L",
    "walkRouteSequenceNumber": 6311,
    "price": {
      "basicPrice": 1.99,
      "recommendedQuantity": "1.0",
      "measurementUnitPrice": 1.99,
      "measurementUnit": "L",
      "isRedPrice": false,
      "pricePerUOM": 1.99,
      "activationDate": "19-03-2024",
      "recordSource": "Offline",
      "isPromoActive": "N",
      "priceChangeCode": "E"
    },
    "isAvailable": true,
    "isPriceAvailable": true,
    "inPromo": false,
    "gtin": [
      "05411188116851",
      "05411188116844",
      "05411188122197",
      "05411188129417",
      "05411188129424"
    ],
    "topCategoryName": "Zuivel",
    "topCategoryId": "65",
    "businessDomain": "RETAIL_BE",
    "IsPrivateLabel": false,
    "IsBiffe": false,
    "WeightconversionFactor": "0",
    "IsWeightArticle": false,
    "nutriscoreLabel": "B",
    "IsBio": false,
    "CountryOfOrigin": "BELGIË",
    "IsExclusivelySoldInLuxembourg": false,
    "OrderUnit": "P",
    "ShortName": "ALPR DRINK RODE VRUCH1L",
    "IsNew": false,
    "EcoscoreLabel": "A",
    "RecentQuanityOfStockUnits": "1,8",
    "LongName": "ALPRO sojadrink rode vruchten 1L",
    "AlcoholVolume": "0",
    "FicCode": "E",
    "EcoscoreValue": "82"
  },
  {
    "productId": "232243",
    "technicalArticleNumber": "3579393",
    "commercialArticleNumber": "16782",
    "name": "Vodka Red 18,0%",
    "description": "*Vodka\n*Basis voor cocktail\n*18 % vol",
    "brand": "ERISTOFF",
    "seoBrand": "Eristoff Red",
    "thumbNail": "https://static.colruytgroup.com/images/200x200/std.lang.all/43/85/asset-1964385.jpg",
    "fullImage": "https://static.colruytgroup.com/images/500x500/std.lang.all/43/85/asset-1964385.jpg",
    "squareImage": "https://static.colruytgroup.com/images/500x500sq/std.lang.all/43/85/asset-1964385.jpg",
    "content": "70cl",
    "walkRouteSequenceNumber": 835,
    "price": {
      "basicPrice": 13.99,
      "recommendedQuantity": "1.0",
      "measurementUnitPrice": 19.99,
      "measurementUnit": "L",
      "isRedPrice": false,
      "pricePerUOM": 19.99,
      "activationDate": "23-03-2024",
      "recordSource": "Offline",
      "isPromoActive": "N",
      "priceChangeCode": "L"
    },
    "isAvailable": true,
    "isPriceAvailable": true,
    "inPromo": false,
    "gtin": [
      "05010677801287",
      "05010677801607",
      "07610113009253",
      "05410098612644",
      "07610113005705",
      "05010677801768"
    ],
    "topCategoryName": "Dranken",
    "topCategoryId": "354",
    "businessDomain": "RETAIL_BE",
    "IsPrivateLabel": false,
    "IsBiffe": false,
    "WeightconversionFactor": "0",
    "IsWeightArticle": false,
    "IsBio": false,
    "CountryOfOrigin": "FRANKRIJK",
    "IsExclusivelySoldInLuxembourg": false,
    "OrderUnit": "P",
    "ShortName": "ERISTOFF RED 18% 70CL",
    "IsNew": false,
    "EcoscoreLabel": "D",
    "RecentQuanityOfStockUnits": "6,1",
    "LongName": "ERISTOFF Vodka Red 18,0% 70cl",
    "AlcoholVolume": "18",
    "FicCode": "E",
    "EcoscoreValue": "38"
  },
  {
    "productId": "868673",
    "technicalArticleNumber": "4721947",
    "commercialArticleNumber": "16520",
    "name": "Zero Sugar Energ.Ultra Rosa",
    "description": "*Energiedrank\n*Taurine/cafeïne\n*Met zoetstoffen",
    "brand": "MONSTER",
    "seoBrand": "Monster",
    "thumbNail": "https://static.colruytgroup.com/images/200x200/std.lang.all/51/89/asset-3205189.jpg",
    "fullImage": "https://static.colruytgroup.com/images/500x500/std.lang.all/51/89/asset-3205189.jpg",
    "squareImage": "https://static.colruytgroup.com/images/500x500sq/std.lang.all/51/89/asset-3205189.jpg",
    "content": "50cl",
    "walkRouteSequenceNumber": 4679,
    "price": {
      "basicPrice": 1.7,
      "recommendedQuantity": "1.0",
      "quantityPrice": 1.63,
      "quantityPriceQuantity": "24.0",
      "measurementUnitPrice": 3.4,
      "measurementUnitQuantityPrice": 3.26,
      "measurementUnit": "L",
      "isRedPrice": false,
      "pricePerUOM": 3.4,
      "activationDate": "17-02-2024",
      "recordSource": "Online",
      "isPromoActive": "N",
      "priceChangeCode": "E",
      "quantityPricePerUOM": 3.26,
      "quantityActivationDate": "17-02-2024",
      "quantityPriceChangeCode": "E"
    },
    "isAvailable": true,
    "isPriceAvailable": true,
    "inPromo": false,
    "gtin": [
      "05060947541313",
      "05060947541306"
    ],
    "topCategoryName": "Dranken",
    "topCategoryId": "354",
    "businessDomain": "RETAIL_BE",
    "IsPrivateLabel": false,
    "IsBiffe": false,
    "WeightconversionFactor": "0",
    "IsWeightArticle": false,
    "nutriscoreLabel": "C",
    "IsBio": false,
    "CountryOfOrigin": "BELGIË",
    "IsExclusivelySoldInLuxembourg": false,
    "OrderUnit": "P",
    "ShortName": "MONS ZS ULTRA ROSA 50CL",
    "IsNew": false,
    "RecentQuanityOfStockUnits": "1,24",
    "LongName": "MONSTER Zero Sugar Energ.Ultra Rosa 50cl",
    "AlcoholVolume": "0",
    "FicCode": "E"
  },
  {
    "productId": "25860",
    "technicalArticleNumber": "2222643",
    "commercialArticleNumber": "1122",
    "name": "Ice-Break Fit citroen",
    "description": "*Smaak: citroen\n*Bruisend\n*Met zoetstoffen",
    "brand": "TÖNISSTEINER",
    "seoBrand": "Tönissteiner",
    "thumbNail": "https://static.colruytgroup.com/images/200x200/std.lang.all/91/93/asset-1549193.jpg",
    "fullImage": "https://static.colruytgroup.com/images/500x500/std.lang.all/91/93/asset-1549193.jpg",
    "squareImage": "https://static.colruytgroup.com/images/500x500sq/std.lang.all/91/93/asset-1549193.jpg",
    "content": "33cl",
    "walkRouteSequenceNumber": 4297,
    "price": {
      "basicPrice": 1.05,
      "recommendedQuantity": "6.0",
      "quantityPrice": 1.01,
      "quantityPriceQuantity": "24.0",
      "measurementUnitPrice": 3.19,
      "measurementUnitQuantityPrice": 3.07,
      "measurementUnit": "L",
      "isRedPrice": false,
      "pricePerUOM": 3.19,
      "activationDate": "23-03-2024",
      "recordSource": "Offline",
      "isPromoActive": "N",
      "priceChangeCode": "H",
      "quantityPricePerUOM": 3.07,
      "quantityActivationDate": "23-03-2024",
      "quantityPriceChangeCode": "H"
    },
    "isAvailable": true,
    "isPriceAvailable": true,
    "inPromo": false,
    "gtin": [
      "04002968231676",
      "04002968032679",
      "04002968031672"
    ],
    "topCategoryName": "Dranken",
    "topCategoryId": "354",
    "businessDomain": "RETAIL_BE",
    "IsPrivateLabel": false,
    "IsBiffe": false,
    "WeightconversionFactor": "0",
    "IsWeightArticle": false,
    "nutriscoreLabel": "B",
    "IsBio": false,
    "CountryOfOrigin": "BELGIË",
    "IsExclusivelySoldInLuxembourg": false,
    "OrderUnit": "P",
    "ShortName": "TONI ICE BREAK FITT 33C",
    "InSeason": true,
    "IsNew": false,
    "RecentQuanityOfStockUnits": "6,24,1",
    "LongName": "TÖNISSTEINER Ice-Break Fit citroen 33cl",
    "AlcoholVolume": "0",
    "StartSeasonDate": "04/12/2009",
    "FicCode": "E"
  },
  {
    "productId": "1320",
    "technicalArticleNumber": "18047",
    "commercialArticleNumber": "18047",
    "name": "whisky 40,0%",
    "description": "*Scotch blend.whisky\n*Schotland",
    "brand": "WILLIAM LAWSON'S",
    "seoBrand": "William Lawson's",
    "thumbNail": "https://static.colruytgroup.com/images/200x200/std.lang.all/84/25/asset-1898425.jpg",
    "fullImage": "https://static.colruytgroup.com/images/500x500/std.lang.all/84/25/asset-1898425.jpg",
    "squareImage": "https://static.colruytgroup.com/images/500x500sq/std.lang.all/84/25/asset-1898425.jpg",
    "content": "70cl",
    "walkRouteSequenceNumber": 970,
    "price": {
      "basicPrice": 16.45,
      "recommendedQuantity": "1.0",
      "measurementUnitPrice": 23.5,
      "measurementUnit": "L",
      "isRedPrice": false,
      "pricePerUOM": 23.5,
      "activationDate": "29-02-2024",
      "recordSource": "Offline",
      "isPromoActive": "N",
      "priceChangeCode": "E"
    },
    "isAvailable": true,
    "isPriceAvailable": true,
    "inPromo": false,
    "gtin": [
      "05010752000307",
      "05010752001038",
      "05010752001045",
      "05410098608708",
      "05410098615423",
      "07640171036311"
    ],
    "topCategoryName": "Dranken",
    "topCategoryId": "354",
    "businessDomain": "RETAIL_BE",
    "IsPrivateLabel": false,
    "IsBiffe": false,
    "WeightconversionFactor": "0",
    "IsWeightArticle": false,
    "IsBio": false,
    "CountryOfOrigin": "VERENIGD KONINKRIJK",
    "IsExclusivelySoldInLuxembourg": false,
    "OrderUnit": "P",
    "ShortName": "WHISK W LAWSON 40% 70CL",
    "IsNew": false,
    "EcoscoreLabel": "D",
    "RecentQuanityOfStockUnits": "1,12",
    "LongName": "WILLIAM LAWSON'S whisky 40,0% 70cl",
    "AlcoholVolume": "40",
    "FicCode": "E",
    "EcoscoreValue": "38"
  },
  {
    "productId": "182823",
    "technicalArticleNumber": "3376753",
    "commercialArticleNumber": "2694",
    "name": "Green tea raspb-pomegr",
    "brand": "LIPTON",
    "seoBrand": "Lipton",
    "thumbNail": "https://static.colruytgroup.com/images/200x200/std.lang.all/18/59/asset-1481859.jpg",
    "fullImage": "https://static.colruytgroup.com/images/500x500/std.lang.all/18/59/asset-1481859.jpg",
    "squareImage": "https://static.colruytgroup.com/images/500x500sq/std.lang.all/18/59/asset-1481859.jpg",
    "content": "20st",
    "walkRouteSequenceNumber": 1262,
    "price": {
      "basicPrice": 1.99,
      "recommendedQuantity": "1.0",
      "measurementUnitPrice": 71.08,
      "measurementUnit": "K",
      "isRedPrice": false,
      "pricePerUOM": 71.08,
      "activationDate": "11-03-2024",
      "recordSource": "Offline",
      "isPromoActive": "N",
      "priceChangeCode": "H"
    },
    "isAvailable": true,
    "isPriceAvailable": true,
    "inPromo": false,
    "gtin": [
      "08712100960789",
      "08712100620676",
      "08711327514638",
      "08711327514409"
    ],
    "topCategoryName": "Dranken",
    "topCategoryId": "354",
    "businessDomain": "RETAIL_BE",
    "IsPrivateLabel": false,
    "IsBiffe": false,
    "WeightconversionFactor": "0",
    "IsWeightArticle": false,
    "nutriscoreLabel": "B",
    "IsBio": false,
    "CountryOfOrigin": "POLEN",
    "IsExclusivelySoldInLuxembourg": false,
    "OrderUnit": "P",
    "ShortName": "LIPT G.T. RASP-POMEG20S",
    "IsNew": false,
    "EcoscoreLabel": "B",
    "RecentQuanityOfStockUnits": "1,4",
    "LongName": "LIPTON Green tea raspb-pomegr 20st",
    "AlcoholVolume": "0",
    "FicCode": "E",
    "EcoscoreValue": "79"
  },
  {
    "productId": "28477",
    "technicalArticleNumber": "2175809",
    "commercialArticleNumber": "36014",
    "name": "sojadrink macchiato",
    "description": "*België\n*Plantaardig,\nlactosevrij",
    "brand": "ALPRO",
    "seoBrand": "Alpro",
    "thumbNail": "https://static.colruytgroup.com/images/200x200/std.lang.all/22/63/asset-3392263.jpg",
    "fullImage": "https://static.colruytgroup.com/images/500x500/std.lang.all/22/63/asset-3392263.jpg",
    "squareImage": "https://static.colruytgroup.com/images/500x500sq/std.lang.all/22/63/asset-3392263.jpg",
    "content": "1L",
    "walkRouteSequenceNumber": 6310,
    "price": {
      "basicPrice": 2.19,
      "recommendedQuantity": "4.0",
      "measurementUnitPrice": 2.19,
      "measurementUnit": "L",
      "isRedPrice": false,
      "pricePerUOM": 2.19,
      "activationDate": "19-03-2024",
      "recordSource": "Offline",
      "isPromoActive": "N",
      "priceChangeCode": "E"
    },
    "isAvailable": true,
    "isPriceAvailable": true,
    "inPromo": false,
    "gtin": [
      "75400141312828",
      "05411188116882",
      "05411188116899"
    ],
    "topCategoryName": "Zuivel",
    "topCategoryId": "65",
    "businessDomain": "RETAIL_BE",
    "IsPrivateLabel": false,
    "IsBiffe": false,
    "WeightconversionFactor": "0",
    "IsWeightArticle": false,
    "nutriscoreLabel": "B",
    "IsBio": false,
    "CountryOfOrigin": "BELGIË",
    "IsExclusivelySoldInLuxembourg": false,
    "OrderUnit": "P",
    "ShortName": "ALPRO MACCHIATO 1L",
    "IsNew": false,
    "EcoscoreLabel": "A",
    "RecentQuanityOfStockUnits": "8,4,1",
    "LongName": "ALPRO sojadrink macchiato 1L",
    "AlcoholVolume": "0",
    "FicCode": "E",
    "EcoscoreValue": "83"
  },
  {
    "productId": "301177",
    "technicalArticleNumber": "3712536",
    "commercialArticleNumber": "19857",
    "name": "Lungo 6 décafé caps",
    "description": "*Caps\n*Cafeïnevrij",
    "brand": "DOUWE EGBERTS",
    "seoBrand": "Douwe Egberts",
    "thumbNail": "https://static.colruytgroup.com/images/200x200/std.lang.all/16/21/asset-1731621.jpg",
    "fullImage": "https://static.colruytgroup.com/images/500x500/std.lang.all/16/21/asset-1731621.jpg",
    "squareImage": "https://static.colruytgroup.com/images/500x500sq/std.lang.all/16/21/asset-1731621.jpg",
    "content": "20st",
    "walkRouteSequenceNumber": 1059,
    "price": {
      "basicPrice": 4.84,
      "recommendedQuantity": "1.0",
      "measurementUnitPrice": 46.54,
      "measurementUnit": "K",
      "isRedPrice": false,
      "pricePerUOM": 46.54,
      "activationDate": "11-03-2024",
      "recordSource": "Offline",
      "isPromoActive": "N",
      "priceChangeCode": "E"
    },
    "isAvailable": true,
    "isPriceAvailable": true,
    "inPromo": false,
    "gtin": [
      "08711000371275",
      "08711000372883"
    ],
    "topCategoryName": "Dranken",
    "topCategoryId": "354",
    "businessDomain": "RETAIL_BE",
    "IsPrivateLabel": false,
    "IsBiffe": false,
    "WeightconversionFactor": "0",
    "IsWeightArticle": false,
    "nutriscoreLabel": "B",
    "IsBio": false,
    "CountryOfOrigin": "FRANKRIJK",
    "IsExclusivelySoldInLuxembourg": false,
    "OrderUnit": "P",
    "ShortName": "D.E. LUNGO DECAFE 20C",
    "IsNew": false,
    "RecentQuanityOfStockUnits": "1",
    "LongName": "DOUWE EGBERTS Lungo 6 décafé caps 20st",
    "AlcoholVolume": "0",
    "FicCode": "E"
  },
  {
    "productId": "215181",
    "technicalArticleNumber": "3477040",
    "commercialArticleNumber": "15707",
    "name": "thee rozenbottel infusion",
    "description": "*Instant thee",
    "brand": "BONI",
    "seoBrand": "Boni Selection",
    "thumbNail": "https://static.colruytgroup.com/images/200x200/std.lang.all/13/85/asset-2191385.jpg",
    "fullImage": "https://static.colruytgroup.com/images/500x500/std.lang.all/13/85/asset-2191385.jpg",
    "squareImage": "https://static.colruytgroup.com/images/500x500sq/std.lang.all/13/85/asset-2191385.jpg",
    "content": "25st",
    "walkRouteSequenceNumber": 1256,
    "price": {
      "basicPrice": 1.49,
      "recommendedQuantity": "1.0",
      "measurementUnitPrice": 24.04,
      "measurementUnit": "K",
      "isRedPrice": false,
      "pricePerUOM": 24.04,
      "activationDate": "06-03-2024",
      "recordSource": "Offline",
      "isPromoActive": "N",
      "priceChangeCode": "H"
    },
    "isAvailable": true,
    "isPriceAvailable": true,
    "inPromo": false,
    "gtin": [
      "15400141820505",
      "05400141391688",
      "05400141393026",
      "15400141391685"
    ],
    "topCategoryName": "Dranken",
    "topCategoryId": "354",
    "businessDomain": "RETAIL_BE",
    "IsPrivateLabel": true,
    "IsBiffe": false,
    "WeightconversionFactor": "0",
    "IsWeightArticle": false,
    "nutriscoreLabel": "B",
    "IsBio": false,
    "CountryOfOrigin": "INDIA",
    "IsExclusivelySoldInLuxembourg": false,
    "OrderUnit": "P",
    "ShortName": "BONI ROSESHIP 25X2.5G",
    "IsNew": false,
    "EcoscoreLabel": "A",
    "RecentQuanityOfStockUnits": "1,10",
    "LongName": "BONI thee rozenbottel infusion 25st",
    "AlcoholVolume": "0",
    "FicCode": "I",
    "EcoscoreValue": "100"
  },
  {
    "productId": "778681",
    "technicalArticleNumber": "4572321",
    "commercialArticleNumber": "28547",
    "name": "niet-br.Strawber-Waterm.",
    "description": "*Limonade\n*Niet-bruisend\n*Aardbei-watermeloen\n*Met suiker en\nzoetstoffen",
    "brand": "SPA FRUIT",
    "seoBrand": "Spa Fruit",
    "thumbNail": "https://static.colruytgroup.com/images/200x200/std.lang.all/83/81/asset-2818381.jpg",
    "fullImage": "https://static.colruytgroup.com/images/500x500/std.lang.all/83/81/asset-2818381.jpg",
    "squareImage": "https://static.colruytgroup.com/images/500x500sq/std.lang.all/83/81/asset-2818381.jpg",
    "content": "1,25L",
    "walkRouteSequenceNumber": 4065,
    "price": {
      "basicPrice": 2.02,
      "recommendedQuantity": "6.0",
      "measurementUnitPrice": 1.62,
      "measurementUnit": "L",
      "isRedPrice": false,
      "pricePerUOM": 1.62,
      "activationDate": "14-03-2024",
      "recordSource": "Offline",
      "isPromoActive": "N",
      "priceChangeCode": "H"
    },
    "isAvailable": true,
    "isPriceAvailable": true,
    "inPromo": false,
    "gtin": [
      "05410013801580",
      "05410013810018",
      "05410013810001"
    ],
    "topCategoryName": "Dranken",
    "topCategoryId": "354",
    "businessDomain": "RETAIL_BE",
    "IsPrivateLabel": false,
    "IsBiffe": false,
    "WeightconversionFactor": "0",
    "IsWeightArticle": false,
    "nutriscoreLabel": "C",
    "IsBio": false,
    "CountryOfOrigin": "BELGIË",
    "IsExclusivelySoldInLuxembourg": false,
    "OrderUnit": "P",
    "ShortName": "SPA FRUI NB STR-WAT1.25",
    "IsNew": false,
    "RecentQuanityOfStockUnits": "6,1",
    "LongName": "SPA FRUIT niet-br.Strawber-Waterm. 1,25L",
    "FicCode": "E"
  },
  {
    "productId": "630968",
    "technicalArticleNumber": "4316659",
    "commercialArticleNumber": "10857",
    "name": "Tropical",
    "description": "*Niet-bruisende\nlimonade",
    "brand": "OASIS",
    "seoBrand": "Oasis",
    "thumbNail": "https://static.colruytgroup.com/images/200x200/nl_be/01/66/asset-3270166.jpg",
    "fullImage": "https://static.colruytgroup.com/images/500x500/nl_be/01/66/asset-3270166.jpg",
    "squareImage": "https://static.colruytgroup.com/images/500x500sq/nl_be/01/66/asset-3270166.jpg",
    "content": "33cl",
    "walkRouteSequenceNumber": 4084,
    "price": {
      "basicPrice": 0.931,
      "recommendedQuantity": "6.0",
      "quantityPrice": 0.894,
      "quantityPriceQuantity": "24.0",
      "measurementUnitPrice": 2.83,
      "measurementUnitQuantityPrice": 2.71,
      "measurementUnit": "L",
      "isRedPrice": false,
      "pricePerUOM": 2.83,
      "activationDate": "20-03-2024",
      "recordSource": "Offline",
      "isPromoActive": "N",
      "priceChangeCode": "H",
      "quantityPricePerUOM": 2.71,
      "quantityActivationDate": "20-03-2024",
      "quantityPriceChangeCode": "H"
    },
    "isAvailable": true,
    "isPriceAvailable": true,
    "inPromo": false,
    "gtin": [
      "03124480186577",
      "03124488186579",
      "03124480186560"
    ],
    "topCategoryName": "Dranken",
    "topCategoryId": "354",
    "businessDomain": "RETAIL_BE",
    "IsPrivateLabel": false,
    "IsBiffe": false,
    "WeightconversionFactor": "0",
    "IsWeightArticle": false,
    "nutriscoreLabel": "D",
    "IsBio": false,
    "CountryOfOrigin": "FRANKRIJK",
    "IsExclusivelySoldInLuxembourg": false,
    "OrderUnit": "P",
    "ShortName": "OASI TROPICAL 33CL",
    "IsNew": false,
    "RecentQuanityOfStockUnits": "1,24,6",
    "LongName": "OASIS Tropical 33cl",
    "FicCode": "E"
  },
  {
    "productId": "44904",
    "technicalArticleNumber": "2439654",
    "commercialArticleNumber": "1961",
    "name": "Orange PET Balls",
    "description": "*Bruisende limonade\n*Smaak: sinaasappel",
    "brand": "FANTA",
    "seoBrand": "Fanta",
    "thumbNail": "https://static.colruytgroup.com/images/200x200/std.lang.all/37/67/asset-3283767.jpg",
    "fullImage": "https://static.colruytgroup.com/images/500x500/std.lang.all/37/67/asset-3283767.jpg",
    "squareImage": "https://static.colruytgroup.com/images/500x500sq/std.lang.all/37/67/asset-3283767.jpg",
    "content": "25cl",
    "walkRouteSequenceNumber": 1610,
    "price": {
      "basicPrice": 1.04,
      "recommendedQuantity": "6.0",
      "measurementUnitPrice": 4.16,
      "measurementUnit": "L",
      "isRedPrice": false,
      "pricePerUOM": 4.16,
      "activationDate": "23-12-2023",
      "recordSource": "Online",
      "isPromoActive": "N",
      "priceChangeCode": "H"
    },
    "isAvailable": true,
    "isPriceAvailable": true,
    "inPromo": false,
    "gtin": [
      "00000042116776",
      "05449000124050",
      "05449000123916"
    ],
    "topCategoryName": "Dranken",
    "topCategoryId": "354",
    "businessDomain": "RETAIL_BE",
    "IsPrivateLabel": false,
    "IsBiffe": false,
    "WeightconversionFactor": "0",
    "IsWeightArticle": false,
    "IsBio": false,
    "CountryOfOrigin": "BELGIË",
    "IsExclusivelySoldInLuxembourg": false,
    "OrderUnit": "P",
    "ShortName": "FANTA SIN BALL 25CL",
    "IsNew": false,
    "RecentQuanityOfStockUnits": "24,6,1",
    "LongName": "FANTA Orange PET Balls 25cl",
    "AlcoholVolume": "0",
    "FicCode": "E"
  },
  {
    "productId": "447",
    "technicalArticleNumber": "5183",
    "commercialArticleNumber": "5183",
    "name": "pils 5,2% blik",
    "description": "*Pilsbier\n*5,2 % vol",
    "brand": "MAES",
    "seoBrand": "Maes",
    "thumbNail": "https://static.colruytgroup.com/images/200x200/std.lang.all/35/17/asset-1273517.jpg",
    "fullImage": "https://static.colruytgroup.com/images/500x500/std.lang.all/35/17/asset-1273517.jpg",
    "squareImage": "https://static.colruytgroup.com/images/500x500sq/std.lang.all/35/17/asset-1273517.jpg",
    "content": "50cl",
    "walkRouteSequenceNumber": 3877,
    "price": {
      "basicPrice": 1.09,
      "recommendedQuantity": "8.0",
      "measurementUnitPrice": 2.18,
      "measurementUnit": "L",
      "isRedPrice": false,
      "pricePerUOM": 2.18,
      "activationDate": "06-03-2024",
      "recordSource": "Offline",
      "isPromoActive": "N",
      "priceChangeCode": "H"
    },
    "isAvailable": true,
    "isPriceAvailable": true,
    "inPromo": false,
    "gtin": [
      "05410263001297",
      "05410263006414",
      "05410263006421",
      "05410263916294",
      "05410263916300",
      "05410263924046",
      "05410263924053"
    ],
    "topCategoryName": "Dranken",
    "topCategoryId": "354",
    "businessDomain": "RETAIL_BE",
    "IsPrivateLabel": false,
    "IsBiffe": false,
    "WeightconversionFactor": "0",
    "IsWeightArticle": false,
    "IsBio": false,
    "CountryOfOrigin": "BELGIË",
    "IsExclusivelySoldInLuxembourg": false,
    "OrderUnit": "P",
    "ShortName": "MAES PILS BLIK 50CL",
    "IsNew": false,
    "EcoscoreLabel": "B",
    "RecentQuanityOfStockUnits": "8,1,24",
    "LongName": "MAES pils 5,2% blik 50cl",
    "AlcoholVolume": "5.2",
    "FicCode": "E",
    "EcoscoreValue": "68"
  },
  {
    "productId": "191699",
    "technicalArticleNumber": "3448756",
    "commercialArticleNumber": "10016",
    "name": "bonen goudmerk",
    "description": "*Sterkte: Intense\nkoffie\n*Koffiebonen",
    "brand": "ROMBOUTS",
    "seoBrand": "Rombouts",
    "thumbNail": "https://static.colruytgroup.com/images/200x200/std.lang.all/83/00/asset-798300.jpg",
    "fullImage": "https://static.colruytgroup.com/images/500x500/std.lang.all/83/00/asset-798300.jpg",
    "squareImage": "https://static.colruytgroup.com/images/500x500sq/std.lang.all/83/00/asset-798300.jpg",
    "content": "500g",
    "walkRouteSequenceNumber": 1071,
    "price": {
      "basicPrice": 7.99,
      "recommendedQuantity": "1.0",
      "measurementUnitPrice": 15.98,
      "measurementUnit": "K",
      "isRedPrice": false,
      "pricePerUOM": 15.98,
      "activationDate": "19-03-2024",
      "recordSource": "Offline",
      "isPromoActive": "N",
      "priceChangeCode": "E"
    },
    "isAvailable": true,
    "isPriceAvailable": true,
    "inPromo": false,
    "gtin": [
      "05410173000564",
      "15410173000561"
    ],
    "topCategoryName": "Dranken",
    "topCategoryId": "354",
    "businessDomain": "RETAIL_BE",
    "IsPrivateLabel": false,
    "IsBiffe": false,
    "WeightconversionFactor": "0",
    "IsWeightArticle": false,
    "nutriscoreLabel": "B",
    "IsBio": false,
    "CountryOfOrigin": "BELGIË",
    "IsExclusivelySoldInLuxembourg": false,
    "OrderUnit": "P",
    "ShortName": "ROMB. GOUDM. BONEN 500G",
    "IsNew": false,
    "EcoscoreLabel": "C",
    "RecentQuanityOfStockUnits": "1,6",
    "LongName": "ROMBOUTS bonen goudmerk 500g",
    "AlcoholVolume": "0",
    "FicCode": "E",
    "EcoscoreValue": "40"
  },
  {
    "productId": "1301",
    "technicalArticleNumber": "19133",
    "commercialArticleNumber": "19133",
    "name": "Irish Cream 17%",
    "description": "*Likeur\n*Digestief\n*17,0 % vol",
    "brand": "BAILEYS",
    "seoBrand": "Baileys",
    "thumbNail": "https://static.colruytgroup.com/images/200x200/std.lang.all/11/71/asset-3221171.jpg",
    "fullImage": "https://static.colruytgroup.com/images/500x500/std.lang.all/11/71/asset-3221171.jpg",
    "squareImage": "https://static.colruytgroup.com/images/500x500sq/std.lang.all/11/71/asset-3221171.jpg",
    "content": "70cl",
    "walkRouteSequenceNumber": 934,
    "price": {
      "basicPrice": 12.49,
      "recommendedQuantity": "1.0",
      "measurementUnitPrice": 17.85,
      "measurementUnit": "L",
      "isRedPrice": false,
      "pricePerUOM": 17.85,
      "activationDate": "23-03-2024",
      "recordSource": "Folder",
      "isPromoActive": "N",
      "priceChangeCode": "E"
    },
    "isAvailable": true,
    "isPriceAvailable": true,
    "inPromo": false,
    "gtin": [
      "05011013100156",
      "05011013100613",
      "05011013938490",
      "05011013940868",
      "05011013940851"
    ],
    "topCategoryName": "Dranken",
    "topCategoryId": "354",
    "businessDomain": "RETAIL_BE",
    "IsPrivateLabel": false,
    "IsBiffe": false,
    "WeightconversionFactor": "0",
    "IsWeightArticle": false,
    "IsBio": false,
    "CountryOfOrigin": "IERLAND",
    "IsExclusivelySoldInLuxembourg": false,
    "OrderUnit": "P",
    "ShortName": "BAIL IRISH CREAM17%70CL",
    "IsNew": false,
    "EcoscoreLabel": "D",
    "RecentQuanityOfStockUnits": "1,6,6",
    "LongName": "BAILEYS Irish Cream 17% 70cl",
    "AlcoholVolume": "17",
    "FicCode": "E",
    "EcoscoreValue": "31"
  },
  {
    "productId": "603976",
    "technicalArticleNumber": "4272514",
    "commercialArticleNumber": "22992",
    "name": "caps Single-Orig.Colombia",
    "description": "*Lungo/Espresso\n*Tonen van noten\n*Intensiteit 7\n*10 capsules",
    "brand": "STARBUCKS",
    "seoBrand": "Starbucks By Nespresso",
    "thumbNail": "https://static.colruytgroup.com/images/200x200/std.lang.all/71/46/asset-3447146.jpg",
    "fullImage": "https://static.colruytgroup.com/images/500x500/std.lang.all/71/46/asset-3447146.jpg",
    "squareImage": "https://static.colruytgroup.com/images/500x500sq/std.lang.all/71/46/asset-3447146.jpg",
    "content": "10st",
    "walkRouteSequenceNumber": 1033,
    "price": {
      "basicPrice": 3.99,
      "recommendedQuantity": "1.0",
      "quantityPrice": 2.49,
      "quantityPriceQuantity": "4.0",
      "measurementUnitPrice": 70,
      "measurementUnitQuantityPrice": 43.69,
      "measurementUnit": "K",
      "isRedPrice": false,
      "pricePerUOM": 70,
      "activationDate": "23-03-2024",
      "recordSource": "Offline",
      "isPromoActive": "N",
      "priceChangeCode": "E",
      "quantityPricePerUOM": 43.69,
      "quantityActivationDate": "23-03-2024",
      "quantityPriceChangeCode": "E"
    },
    "isAvailable": true,
    "isPriceAvailable": true,
    "inPromo": false,
    "gtin": [
      "07613036961684",
      "07613037048148"
    ],
    "topCategoryName": "Dranken",
    "topCategoryId": "354",
    "businessDomain": "RETAIL_BE",
    "IsPrivateLabel": false,
    "IsBiffe": false,
    "WeightconversionFactor": "0",
    "IsWeightArticle": false,
    "nutriscoreLabel": "B",
    "IsBio": false,
    "CountryOfOrigin": "ITALIË",
    "IsExclusivelySoldInLuxembourg": false,
    "OrderUnit": "P",
    "ShortName": "STAR COLOMBIA 10CAPS",
    "IsNew": false,
    "RecentQuanityOfStockUnits": "1,12",
    "LongName": "STARBUCKS caps Single-Orig.Colombia 10st",
    "FicCode": "E"
  },
  {
    "productId": "713445",
    "technicalArticleNumber": "4457045",
    "commercialArticleNumber": "10770",
    "name": "This is Not Milk vol",
    "description": "*Plantaardig\n*Vol",
    "brand": "ALPRO",
    "seoBrand": "Alpro",
    "thumbNail": "https://static.colruytgroup.com/images/200x200/std.lang.all/86/48/asset-3368648.jpg",
    "fullImage": "https://static.colruytgroup.com/images/500x500/std.lang.all/86/48/asset-3368648.jpg",
    "squareImage": "https://static.colruytgroup.com/images/500x500sq/std.lang.all/86/48/asset-3368648.jpg",
    "content": "1L",
    "walkRouteSequenceNumber": 6290,
    "price": {
      "basicPrice": 2.49,
      "recommendedQuantity": "1.0",
      "measurementUnitPrice": 2.49,
      "measurementUnit": "L",
      "isRedPrice": false,
      "pricePerUOM": 2.49,
      "activationDate": "19-03-2024",
      "recordSource": "Offline",
      "isPromoActive": "N",
      "priceChangeCode": "E"
    },
    "isAvailable": true,
    "isPriceAvailable": true,
    "inPromo": false,
    "gtin": [
      "05411188134985",
      "05411188134992"
    ],
    "topCategoryName": "Zuivel",
    "topCategoryId": "65",
    "businessDomain": "RETAIL_BE",
    "IsPrivateLabel": false,
    "IsBiffe": false,
    "WeightconversionFactor": "0",
    "IsWeightArticle": false,
    "nutriscoreLabel": "A",
    "IsBio": false,
    "CountryOfOrigin": "BELGIË",
    "IsExclusivelySoldInLuxembourg": false,
    "OrderUnit": "P",
    "ShortName": "ALPR T.I.NOT MILK VOL1L",
    "IsNew": false,
    "EcoscoreLabel": "B",
    "RecentQuanityOfStockUnits": "1,8",
    "LongName": "ALPRO This is Not Milk vol 1L",
    "FicCode": "E",
    "EcoscoreValue": "67"
  },
  {
    "productId": "101950",
    "technicalArticleNumber": "3095206",
    "commercialArticleNumber": "42213",
    "name": "caps Café lait",
    "description": "*Koffie met melk\n*Evenwichtig & rond\n*Intensiteit 7\n*16 Capsules",
    "brand": "NESCAFÉ DOLCE GUSTO",
    "seoBrand": "Nescafé Dolce Gusto",
    "thumbNail": "https://static.colruytgroup.com/images/200x200/std.lang.all/42/98/asset-374298.jpg",
    "fullImage": "https://static.colruytgroup.com/images/500x500/std.lang.all/42/98/asset-374298.jpg",
    "squareImage": "https://static.colruytgroup.com/images/500x500sq/std.lang.all/42/98/asset-374298.jpg",
    "content": "16st",
    "walkRouteSequenceNumber": 1066,
    "price": {
      "basicPrice": 4.49,
      "recommendedQuantity": "1.0",
      "quantityPrice": 3.32,
      "quantityPriceQuantity": "2.0",
      "measurementUnitPrice": 28.07,
      "measurementUnitQuantityPrice": 20.75,
      "measurementUnit": "K",
      "isRedPrice": false,
      "pricePerUOM": 28.07,
      "activationDate": "19-03-2024",
      "recordSource": "Offline",
      "isPromoActive": "N",
      "priceChangeCode": "E",
      "quantityPricePerUOM": 20.75,
      "quantityActivationDate": "19-03-2024",
      "quantityPriceChangeCode": "L"
    },
    "isAvailable": true,
    "isPriceAvailable": true,
    "inPromo": false,
    "gtin": [
      "07613033174704",
      "07613035206489"
    ],
    "topCategoryName": "Dranken",
    "topCategoryId": "354",
    "businessDomain": "RETAIL_BE",
    "IsPrivateLabel": false,
    "IsBiffe": false,
    "WeightconversionFactor": "0",
    "IsWeightArticle": false,
    "nutriscoreLabel": "B",
    "IsBio": false,
    "CountryOfOrigin": "SPANJE",
    "IsExclusivelySoldInLuxembourg": false,
    "OrderUnit": "P",
    "ShortName": "DOL GUSTO CAF.LAIT 16CU",
    "IsNew": false,
    "RecentQuanityOfStockUnits": "6,1",
    "LongName": "NESCAFÉ DOLCE GUSTO caps Café lait 16st",
    "AlcoholVolume": "0",
    "FicCode": "E"
  },
  {
    "productId": "1773",
    "technicalArticleNumber": "22845",
    "commercialArticleNumber": "22845",
    "name": "cacaopoeder",
    "brand": "VAN HOUTEN JACQUES",
    "seoBrand": "Van Houten Jacques",
    "thumbNail": "https://static.colruytgroup.com/images/200x200/std.lang.all/27/81/asset-2462781.jpg",
    "fullImage": "https://static.colruytgroup.com/images/500x500/std.lang.all/27/81/asset-2462781.jpg",
    "squareImage": "https://static.colruytgroup.com/images/500x500sq/std.lang.all/27/81/asset-2462781.jpg",
    "content": "250g",
    "walkRouteSequenceNumber": 1276,
    "price": {
      "basicPrice": 5.99,
      "recommendedQuantity": "1.0",
      "measurementUnitPrice": 23.96,
      "measurementUnit": "K",
      "isRedPrice": false,
      "pricePerUOM": 23.96,
      "activationDate": "28-02-2024",
      "recordSource": "Offline",
      "isPromoActive": "N",
      "priceChangeCode": "E"
    },
    "isAvailable": true,
    "isPriceAvailable": true,
    "inPromo": false,
    "gtin": [
      "05410059443454",
      "05410059754598"
    ],
    "topCategoryName": "Dranken",
    "topCategoryId": "354",
    "businessDomain": "RETAIL_BE",
    "IsPrivateLabel": false,
    "IsBiffe": false,
    "WeightconversionFactor": "0",
    "IsWeightArticle": false,
    "nutriscoreLabel": "D",
    "IsBio": false,
    "CountryOfOrigin": "DUITSLAND",
    "IsExclusivelySoldInLuxembourg": false,
    "OrderUnit": "P",
    "ShortName": "VAN HOUTEN CACAO 250 GR",
    "IsNew": false,
    "EcoscoreLabel": "D",
    "RecentQuanityOfStockUnits": "1",
    "LongName": "VAN HOUTEN JACQUES cacaopoeder 250g",
    "AlcoholVolume": "0",
    "FicCode": "E",
    "EcoscoreValue": "29"
  },
  {
    "productId": "657485",
    "technicalArticleNumber": "4358891",
    "commercialArticleNumber": "23981",
    "name": "Pacific punch",
    "brand": "MONSTER",
    "seoBrand": "Monster",
    "thumbNail": "https://static.colruytgroup.com/images/200x200/std.lang.all/77/62/asset-2317762.jpg",
    "fullImage": "https://static.colruytgroup.com/images/500x500/std.lang.all/77/62/asset-2317762.jpg",
    "squareImage": "https://static.colruytgroup.com/images/500x500sq/std.lang.all/77/62/asset-2317762.jpg",
    "content": "50cl",
    "walkRouteSequenceNumber": 4684,
    "price": {
      "basicPrice": 1.7,
      "recommendedQuantity": "1.0",
      "quantityPrice": 1.63,
      "quantityPriceQuantity": "24.0",
      "measurementUnitPrice": 3.4,
      "measurementUnitQuantityPrice": 3.26,
      "measurementUnit": "L",
      "isRedPrice": false,
      "pricePerUOM": 3.4,
      "activationDate": "22-02-2024",
      "recordSource": "Online",
      "isPromoActive": "N",
      "priceChangeCode": "E",
      "quantityPricePerUOM": 3.26,
      "quantityActivationDate": "22-02-2024",
      "quantityPriceChangeCode": "E"
    },
    "isAvailable": true,
    "isPriceAvailable": true,
    "inPromo": false,
    "gtin": [
      "05060639126125",
      "05060639126118"
    ],
    "topCategoryName": "Dranken",
    "topCategoryId": "354",
    "businessDomain": "RETAIL_BE",
    "IsPrivateLabel": false,
    "IsBiffe": false,
    "WeightconversionFactor": "0",
    "IsWeightArticle": false,
    "nutriscoreLabel": "E",
    "IsBio": false,
    "CountryOfOrigin": "VERENIGD KONINKRIJK",
    "IsExclusivelySoldInLuxembourg": false,
    "OrderUnit": "P",
    "ShortName": "MONS PACIFIC PUNCH 50CL",
    "IsNew": false,
    "RecentQuanityOfStockUnits": "1,24",
    "LongName": "MONSTER Pacific punch 50cl",
    "FicCode": "E"
  },
  {
    "productId": "601139",
    "technicalArticleNumber": "4267250",
    "commercialArticleNumber": "20791",
    "name": "latte m.caramel",
    "description": "*Latte Macchiato\n*3 lagen genot\n*Melk met karamel\n*16 Capsules (8+8)",
    "brand": "NESCAFÉ DOLCE GUSTO",
    "seoBrand": "Nescafé Dolce Gusto",
    "thumbNail": "https://static.colruytgroup.com/images/200x200/std.lang.all/61/29/asset-2096129.jpg",
    "fullImage": "https://static.colruytgroup.com/images/500x500/std.lang.all/61/29/asset-2096129.jpg",
    "squareImage": "https://static.colruytgroup.com/images/500x500sq/std.lang.all/61/29/asset-2096129.jpg",
    "content": "16st",
    "walkRouteSequenceNumber": 1114,
    "price": {
      "basicPrice": 5.49,
      "recommendedQuantity": "1.0",
      "quantityPrice": 4.34,
      "quantityPriceQuantity": "2.0",
      "measurementUnitPrice": 37.87,
      "measurementUnitQuantityPrice": 29.94,
      "measurementUnit": "K",
      "isRedPrice": false,
      "pricePerUOM": 37.87,
      "activationDate": "23-03-2024",
      "recordSource": "Offline",
      "isPromoActive": "N",
      "priceChangeCode": "E",
      "quantityPricePerUOM": 29.94,
      "quantityActivationDate": "23-03-2024",
      "quantityPriceChangeCode": "L"
    },
    "isAvailable": true,
    "isPriceAvailable": true,
    "inPromo": false,
    "gtin": [
      "07613037788884",
      "07613037789294"
    ],
    "topCategoryName": "Dranken",
    "topCategoryId": "354",
    "businessDomain": "RETAIL_BE",
    "IsPrivateLabel": false,
    "IsBiffe": false,
    "WeightconversionFactor": "0",
    "IsWeightArticle": false,
    "nutriscoreLabel": "D",
    "IsBio": false,
    "CountryOfOrigin": "VERENIGD KONINKRIJK",
    "IsExclusivelySoldInLuxembourg": false,
    "OrderUnit": "P",
    "ShortName": "NESC DG LAT MAC CAR 16C",
    "IsNew": false,
    "RecentQuanityOfStockUnits": "3,1",
    "LongName": "NESCAFÉ DOLCE GUSTO latte m.caramel 16st",
    "FicCode": "E"
  },
  {
    "productId": "1378",
    "technicalArticleNumber": "18910",
    "commercialArticleNumber": "18910",
    "name": "pastis de Marseille 45,0%vol",
    "description": "*Pastis\n*45,0 % vol",
    "brand": "RICARD",
    "seoBrand": "Ricard",
    "thumbNail": "https://static.colruytgroup.com/images/200x200/std.lang.all/11/84/asset-971184.jpg",
    "fullImage": "https://static.colruytgroup.com/images/500x500/std.lang.all/11/84/asset-971184.jpg",
    "squareImage": "https://static.colruytgroup.com/images/500x500sq/std.lang.all/11/84/asset-971184.jpg",
    "content": "1L",
    "walkRouteSequenceNumber": 893,
    "price": {
      "basicPrice": 27.12,
      "recommendedQuantity": "1.0",
      "measurementUnitPrice": 27.12,
      "measurementUnit": "L",
      "isRedPrice": false,
      "pricePerUOM": 27.12,
      "activationDate": "23-03-2024",
      "recordSource": "Offline",
      "isPromoActive": "N",
      "priceChangeCode": "H"
    },
    "isAvailable": true,
    "isPriceAvailable": true,
    "inPromo": false,
    "gtin": [
      "03163937103460",
      "33163937010004",
      "03163937187156",
      "03163937186333",
      "03163937010003",
      "15413585003403"
    ],
    "topCategoryName": "Dranken",
    "topCategoryId": "354",
    "businessDomain": "RETAIL_BE",
    "IsPrivateLabel": false,
    "IsBiffe": false,
    "WeightconversionFactor": "0",
    "IsWeightArticle": false,
    "IsBio": false,
    "CountryOfOrigin": "FRANKRIJK",
    "IsExclusivelySoldInLuxembourg": false,
    "OrderUnit": "P",
    "ShortName": "PASTIS RICARD 45 1L",
    "IsNew": false,
    "EcoscoreLabel": "B",
    "RecentQuanityOfStockUnits": "6,1",
    "LongName": "RICARD pastis de Marseille 45,0%vol 1L",
    "AlcoholVolume": "45",
    "FicCode": "E",
    "EcoscoreValue": "61"
  },
  {
    "productId": "507360",
    "technicalArticleNumber": "4080154",
    "commercialArticleNumber": "7614",
    "name": "energ. Pipeline Punch blik",
    "description": "*Energiedrank\n*Bevat taurine\n*Suiker/zoetstoffen",
    "brand": "MONSTER",
    "thumbNail": "https://static.colruytgroup.com/images/200x200/std.lang.all/64/20/asset-2446420.jpg",
    "fullImage": "https://static.colruytgroup.com/images/500x500/std.lang.all/64/20/asset-2446420.jpg",
    "squareImage": "https://static.colruytgroup.com/images/500x500sq/std.lang.all/64/20/asset-2446420.jpg",
    "content": "50cl",
    "walkRouteSequenceNumber": 4688,
    "price": {
      "basicPrice": 1.69,
      "recommendedQuantity": "4.0",
      "quantityPrice": 1.62,
      "quantityPriceQuantity": "24.0",
      "measurementUnitPrice": 3.38,
      "measurementUnitQuantityPrice": 3.24,
      "measurementUnit": "L",
      "isRedPrice": false,
      "pricePerUOM": 3.38,
      "activationDate": "01-02-2024",
      "recordSource": "Offline",
      "isPromoActive": "N",
      "priceChangeCode": "H",
      "quantityPricePerUOM": 3.24,
      "quantityActivationDate": "01-02-2024",
      "quantityPriceChangeCode": "H"
    },
    "isAvailable": true,
    "isPriceAvailable": true,
    "inPromo": false,
    "gtin": [
      "05060517883546",
      "05060639125944",
      "05060517883539",
      "05060639125975"
    ],
    "topCategoryName": "Dranken",
    "topCategoryId": "354",
    "businessDomain": "RETAIL_BE",
    "IsPrivateLabel": false,
    "IsBiffe": false,
    "WeightconversionFactor": "0",
    "IsWeightArticle": false,
    "nutriscoreLabel": "E",
    "IsBio": false,
    "CountryOfOrigin": "BELGIË",
    "IsExclusivelySoldInLuxembourg": false,
    "OrderUnit": "P",
    "ShortName": "MONS PIPELINE PUNCH 50C",
    "InSeason": true,
    "IsNew": false,
    "RecentQuanityOfStockUnits": "4,1,24",
    "LongName": "MONSTER energ. Pipeline Punch blik 50cl",
    "AlcoholVolume": "0",
    "StartSeasonDate": "12/01/2021",
    "FicCode": "E"
  },
  {
    "productId": "326683",
    "technicalArticleNumber": "3770461",
    "commercialArticleNumber": "16489",
    "name": "pastis 40%",
    "description": "*Pastis\n*40,0 % vol",
    "brand": "MARIE GALANTE",
    "seoBrand": "Marie Galante",
    "thumbNail": "https://static.colruytgroup.com/images/200x200/std.lang.all/80/91/asset-1558091.jpg",
    "fullImage": "https://static.colruytgroup.com/images/500x500/std.lang.all/80/91/asset-1558091.jpg",
    "squareImage": "https://static.colruytgroup.com/images/500x500sq/std.lang.all/80/91/asset-1558091.jpg",
    "content": "1L",
    "walkRouteSequenceNumber": 892,
    "price": {
      "basicPrice": 17.99,
      "recommendedQuantity": "1.0",
      "measurementUnitPrice": 17.99,
      "measurementUnit": "L",
      "isRedPrice": false,
      "pricePerUOM": 17.99,
      "activationDate": "13-03-2024",
      "recordSource": "Offline",
      "isPromoActive": "N",
      "priceChangeCode": "H"
    },
    "isAvailable": true,
    "isPriceAvailable": true,
    "inPromo": false,
    "gtin": [
      "15400141103776",
      "05400141103779"
    ],
    "topCategoryName": "Dranken",
    "topCategoryId": "354",
    "businessDomain": "RETAIL_BE",
    "IsPrivateLabel": true,
    "IsBiffe": false,
    "WeightconversionFactor": "0",
    "IsWeightArticle": false,
    "IsBio": false,
    "CountryOfOrigin": "BELGIË",
    "IsExclusivelySoldInLuxembourg": false,
    "OrderUnit": "P",
    "ShortName": "M.GAL PASTIS 40% 1L",
    "IsNew": false,
    "EcoscoreLabel": "C",
    "RecentQuanityOfStockUnits": "1,6",
    "LongName": "MARIE GALANTE pastis 40% 1L",
    "AlcoholVolume": "39.7",
    "FicCode": "I",
    "EcoscoreValue": "51"
  },
  {
    "productId": "275558",
    "technicalArticleNumber": "3647778",
    "commercialArticleNumber": "20416",
    "name": "plat water magnesium",
    "description": "*Nat. mineraalwater\n*Niet-bruisend",
    "brand": "BONI",
    "seoBrand": "Boni Selection",
    "thumbNail": "https://static.colruytgroup.com/images/200x200/std.lang.all/89/01/asset-1968901.jpg",
    "fullImage": "https://static.colruytgroup.com/images/500x500/std.lang.all/89/01/asset-1968901.jpg",
    "squareImage": "https://static.colruytgroup.com/images/500x500sq/std.lang.all/89/01/asset-1968901.jpg",
    "content": "1L",
    "walkRouteSequenceNumber": 3941,
    "price": {
      "basicPrice": 0.59,
      "recommendedQuantity": "6.0",
      "quantityPrice": 0.54,
      "quantityPriceQuantity": "18.0",
      "measurementUnitPrice": 0.59,
      "measurementUnitQuantityPrice": 0.54,
      "measurementUnit": "L",
      "isRedPrice": false,
      "pricePerUOM": 0.59,
      "activationDate": "07-03-2024",
      "recordSource": "Offline",
      "isPromoActive": "N",
      "priceChangeCode": "E",
      "quantityPricePerUOM": 0.54,
      "quantityActivationDate": "07-03-2024",
      "quantityPriceChangeCode": "E"
    },
    "isAvailable": true,
    "isPriceAvailable": true,
    "inPromo": false,
    "gtin": [
      "15400141420026",
      "05400141420029",
      "05400141030075",
      "15400141295617",
      "15400141030072",
      "05400141295610"
    ],
    "topCategoryName": "Dranken",
    "topCategoryId": "354",
    "businessDomain": "RETAIL_BE",
    "IsPrivateLabel": true,
    "IsBiffe": false,
    "WeightconversionFactor": "0",
    "IsWeightArticle": false,
    "nutriscoreLabel": "A",
    "IsBio": false,
    "CountryOfOrigin": "FRANKRIJK",
    "IsExclusivelySoldInLuxembourg": false,
    "OrderUnit": "P",
    "ShortName": "BONI S. MAGNESIUM 1L",
    "IsNew": false,
    "RecentQuanityOfStockUnits": "1,6",
    "LongName": "BONI plat water magnesium 1L",
    "FicCode": "I"
  },
  {
    "productId": "859252",
    "technicalArticleNumber": "4709656",
    "commercialArticleNumber": "31817",
    "name": "Nova Cherry Beam",
    "description": "*Energiedrank\n*Taurine/Cafeïne",
    "brand": "HELL",
    "seoBrand": "Hell",
    "thumbNail": "https://static.colruytgroup.com/images/200x200/std.lang.all/20/21/asset-3162021.jpg",
    "fullImage": "https://static.colruytgroup.com/images/500x500/std.lang.all/20/21/asset-3162021.jpg",
    "squareImage": "https://static.colruytgroup.com/images/500x500sq/std.lang.all/20/21/asset-3162021.jpg",
    "content": "25cl",
    "walkRouteSequenceNumber": 4675,
    "price": {
      "basicPrice": 0.79,
      "recommendedQuantity": "1.0",
      "quantityPrice": 0.73,
      "quantityPriceQuantity": "24.0",
      "measurementUnitPrice": 3.16,
      "measurementUnitQuantityPrice": 2.92,
      "measurementUnit": "L",
      "isRedPrice": false,
      "pricePerUOM": 3.16,
      "activationDate": "14-02-2024",
      "isPromoActive": "N",
      "priceChangeCode": "E",
      "quantityPricePerUOM": 2.92,
      "quantityActivationDate": "14-02-2024",
      "quantityPriceChangeCode": "E"
    },
    "isAvailable": true,
    "isPriceAvailable": true,
    "inPromo": false,
    "gtin": [
      "05999860497882",
      "05999860497875",
      "08720938269080"
    ],
    "topCategoryName": "Dranken",
    "topCategoryId": "354",
    "businessDomain": "RETAIL_BE",
    "IsPrivateLabel": false,
    "IsBiffe": false,
    "WeightconversionFactor": "0",
    "IsWeightArticle": false,
    "nutriscoreLabel": "E",
    "IsBio": false,
    "CountryOfOrigin": "HONGARIJE",
    "IsExclusivelySoldInLuxembourg": false,
    "OrderUnit": "P",
    "ShortName": "HELL NOVA CHERR.BEAM25C",
    "IsNew": false,
    "RecentQuanityOfStockUnits": "24,1,1",
    "LongName": "HELL Nova Cherry Beam 25cl",
    "FicCode": "E"
  },
  {
    "productId": "277682",
    "technicalArticleNumber": "3673402",
    "commercialArticleNumber": "41816",
    "name": "caps Cappuccino",
    "description": "*Cappuccino\n*Dik schuimlaag\n*Volle melk\n*30 Capsules (15+15)",
    "brand": "NESCAFÉ DOLCE GUSTO",
    "seoBrand": "Nescafé Dolce Gusto",
    "thumbNail": "https://static.colruytgroup.com/images/200x200/std.lang.all/10/52/asset-3211052.jpg",
    "fullImage": "https://static.colruytgroup.com/images/500x500/std.lang.all/10/52/asset-3211052.jpg",
    "squareImage": "https://static.colruytgroup.com/images/500x500sq/std.lang.all/10/52/asset-3211052.jpg",
    "content": "30st",
    "walkRouteSequenceNumber": 1121,
    "price": {
      "basicPrice": 8.99,
      "recommendedQuantity": "1.0",
      "measurementUnitPrice": 25.76,
      "measurementUnit": "K",
      "isRedPrice": false,
      "pricePerUOM": 25.76,
      "activationDate": "18-03-2024",
      "recordSource": "Offline",
      "isPromoActive": "N",
      "priceChangeCode": "H"
    },
    "isAvailable": true,
    "isPriceAvailable": true,
    "inPromo": false,
    "gtin": [
      "07613036303484",
      "07613036303477",
      "07613034732828"
    ],
    "topCategoryName": "Dranken",
    "topCategoryId": "354",
    "businessDomain": "RETAIL_BE",
    "IsPrivateLabel": false,
    "IsBiffe": false,
    "WeightconversionFactor": "0",
    "IsWeightArticle": false,
    "nutriscoreLabel": "D",
    "IsBio": false,
    "CountryOfOrigin": "DUITSLAND",
    "IsExclusivelySoldInLuxembourg": false,
    "OrderUnit": "P",
    "ShortName": "DOLG CAPPUCINO 30CAPS",
    "IsNew": false,
    "RecentQuanityOfStockUnits": "1,3",
    "LongName": "NESCAFÉ DOLCE GUSTO caps Cappuccino 30st",
    "AlcoholVolume": "0",
    "FicCode": "E"
  },
  {
    "productId": "708766",
    "technicalArticleNumber": "4449005",
    "commercialArticleNumber": "26359",
    "name": "Exotic PET",
    "description": "*Bruisend\n*Smaak: multivruchten",
    "brand": "FANTA",
    "seoBrand": "Fanta",
    "thumbNail": "https://static.colruytgroup.com/images/200x200/std.lang.all/66/43/asset-2446643.jpg",
    "fullImage": "https://static.colruytgroup.com/images/500x500/std.lang.all/66/43/asset-2446643.jpg",
    "squareImage": "https://static.colruytgroup.com/images/500x500sq/std.lang.all/66/43/asset-2446643.jpg",
    "content": "1,5L",
    "walkRouteSequenceNumber": 4264,
    "price": {
      "basicPrice": 2.09,
      "recommendedQuantity": "4.0",
      "measurementUnitPrice": 1.4,
      "measurementUnit": "L",
      "isRedPrice": false,
      "pricePerUOM": 1.4,
      "activationDate": "14-03-2024",
      "recordSource": "Offline",
      "isPromoActive": "N",
      "priceChangeCode": "E"
    },
    "isAvailable": true,
    "isPriceAvailable": true,
    "inPromo": false,
    "gtin": [
      "05449000211330",
      "05449000015594"
    ],
    "topCategoryName": "Dranken",
    "topCategoryId": "354",
    "businessDomain": "RETAIL_BE",
    "IsPrivateLabel": false,
    "IsBiffe": false,
    "WeightconversionFactor": "0",
    "IsWeightArticle": false,
    "nutriscoreLabel": "E",
    "IsBio": false,
    "CountryOfOrigin": "BELGIË",
    "IsExclusivelySoldInLuxembourg": false,
    "OrderUnit": "P",
    "ShortName": "FANT EXOTIC PET 1.5L",
    "IsNew": false,
    "RecentQuanityOfStockUnits": "1,4",
    "LongName": "FANTA Exotic PET 1,5L",
    "FicCode": "E"
  },
  {
    "productId": "152560",
    "technicalArticleNumber": "3266254",
    "commercialArticleNumber": "41646",
    "name": "koffiefilters Original 1x6",
    "brand": "MELITTA",
    "seoBrand": "Melitta",
    "thumbNail": "https://static.colruytgroup.com/images/200x200/std.lang.all/59/48/asset-1555948.jpg",
    "fullImage": "https://static.colruytgroup.com/images/500x500/std.lang.all/59/48/asset-1555948.jpg",
    "squareImage": "https://static.colruytgroup.com/images/500x500sq/std.lang.all/59/48/asset-1555948.jpg",
    "content": "40st",
    "walkRouteSequenceNumber": 1127,
    "price": {
      "basicPrice": 4.15,
      "recommendedQuantity": "1.0",
      "measurementUnitPrice": 0.104,
      "measurementUnit": "S",
      "isRedPrice": false,
      "pricePerUOM": 0.104,
      "activationDate": "07-03-2024",
      "recordSource": "Online",
      "isPromoActive": "N",
      "priceChangeCode": "H"
    },
    "isAvailable": true,
    "isPriceAvailable": true,
    "inPromo": false,
    "gtin": [
      "04006508905102",
      "04006508200023"
    ],
    "topCategoryName": "Dranken",
    "topCategoryId": "354",
    "businessDomain": "RETAIL_BE",
    "IsPrivateLabel": false,
    "IsBiffe": false,
    "WeightconversionFactor": "0",
    "IsWeightArticle": false,
    "IsBio": false,
    "CountryOfOrigin": "DUITSLAND",
    "IsExclusivelySoldInLuxembourg": false,
    "OrderUnit": "P",
    "ShortName": "MELITTA PA WIT 1X6 40ST",
    "IsNew": false,
    "RecentQuanityOfStockUnits": "8,1",
    "LongName": "MELITTA koffiefilters Original 1x6 40st",
    "AlcoholVolume": "0",
    "FicCode": "N"
  },
  {
    "productId": "726800",
    "technicalArticleNumber": "4481519",
    "commercialArticleNumber": "17725",
    "name": "Lactosevrije halfvolle melk",
    "description": "*Halfvolle melk\n*Lactosevrij\n*België",
    "brand": "BONI",
    "seoBrand": "Boni Selection",
    "thumbNail": "https://static.colruytgroup.com/images/200x200/nl_be/64/38/asset-2686438.jpg",
    "fullImage": "https://static.colruytgroup.com/images/500x500/nl_be/64/38/asset-2686438.jpg",
    "squareImage": "https://static.colruytgroup.com/images/500x500sq/nl_be/64/38/asset-2686438.jpg",
    "content": "3x20cl",
    "walkRouteSequenceNumber": 6268,
    "price": {
      "basicPrice": 1.27,
      "recommendedQuantity": "1.0",
      "measurementUnitPrice": 2.12,
      "measurementUnit": "L",
      "isRedPrice": false,
      "pricePerUOM": 2.12,
      "activationDate": "16-06-2023",
      "isPromoActive": "N",
      "priceChangeCode": "H"
    },
    "isAvailable": true,
    "isPriceAvailable": true,
    "inPromo": false,
    "gtin": [
      "15400141998327",
      "25400141998324",
      "05400141998320"
    ],
    "topCategoryName": "Zuivel",
    "topCategoryId": "65",
    "businessDomain": "RETAIL_BE",
    "IsPrivateLabel": true,
    "IsBiffe": false,
    "WeightconversionFactor": "0",
    "IsWeightArticle": false,
    "nutriscoreLabel": "B",
    "IsBio": false,
    "CountryOfOrigin": "BELGIË",
    "IsExclusivelySoldInLuxembourg": false,
    "OrderUnit": "P",
    "ShortName": "BONI HV MELK LV 3X20CL",
    "IsNew": false,
    "EcoscoreLabel": "B",
    "RecentQuanityOfStockUnits": "1,8",
    "LongName": "BONI Lactosevrije halfvolle melk 3x20cl",
    "FicCode": "I",
    "EcoscoreValue": "68"
  },
  {
    "productId": "143609",
    "technicalArticleNumber": "3300728",
    "commercialArticleNumber": "1109",
    "name": "Carta Blanca Rum 37,5%",
    "description": "*Witte rum\n*Traditionele rum\n*Cuba",
    "brand": "BACARDÍ",
    "seoBrand": "Bacardí",
    "thumbNail": "https://static.colruytgroup.com/images/200x200/std.lang.all/98/89/asset-569889.jpg",
    "fullImage": "https://static.colruytgroup.com/images/500x500/std.lang.all/98/89/asset-569889.jpg",
    "squareImage": "https://static.colruytgroup.com/images/500x500sq/std.lang.all/98/89/asset-569889.jpg",
    "content": "70cl",
    "walkRouteSequenceNumber": 798,
    "price": {
      "basicPrice": 20.5,
      "recommendedQuantity": "1.0",
      "measurementUnitPrice": 29.29,
      "measurementUnit": "L",
      "isRedPrice": false,
      "pricePerUOM": 29.29,
      "activationDate": "22-03-2024",
      "recordSource": "Online",
      "isPromoActive": "Y",
      "priceChangeCode": "H"
    },
    "isAvailable": true,
    "isPriceAvailable": true,
    "inPromo": true,
    "promotion": [
      {
        "techPromoId": "100908COLR",
        "promotionId": "100908",
        "promotionType": "0",
        "isPersonalized": "N",
        "publicationStartDate": "13-03-2024",
        "publicationEndDate": "26-03-2024"
      }
    ],
    "gtin": [
      "05010677013147",
      "05010677013154",
      "05010677012645",
      "05010677012799",
      "05010677012638",
      "05010677012324"
    ],
    "topCategoryName": "Dranken",
    "topCategoryId": "354",
    "businessDomain": "RETAIL_BE",
    "IsPrivateLabel": false,
    "IsBiffe": false,
    "WeightconversionFactor": "0",
    "IsWeightArticle": false,
    "IsBio": false,
    "CountryOfOrigin": "DUITSLAND",
    "IsExclusivelySoldInLuxembourg": false,
    "OrderUnit": "P",
    "ShortName": "BACARDI BLANCA37.5 70C",
    "IsNew": false,
    "EcoscoreLabel": "D",
    "RecentQuanityOfStockUnits": "12,1",
    "LongName": "BACARDÍ Carta Blanca Rum 37,5% 70cl",
    "AlcoholVolume": "37.5",
    "FicCode": "E",
    "EcoscoreValue": "38"
  },
  {
    "productId": "55701",
    "technicalArticleNumber": "2306944",
    "commercialArticleNumber": "8500",
    "name": "bloedappelsiensap pulp Brik",
    "description": "*Bloedsinaasappelsap\n*Puur sap\n*100 % vruchten\n*Met pulp",
    "brand": "BONI",
    "seoBrand": "Boni Selection",
    "thumbNail": "https://static.colruytgroup.com/images/200x200/std.lang.all/15/25/asset-3351525.jpg",
    "fullImage": "https://static.colruytgroup.com/images/500x500/std.lang.all/15/25/asset-3351525.jpg",
    "squareImage": "https://static.colruytgroup.com/images/500x500sq/std.lang.all/15/25/asset-3351525.jpg",
    "content": "1L",
    "walkRouteSequenceNumber": 5025,
    "price": {
      "basicPrice": 2.49,
      "recommendedQuantity": "1.0",
      "measurementUnitPrice": 2.49,
      "measurementUnit": "L",
      "isRedPrice": false,
      "pricePerUOM": 2.49,
      "activationDate": "05-03-2024",
      "recordSource": "Offline",
      "isPromoActive": "N",
      "priceChangeCode": "L"
    },
    "isAvailable": true,
    "isPriceAvailable": true,
    "inPromo": false,
    "gtin": [
      "05400141085006",
      "05400141046366",
      "15400141297321",
      "05400141297324",
      "15400141980582"
    ],
    "topCategoryName": "Dranken",
    "topCategoryId": "354",
    "businessDomain": "RETAIL_BE",
    "IsPrivateLabel": true,
    "IsBiffe": false,
    "WeightconversionFactor": "0",
    "IsWeightArticle": false,
    "nutriscoreLabel": "C",
    "IsBio": false,
    "CountryOfOrigin": "BELGIË",
    "IsExclusivelySoldInLuxembourg": false,
    "OrderUnit": "P",
    "ShortName": "BONI VERS BLOEDSINAAS1L",
    "InSeason": true,
    "IsNew": false,
    "EcoscoreLabel": "C",
    "RecentQuanityOfStockUnits": "1",
    "LongName": "BONI bloedappelsiensap pulp Brik 1L",
    "AlcoholVolume": "0",
    "StartSeasonDate": "03/02/2021",
    "FicCode": "I",
    "EcoscoreValue": "56"
  },
  {
    "productId": "18422",
    "technicalArticleNumber": "1653910",
    "commercialArticleNumber": "19495",
    "name": "muntsiroop",
    "description": "*Smaak: munt\n*1/8 siroop -\n7/8 water",
    "brand": "BONI",
    "seoBrand": "Boni Selection",
    "thumbNail": "https://static.colruytgroup.com/images/200x200/std.lang.all/65/33/asset-3026533.jpg",
    "fullImage": "https://static.colruytgroup.com/images/500x500/std.lang.all/65/33/asset-3026533.jpg",
    "squareImage": "https://static.colruytgroup.com/images/500x500sq/std.lang.all/65/33/asset-3026533.jpg",
    "content": "75cl",
    "walkRouteSequenceNumber": 4013,
    "price": {
      "basicPrice": 2.49,
      "recommendedQuantity": "1.0",
      "measurementUnitPrice": 3.32,
      "measurementUnit": "L",
      "isRedPrice": false,
      "pricePerUOM": 3.32,
      "activationDate": "12-03-2024",
      "recordSource": "Offline",
      "isPromoActive": "N",
      "priceChangeCode": "E"
    },
    "isAvailable": true,
    "isPriceAvailable": true,
    "inPromo": false,
    "gtin": [
      "05400141393101",
      "15400141819875",
      "15400141290773",
      "05400141290776"
    ],
    "topCategoryName": "Dranken",
    "topCategoryId": "354",
    "businessDomain": "RETAIL_BE",
    "IsPrivateLabel": true,
    "IsBiffe": false,
    "WeightconversionFactor": "0",
    "IsWeightArticle": false,
    "nutriscoreLabel": "E",
    "IsBio": false,
    "CountryOfOrigin": "FRANKRIJK",
    "IsExclusivelySoldInLuxembourg": false,
    "OrderUnit": "P",
    "ShortName": "BONI MUNTSIROOP 75CL",
    "IsNew": false,
    "EcoscoreLabel": "A",
    "RecentQuanityOfStockUnits": "6,1",
    "LongName": "BONI muntsiroop 75cl",
    "AlcoholVolume": "0",
    "FicCode": "I",
    "EcoscoreValue": "100"
  },
  {
    "productId": "9856",
    "technicalArticleNumber": "1346618",
    "commercialArticleNumber": "5159",
    "name": "blond bier 8,5%vol",
    "description": "*Sterk blond bier\n*8,5 % vol\n*Nagisting op fles",
    "brand": "HAPKIN",
    "seoBrand": "Hapkin",
    "thumbNail": "https://static.colruytgroup.com/images/200x200/std.lang.all/08/54/asset-2130854.jpg",
    "fullImage": "https://static.colruytgroup.com/images/500x500/std.lang.all/08/54/asset-2130854.jpg",
    "squareImage": "https://static.colruytgroup.com/images/500x500sq/std.lang.all/08/54/asset-2130854.jpg",
    "content": "6x33cl",
    "walkRouteSequenceNumber": 3741,
    "price": {
      "basicPrice": 8.94,
      "recommendedQuantity": "1.0",
      "measurementUnitPrice": 4.52,
      "measurementUnit": "L",
      "isRedPrice": false,
      "pricePerUOM": 4.52,
      "activationDate": "14-03-2024",
      "recordSource": "Offline",
      "isPromoActive": "N",
      "priceChangeCode": "E"
    },
    "isAvailable": true,
    "isPriceAvailable": true,
    "inPromo": false,
    "gtin": [
      "00000054064027",
      "05400141051599",
      "00000025051599",
      "05410263005011"
    ],
    "topCategoryName": "Dranken",
    "topCategoryId": "354",
    "businessDomain": "RETAIL_BE",
    "IsPrivateLabel": false,
    "IsBiffe": false,
    "WeightconversionFactor": "0",
    "IsWeightArticle": false,
    "IsBio": false,
    "CountryOfOrigin": "BELGIË",
    "IsExclusivelySoldInLuxembourg": false,
    "OrderUnit": "P",
    "ShortName": "HAPKIN 6X33CL",
    "InSeason": true,
    "IsNew": false,
    "EcoscoreLabel": "B",
    "RecentQuanityOfStockUnits": "1",
    "LongName": "HAPKIN blond bier 8,5%vol 6x33cl",
    "AlcoholVolume": "8.5",
    "StartSeasonDate": "23/04/2020",
    "FicCode": "E",
    "DepositValue": [
      0.6
    ],
    "EcoscoreValue": "67"
  },
  {
    "productId": "104138",
    "technicalArticleNumber": "3130349",
    "commercialArticleNumber": "3772",
    "name": "kokosnootdrink",
    "description": "*België\n*Plantaardig",
    "brand": "ALPRO",
    "seoBrand": "Alpro",
    "thumbNail": "https://static.colruytgroup.com/images/200x200/std.lang.all/33/56/asset-2193356.jpg",
    "fullImage": "https://static.colruytgroup.com/images/500x500/std.lang.all/33/56/asset-2193356.jpg",
    "squareImage": "https://static.colruytgroup.com/images/500x500sq/std.lang.all/33/56/asset-2193356.jpg",
    "content": "1L",
    "walkRouteSequenceNumber": 6285,
    "price": {
      "basicPrice": 2.49,
      "recommendedQuantity": "4.0",
      "measurementUnitPrice": 2.49,
      "measurementUnit": "L",
      "isRedPrice": false,
      "pricePerUOM": 2.49,
      "activationDate": "18-03-2024",
      "recordSource": "Offline",
      "isPromoActive": "N",
      "priceChangeCode": "H"
    },
    "isAvailable": true,
    "isPriceAvailable": true,
    "inPromo": false,
    "gtin": [
      "05411188125976",
      "05411188116608",
      "05411188125969",
      "05411188116592",
      "05411188110910"
    ],
    "topCategoryName": "Zuivel",
    "topCategoryId": "65",
    "businessDomain": "RETAIL_BE",
    "IsPrivateLabel": false,
    "IsBiffe": false,
    "WeightconversionFactor": "0",
    "IsWeightArticle": false,
    "nutriscoreLabel": "B",
    "IsBio": false,
    "CountryOfOrigin": "BELGIË",
    "IsExclusivelySoldInLuxembourg": false,
    "OrderUnit": "P",
    "ShortName": "ALPRO COCOSDRINK 1L",
    "IsNew": false,
    "EcoscoreLabel": "C",
    "RecentQuanityOfStockUnits": "8,4,1",
    "LongName": "ALPRO kokosnootdrink 1L",
    "AlcoholVolume": "0",
    "FicCode": "E",
    "EcoscoreValue": "46"
  },
  {
    "productId": "37018",
    "technicalArticleNumber": "1907354",
    "commercialArticleNumber": "7967",
    "name": "gecond.melk met suiker blik",
    "description": "*Gecondenseerde melk\n*Voor gebruik in\ndesserts",
    "brand": "NESTLÉ",
    "seoBrand": "Nestlé",
    "thumbNail": "https://static.colruytgroup.com/images/200x200/std.lang.all/79/31/asset-2947931.jpg",
    "fullImage": "https://static.colruytgroup.com/images/500x500/std.lang.all/79/31/asset-2947931.jpg",
    "squareImage": "https://static.colruytgroup.com/images/500x500sq/std.lang.all/79/31/asset-2947931.jpg",
    "content": "305ml",
    "walkRouteSequenceNumber": 6366,
    "price": {
      "basicPrice": 4.39,
      "recommendedQuantity": "1.0",
      "measurementUnitPrice": 14.4,
      "measurementUnit": "L",
      "isRedPrice": false,
      "pricePerUOM": 14.4,
      "activationDate": "14-02-2024",
      "recordSource": "Offline",
      "isPromoActive": "N",
      "priceChangeCode": "H"
    },
    "isAvailable": true,
    "isPriceAvailable": true,
    "inPromo": false,
    "gtin": [
      "08715000984961",
      "05410001012004"
    ],
    "topCategoryName": "Zuivel",
    "topCategoryId": "65",
    "businessDomain": "RETAIL_BE",
    "IsPrivateLabel": false,
    "IsBiffe": false,
    "WeightconversionFactor": "0",
    "IsWeightArticle": false,
    "nutriscoreLabel": "E",
    "IsBio": false,
    "CountryOfOrigin": "BELGIË",
    "IsExclusivelySoldInLuxembourg": false,
    "OrderUnit": "P",
    "ShortName": "NESTLE G.MELK SUIK305ML",
    "IsNew": false,
    "RecentQuanityOfStockUnits": "1",
    "LongName": "NESTLÉ gecond.melk met suiker blik 305ml",
    "AlcoholVolume": "0",
    "FicCode": "E"
  },
  {
    "productId": "610203",
    "technicalArticleNumber": "4283009",
    "commercialArticleNumber": "16811",
    "name": "Latte Mac. caps",
    "description": "*Latte Macchiato\n*3 lagen genot\n*Royale schuimlaag\n*30 Capsules (15+15)",
    "brand": "NESCAFÉ DOLCE GUSTO",
    "seoBrand": "Nescafé Dolce Gusto",
    "thumbNail": "https://static.colruytgroup.com/images/200x200/std.lang.all/79/50/asset-3387950.jpg",
    "fullImage": "https://static.colruytgroup.com/images/500x500/std.lang.all/79/50/asset-3387950.jpg",
    "squareImage": "https://static.colruytgroup.com/images/500x500sq/std.lang.all/79/50/asset-3387950.jpg",
    "content": "30st",
    "walkRouteSequenceNumber": 1069,
    "price": {
      "basicPrice": 8.4,
      "recommendedQuantity": "1.0",
      "measurementUnitPrice": 24.49,
      "measurementUnit": "K",
      "isRedPrice": false,
      "pricePerUOM": 24.49,
      "activationDate": "22-03-2024",
      "recordSource": "Offline",
      "isPromoActive": "N",
      "priceChangeCode": "L"
    },
    "isAvailable": true,
    "isPriceAvailable": true,
    "inPromo": false,
    "gtin": [
      "07613037498141",
      "07613037498158"
    ],
    "topCategoryName": "Dranken",
    "topCategoryId": "354",
    "businessDomain": "RETAIL_BE",
    "IsPrivateLabel": false,
    "IsBiffe": false,
    "WeightconversionFactor": "0",
    "IsWeightArticle": false,
    "nutriscoreLabel": "B",
    "IsBio": false,
    "CountryOfOrigin": "DUITSLAND",
    "IsExclusivelySoldInLuxembourg": false,
    "OrderUnit": "P",
    "ShortName": "NESC D.G.LAT.MACCH30CUP",
    "IsNew": false,
    "RecentQuanityOfStockUnits": "3,1",
    "LongName": "NESCAFÉ DOLCE GUSTO Latte Mac. caps 30st",
    "FicCode": "E"
  },
  {
    "productId": "598",
    "technicalArticleNumber": "5810",
    "commercialArticleNumber": "5810",
    "name": "gecondens. melk suiker tube",
    "description": "*Gecondenseerde melk\n*Voor gebruik in\ndesserts",
    "brand": "NESTLÉ",
    "seoBrand": "Nestlé",
    "thumbNail": "https://static.colruytgroup.com/images/200x200/std.lang.all/79/29/asset-2947929.jpg",
    "fullImage": "https://static.colruytgroup.com/images/500x500/std.lang.all/79/29/asset-2947929.jpg",
    "squareImage": "https://static.colruytgroup.com/images/500x500sq/std.lang.all/79/29/asset-2947929.jpg",
    "content": "131ml",
    "walkRouteSequenceNumber": 6365,
    "price": {
      "basicPrice": 2.55,
      "recommendedQuantity": "1.0",
      "measurementUnitPrice": 19.47,
      "measurementUnit": "L",
      "isRedPrice": false,
      "pricePerUOM": 19.47,
      "activationDate": "06-03-2024",
      "recordSource": "Offline",
      "isPromoActive": "N",
      "priceChangeCode": "H"
    },
    "isAvailable": true,
    "isPriceAvailable": true,
    "inPromo": false,
    "gtin": [
      "05410001012202",
      "05410001015005"
    ],
    "topCategoryName": "Zuivel",
    "topCategoryId": "65",
    "businessDomain": "RETAIL_BE",
    "IsPrivateLabel": false,
    "IsBiffe": false,
    "WeightconversionFactor": "0",
    "IsWeightArticle": false,
    "nutriscoreLabel": "E",
    "IsBio": false,
    "CountryOfOrigin": "SPANJE",
    "IsExclusivelySoldInLuxembourg": false,
    "OrderUnit": "P",
    "ShortName": "NESTLE TUBE MELK 131ML",
    "IsNew": false,
    "RecentQuanityOfStockUnits": "1,24",
    "LongName": "NESTLÉ gecondens. melk suiker tube 131ml",
    "AlcoholVolume": "0",
    "FicCode": "E"
  },
  {
    "productId": "222703",
    "technicalArticleNumber": "3476941",
    "commercialArticleNumber": "15241",
    "name": "Zero Lemon",
    "description": "*Smaak: citroen\n*Bruisend\n*Suiker,zoetstoffen",
    "brand": "SCHWEPPES",
    "seoBrand": "Schweppes",
    "thumbNail": "https://static.colruytgroup.com/images/200x200/std.lang.all/25/27/asset-3232527.jpg",
    "fullImage": "https://static.colruytgroup.com/images/500x500/std.lang.all/25/27/asset-3232527.jpg",
    "squareImage": "https://static.colruytgroup.com/images/500x500sq/std.lang.all/25/27/asset-3232527.jpg",
    "content": "33cl",
    "walkRouteSequenceNumber": 4308,
    "price": {
      "basicPrice": 0.831,
      "recommendedQuantity": "6.0",
      "measurementUnitPrice": 2.53,
      "measurementUnit": "L",
      "isRedPrice": false,
      "pricePerUOM": 2.53,
      "activationDate": "16-03-2024",
      "recordSource": "Offline",
      "isPromoActive": "N",
      "priceChangeCode": "L"
    },
    "isAvailable": true,
    "isPriceAvailable": true,
    "inPromo": false,
    "gtin": [
      "05410221305306",
      "05410221205309",
      "05410221106316"
    ],
    "topCategoryName": "Dranken",
    "topCategoryId": "354",
    "businessDomain": "RETAIL_BE",
    "IsPrivateLabel": false,
    "IsBiffe": false,
    "WeightconversionFactor": "0",
    "IsWeightArticle": false,
    "nutriscoreLabel": "C",
    "IsBio": false,
    "CountryOfOrigin": "FRANKRIJK",
    "IsExclusivelySoldInLuxembourg": false,
    "OrderUnit": "P",
    "ShortName": "SCHWEP.LEM.ZERO BLIK33C",
    "InSeason": true,
    "IsNew": false,
    "RecentQuanityOfStockUnits": "1,24,6",
    "LongName": "SCHWEPPES Zero Lemon 33cl",
    "AlcoholVolume": "0",
    "StartSeasonDate": "14/11/2022",
    "FicCode": "E"
  },
  {
    "productId": "102506",
    "technicalArticleNumber": "3107704",
    "commercialArticleNumber": "38619",
    "name": "siroop citroen-limoen 0% suik.",
    "description": "*Smaak: limoen-citr.\n*1/9 siroop -\n*1/9 siroop -\n*13 % vruchtensap\n*Met zoetstoffen",
    "brand": "BONI",
    "seoBrand": "Boni Selection",
    "thumbNail": "https://static.colruytgroup.com/images/200x200/std.lang.all/91/26/asset-3209126.jpg",
    "fullImage": "https://static.colruytgroup.com/images/500x500/std.lang.all/91/26/asset-3209126.jpg",
    "squareImage": "https://static.colruytgroup.com/images/500x500sq/std.lang.all/91/26/asset-3209126.jpg",
    "content": "75cl",
    "walkRouteSequenceNumber": 4008,
    "price": {
      "basicPrice": 3.15,
      "recommendedQuantity": "1.0",
      "quantityPrice": 3.02,
      "quantityPriceQuantity": "6.0",
      "measurementUnitPrice": 4.2,
      "measurementUnitQuantityPrice": 4.03,
      "measurementUnit": "L",
      "isRedPrice": false,
      "pricePerUOM": 4.2,
      "activationDate": "16-06-2023",
      "isPromoActive": "N",
      "priceChangeCode": "H",
      "quantityPricePerUOM": 4.03,
      "quantityActivationDate": "16-06-2023",
      "quantityPriceChangeCode": "H"
    },
    "isAvailable": true,
    "isPriceAvailable": true,
    "inPromo": false,
    "gtin": [
      "15400141290803",
      "05400141290806",
      "05400141121766",
      "05400141135855",
      "05400141393088",
      "15400141135852"
    ],
    "topCategoryName": "Dranken",
    "topCategoryId": "354",
    "businessDomain": "RETAIL_BE",
    "IsPrivateLabel": true,
    "IsBiffe": false,
    "WeightconversionFactor": "0",
    "IsWeightArticle": false,
    "nutriscoreLabel": "C",
    "IsBio": false,
    "CountryOfOrigin": "FRANKRIJK",
    "IsExclusivelySoldInLuxembourg": false,
    "OrderUnit": "P",
    "ShortName": "BONI 0% LIMOEN-CITR.75",
    "IsNew": false,
    "EcoscoreLabel": "A",
    "RecentQuanityOfStockUnits": "6,1",
    "LongName": "BONI siroop citroen-limoen 0% suik. 75cl",
    "AlcoholVolume": "0",
    "FicCode": "I",
    "EcoscoreValue": "100"
  },
  {
    "productId": "138172",
    "technicalArticleNumber": "3143118",
    "commercialArticleNumber": "31753",
    "name": "bier kriek 3,5%",
    "description": "*Fruitbier\n*3,5 % vol\n*Smaak: kriek",
    "brand": "LINDEMANS",
    "seoBrand": "Lindemans",
    "thumbNail": "https://static.colruytgroup.com/images/200x200/std.lang.all/99/41/asset-879941.jpg",
    "fullImage": "https://static.colruytgroup.com/images/500x500/std.lang.all/99/41/asset-879941.jpg",
    "squareImage": "https://static.colruytgroup.com/images/500x500sq/std.lang.all/99/41/asset-879941.jpg",
    "content": "8x25cl",
    "walkRouteSequenceNumber": 3795,
    "price": {
      "basicPrice": 9.58,
      "recommendedQuantity": "1.0",
      "measurementUnitPrice": 4.79,
      "measurementUnit": "L",
      "isRedPrice": false,
      "pricePerUOM": 4.79,
      "activationDate": "20-02-2024",
      "recordSource": "Offline",
      "isPromoActive": "N",
      "priceChangeCode": "E"
    },
    "isAvailable": true,
    "isPriceAvailable": true,
    "inPromo": false,
    "gtin": [
      "05400141123210"
    ],
    "topCategoryName": "Dranken",
    "topCategoryId": "354",
    "businessDomain": "RETAIL_BE",
    "IsPrivateLabel": false,
    "IsBiffe": false,
    "WeightconversionFactor": "0",
    "IsWeightArticle": false,
    "IsBio": false,
    "CountryOfOrigin": "BELGIË",
    "IsExclusivelySoldInLuxembourg": false,
    "OrderUnit": "P",
    "ShortName": "LINDEMANS KRIEK 8X25CL",
    "IsNew": false,
    "RecentQuanityOfStockUnits": "1",
    "LongName": "LINDEMANS bier kriek 3,5% 8x25cl",
    "AlcoholVolume": "3.5",
    "FicCode": "I",
    "DepositValue": [
      0.8
    ]
  },
  {
    "productId": "1659",
    "technicalArticleNumber": "22354",
    "commercialArticleNumber": "22354",
    "name": "koffie Mildou",
    "description": "*Sterkte: heel\nzachte koffie\n*Smaak: fijn, rijk\naroma\n*Gemalen koffie",
    "brand": "DOUWE EGBERTS",
    "seoBrand": "Douwe Egberts",
    "thumbNail": "https://static.colruytgroup.com/images/200x200/std.lang.all/18/19/asset-1481819.jpg",
    "fullImage": "https://static.colruytgroup.com/images/500x500/std.lang.all/18/19/asset-1481819.jpg",
    "squareImage": "https://static.colruytgroup.com/images/500x500sq/std.lang.all/18/19/asset-1481819.jpg",
    "content": "250g",
    "walkRouteSequenceNumber": 1148,
    "price": {
      "basicPrice": 4.49,
      "recommendedQuantity": "1.0",
      "measurementUnitPrice": 17.96,
      "measurementUnit": "K",
      "isRedPrice": false,
      "pricePerUOM": 17.96,
      "activationDate": "26-02-2024",
      "recordSource": "Offline",
      "isPromoActive": "N",
      "priceChangeCode": "E"
    },
    "isAvailable": true,
    "isPriceAvailable": true,
    "inPromo": false,
    "gtin": [
      "05410138002077",
      "05410138049164",
      "05410138049935",
      "15410138002074"
    ],
    "topCategoryName": "Dranken",
    "topCategoryId": "354",
    "businessDomain": "RETAIL_BE",
    "IsPrivateLabel": false,
    "IsBiffe": false,
    "WeightconversionFactor": "0",
    "IsWeightArticle": false,
    "nutriscoreLabel": "B",
    "IsBio": false,
    "CountryOfOrigin": "FRANKRIJK",
    "IsExclusivelySoldInLuxembourg": false,
    "OrderUnit": "P",
    "ShortName": "D EGB MILDOU 250 GR",
    "IsNew": false,
    "RecentQuanityOfStockUnits": "1,12",
    "LongName": "DOUWE EGBERTS koffie Mildou 250g",
    "AlcoholVolume": "0",
    "FicCode": "E"
  },
  {
    "productId": "1659",
    "technicalArticleNumber": "22354",
    "commercialArticleNumber": "22354",
    "name": "koffie Mildou",
    "description": "*Sterkte: heel\nzachte koffie\n*Smaak: fijn, rijk\naroma\n*Gemalen koffie",
    "brand": "DOUWE EGBERTS",
    "seoBrand": "Douwe Egberts",
    "thumbNail": "https://static.colruytgroup.com/images/200x200/std.lang.all/18/19/asset-1481819.jpg",
    "fullImage": "https://static.colruytgroup.com/images/500x500/std.lang.all/18/19/asset-1481819.jpg",
    "squareImage": "https://static.colruytgroup.com/images/500x500sq/std.lang.all/18/19/asset-1481819.jpg",
    "content": "250g",
    "walkRouteSequenceNumber": 1148,
    "price": {
      "basicPrice": 4.49,
      "recommendedQuantity": "1.0",
      "measurementUnitPrice": 17.96,
      "measurementUnit": "K",
      "isRedPrice": false,
      "pricePerUOM": 17.96,
      "activationDate": "26-02-2024",
      "recordSource": "Offline",
      "isPromoActive": "N",
      "priceChangeCode": "E"
    },
    "isAvailable": true,
    "isPriceAvailable": true,
    "inPromo": false,
    "gtin": [
      "05410138002077",
      "05410138049164",
      "05410138049935",
      "15410138002074"
    ],
    "topCategoryName": "Dranken",
    "topCategoryId": "354",
    "businessDomain": "RETAIL_BE",
    "IsPrivateLabel": false,
    "IsBiffe": false,
    "WeightconversionFactor": "0",
    "IsWeightArticle": false,
    "nutriscoreLabel": "B",
    "IsBio": false,
    "CountryOfOrigin": "FRANKRIJK",
    "IsExclusivelySoldInLuxembourg": false,
    "OrderUnit": "P",
    "ShortName": "D EGB MILDOU 250 GR",
    "IsNew": false,
    "RecentQuanityOfStockUnits": "1,12",
    "LongName": "DOUWE EGBERTS koffie Mildou 250g",
    "AlcoholVolume": "0",
    "FicCode": "E"
  },
  {
    "productId": "39114",
    "technicalArticleNumber": "1849517",
    "commercialArticleNumber": "5431",
    "name": "sportdrank Red peach",
    "description": "*Sportdrank\n*Smaak: perzik",
    "brand": "AQUARIUS",
    "seoBrand": "Aquarius",
    "thumbNail": "https://static.colruytgroup.com/images/200x200/std.lang.all/37/09/asset-3243709.jpg",
    "fullImage": "https://static.colruytgroup.com/images/500x500/std.lang.all/37/09/asset-3243709.jpg",
    "squareImage": "https://static.colruytgroup.com/images/500x500sq/std.lang.all/37/09/asset-3243709.jpg",
    "content": "1,5L",
    "walkRouteSequenceNumber": 4728,
    "price": {
      "basicPrice": 3.57,
      "recommendedQuantity": "1.0",
      "quantityPrice": 2.5,
      "quantityPriceQuantity": "2.0",
      "measurementUnitPrice": 2.38,
      "measurementUnitQuantityPrice": 1.67,
      "measurementUnit": "L",
      "isRedPrice": false,
      "pricePerUOM": 2.38,
      "activationDate": "20-03-2024",
      "recordSource": "Online",
      "isPromoActive": "Y",
      "priceChangeCode": "H",
      "quantityPricePerUOM": 1.67,
      "quantityActivationDate": "20-03-2024",
      "quantityPriceChangeCode": "E"
    },
    "isAvailable": true,
    "isPriceAvailable": true,
    "inPromo": false,
    "gtin": [
      "05449000144881",
      "05449000144898"
    ],
    "topCategoryName": "Dranken",
    "topCategoryId": "354",
    "businessDomain": "RETAIL_BE",
    "IsPrivateLabel": false,
    "IsBiffe": false,
    "WeightconversionFactor": "0",
    "IsWeightArticle": false,
    "nutriscoreLabel": "D",
    "IsBio": false,
    "CountryOfOrigin": "BELGIË",
    "IsExclusivelySoldInLuxembourg": false,
    "OrderUnit": "P",
    "ShortName": "AQUARIUS RED PEACH 1L5",
    "IsNew": false,
    "RecentQuanityOfStockUnits": "1,6",
    "LongName": "AQUARIUS sportdrank Red peach 1,5L",
    "AlcoholVolume": "0",
    "FicCode": "E"
  },
  {
    "productId": "384",
    "technicalArticleNumber": "5277",
    "commercialArticleNumber": "5277",
    "name": "bier donker 11,0%vol",
    "description": "*Speciaalbier\n*11 % vol\n*Nagisting op fles",
    "brand": "KASTEEL",
    "seoBrand": "Kasteel",
    "thumbNail": "https://static.colruytgroup.com/images/200x200/std.lang.all/34/58/asset-1793458.jpg",
    "fullImage": "https://static.colruytgroup.com/images/500x500/std.lang.all/34/58/asset-1793458.jpg",
    "squareImage": "https://static.colruytgroup.com/images/500x500sq/std.lang.all/34/58/asset-1793458.jpg",
    "content": "6x33cl",
    "walkRouteSequenceNumber": 3691,
    "price": {
      "basicPrice": 8.34,
      "recommendedQuantity": "1.0",
      "measurementUnitPrice": 4.22,
      "measurementUnit": "L",
      "isRedPrice": false,
      "pricePerUOM": 4.22,
      "activationDate": "07-03-2024",
      "recordSource": "Offline",
      "isPromoActive": "N",
      "priceChangeCode": "H"
    },
    "isAvailable": true,
    "isPriceAvailable": true,
    "inPromo": false,
    "gtin": [
      "05400141052770",
      "05411081000523",
      "05411081000769"
    ],
    "topCategoryName": "Dranken",
    "topCategoryId": "354",
    "businessDomain": "RETAIL_BE",
    "IsPrivateLabel": false,
    "IsBiffe": false,
    "WeightconversionFactor": "0",
    "IsWeightArticle": false,
    "IsBio": false,
    "CountryOfOrigin": "BELGIË",
    "IsExclusivelySoldInLuxembourg": false,
    "OrderUnit": "P",
    "ShortName": "KASTEEL DONKER 6X33C",
    "IsNew": false,
    "EcoscoreLabel": "D",
    "RecentQuanityOfStockUnits": "1",
    "LongName": "KASTEEL bier donker 11,0%vol 6x33cl",
    "AlcoholVolume": "11",
    "FicCode": "I",
    "DepositValue": [
      0.6
    ],
    "EcoscoreValue": "37"
  },
  {
    "productId": "784752",
    "technicalArticleNumber": "4584747",
    "commercialArticleNumber": "12213",
    "name": "bruisend water",
    "description": "*Mineraalwater\n*Bruisend\n*Droogrest: 3325mg/l",
    "brand": "VICHY CELESTINS",
    "seoBrand": "Vichy Celestins",
    "thumbNail": "https://static.colruytgroup.com/images/200x200/std.lang.all/29/31/asset-3232931.jpg",
    "fullImage": "https://static.colruytgroup.com/images/500x500/std.lang.all/29/31/asset-3232931.jpg",
    "squareImage": "https://static.colruytgroup.com/images/500x500sq/std.lang.all/29/31/asset-3232931.jpg",
    "content": "1,15L",
    "walkRouteSequenceNumber": 3865,
    "price": {
      "basicPrice": 1.41,
      "recommendedQuantity": "6.0",
      "quantityPrice": 1.3,
      "quantityPriceQuantity": "18.0",
      "measurementUnitPrice": 1.23,
      "measurementUnitQuantityPrice": 1.14,
      "measurementUnit": "L",
      "isRedPrice": false,
      "pricePerUOM": 1.23,
      "activationDate": "13-03-2024",
      "recordSource": "Offline",
      "isPromoActive": "N",
      "priceChangeCode": "H",
      "quantityPricePerUOM": 1.14,
      "quantityActivationDate": "13-03-2024",
      "quantityPriceChangeCode": "H"
    },
    "isAvailable": true,
    "isPriceAvailable": true,
    "inPromo": false,
    "gtin": [
      "03108022065513",
      "03108021065514"
    ],
    "topCategoryName": "Dranken",
    "topCategoryId": "354",
    "businessDomain": "RETAIL_BE",
    "IsPrivateLabel": false,
    "IsBiffe": false,
    "WeightconversionFactor": "0",
    "IsWeightArticle": false,
    "nutriscoreLabel": "A",
    "IsBio": false,
    "CountryOfOrigin": "FRANKRIJK",
    "IsExclusivelySoldInLuxembourg": false,
    "OrderUnit": "P",
    "ShortName": "VICH CELE BRUISEND1.15L",
    "IsNew": false,
    "RecentQuanityOfStockUnits": "1,6",
    "LongName": "VICHY CELESTINS bruisend water 1,15L",
    "FicCode": "E"
  },
  {
    "productId": "713453",
    "technicalArticleNumber": "4457055",
    "commercialArticleNumber": "10947",
    "name": "Barista haverdrink",
    "description": "*Plantaardige drank\n*Haver",
    "brand": "ALPRO",
    "seoBrand": "Alpro",
    "thumbNail": "https://static.colruytgroup.com/images/200x200/std.lang.all/86/49/asset-3368649.jpg",
    "fullImage": "https://static.colruytgroup.com/images/500x500/std.lang.all/86/49/asset-3368649.jpg",
    "squareImage": "https://static.colruytgroup.com/images/500x500sq/std.lang.all/86/49/asset-3368649.jpg",
    "content": "50cl",
    "walkRouteSequenceNumber": 6288,
    "price": {
      "basicPrice": 1.99,
      "recommendedQuantity": "1.0",
      "measurementUnitPrice": 3.98,
      "measurementUnit": "L",
      "isRedPrice": false,
      "pricePerUOM": 3.98,
      "activationDate": "18-03-2024",
      "recordSource": "Offline",
      "isPromoActive": "N",
      "priceChangeCode": "H"
    },
    "isAvailable": true,
    "isPriceAvailable": true,
    "inPromo": false,
    "gtin": [
      "05411188134466",
      "05411188134459"
    ],
    "topCategoryName": "Zuivel",
    "topCategoryId": "65",
    "businessDomain": "RETAIL_BE",
    "IsPrivateLabel": false,
    "IsBiffe": false,
    "WeightconversionFactor": "0",
    "IsWeightArticle": false,
    "nutriscoreLabel": "A",
    "IsBio": false,
    "CountryOfOrigin": "BELGIË",
    "IsExclusivelySoldInLuxembourg": false,
    "OrderUnit": "P",
    "ShortName": "ALPR BARISTA HAVER 50CL",
    "IsNew": false,
    "EcoscoreLabel": "B",
    "RecentQuanityOfStockUnits": "1,8",
    "LongName": "ALPRO Barista haverdrink 50cl",
    "FicCode": "E",
    "EcoscoreValue": "67"
  },
  {
    "productId": "110234",
    "technicalArticleNumber": "3087929",
    "commercialArticleNumber": "41367",
    "name": "tonic Premium Indian",
    "description": "*Bruisend\n*Bevat kinine\n*Neutrale tonic",
    "brand": "FEVER-TREE",
    "seoBrand": "Fever-Tree",
    "thumbNail": "https://static.colruytgroup.com/images/200x200/std.lang.all/00/34/asset-600034.jpg",
    "fullImage": "https://static.colruytgroup.com/images/500x500/std.lang.all/00/34/asset-600034.jpg",
    "squareImage": "https://static.colruytgroup.com/images/500x500sq/std.lang.all/00/34/asset-600034.jpg",
    "content": "4x20cl",
    "walkRouteSequenceNumber": 767,
    "price": {
      "basicPrice": 4.99,
      "recommendedQuantity": "1.0",
      "measurementUnitPrice": 6.24,
      "measurementUnit": "L",
      "isRedPrice": false,
      "pricePerUOM": 6.24,
      "activationDate": "02-02-2024",
      "recordSource": "Offline",
      "isPromoActive": "N",
      "priceChangeCode": "E"
    },
    "isAvailable": true,
    "isPriceAvailable": true,
    "inPromo": false,
    "gtin": [
      "05060108450003",
      "05060108450010",
      "05060108450034"
    ],
    "topCategoryName": "Dranken",
    "topCategoryId": "354",
    "businessDomain": "RETAIL_BE",
    "IsPrivateLabel": false,
    "IsBiffe": false,
    "WeightconversionFactor": "0",
    "IsWeightArticle": false,
    "nutriscoreLabel": "E",
    "IsBio": false,
    "CountryOfOrigin": "VERENIGD KONINKRIJK",
    "IsExclusivelySoldInLuxembourg": false,
    "OrderUnit": "P",
    "ShortName": "FEV TREE INDI.TON.4X200",
    "IsNew": false,
    "RecentQuanityOfStockUnits": "1,6",
    "LongName": "FEVER-TREE tonic Premium Indian 4x20cl",
    "AlcoholVolume": "0",
    "FicCode": "E"
  },
  {
    "productId": "869945",
    "technicalArticleNumber": "4723393",
    "commercialArticleNumber": "20639",
    "name": "Ayur.gember-honing-citroen",
    "description": "*Infusie",
    "brand": "TWININGS",
    "seoBrand": "Twinings",
    "thumbNail": "https://static.colruytgroup.com/images/200x200/std.lang.all/10/85/asset-3291085.jpg",
    "fullImage": "https://static.colruytgroup.com/images/500x500/std.lang.all/10/85/asset-3291085.jpg",
    "squareImage": "https://static.colruytgroup.com/images/500x500sq/std.lang.all/10/85/asset-3291085.jpg",
    "content": "20st",
    "walkRouteSequenceNumber": 1241,
    "price": {
      "basicPrice": 3.59,
      "recommendedQuantity": "1.0",
      "measurementUnitPrice": 112.19,
      "measurementUnit": "K",
      "isRedPrice": false,
      "pricePerUOM": 112.19,
      "activationDate": "19-03-2024",
      "recordSource": "Offline",
      "isPromoActive": "N",
      "priceChangeCode": "E"
    },
    "isAvailable": true,
    "isPriceAvailable": true,
    "inPromo": false,
    "gtin": [
      "05055953903033",
      "05055953951645"
    ],
    "topCategoryName": "Dranken",
    "topCategoryId": "354",
    "businessDomain": "RETAIL_BE",
    "IsPrivateLabel": false,
    "IsBiffe": false,
    "WeightconversionFactor": "0",
    "IsWeightArticle": false,
    "IsBio": false,
    "CountryOfOrigin": "POLEN",
    "IsExclusivelySoldInLuxembourg": false,
    "OrderUnit": "P",
    "ShortName": "TWIN GEMB-HONI-CITR20ST",
    "IsNew": false,
    "EcoscoreLabel": "B",
    "RecentQuanityOfStockUnits": "1,10",
    "LongName": "TWININGS Ayur.gember-honing-citroen 20st",
    "AlcoholVolume": "0",
    "FicCode": "E",
    "EcoscoreValue": "79"
  },
  {
    "productId": "461273",
    "technicalArticleNumber": "4027748",
    "commercialArticleNumber": "5424",
    "name": "Paw Patrol appelsap Bio",
    "brand": "ZAGAZOE!",
    "seoBrand": "Zagazoe! Paw Patrol",
    "thumbNail": "https://static.colruytgroup.com/images/200x200/std.lang.all/27/87/asset-1772787.jpg",
    "fullImage": "https://static.colruytgroup.com/images/500x500/std.lang.all/27/87/asset-1772787.jpg",
    "squareImage": "https://static.colruytgroup.com/images/500x500sq/std.lang.all/27/87/asset-1772787.jpg",
    "content": "3x20cl",
    "walkRouteSequenceNumber": 4750,
    "price": {
      "basicPrice": 1.99,
      "recommendedQuantity": "1.0",
      "quantityPrice": 1.91,
      "quantityPriceQuantity": "10.0",
      "measurementUnitPrice": 3.32,
      "measurementUnitQuantityPrice": 3.19,
      "measurementUnit": "L",
      "isRedPrice": false,
      "pricePerUOM": 3.32,
      "activationDate": "15-03-2024",
      "isPromoActive": "N",
      "priceChangeCode": "E",
      "quantityPricePerUOM": 3.19,
      "quantityActivationDate": "15-03-2024",
      "quantityPriceChangeCode": "E"
    },
    "isAvailable": true,
    "isPriceAvailable": true,
    "inPromo": false,
    "gtin": [
      "05425019202675",
      "05425019202682",
      "15425019202689"
    ],
    "topCategoryName": "Dranken",
    "topCategoryId": "354",
    "businessDomain": "RETAIL_BE",
    "IsPrivateLabel": false,
    "IsBiffe": false,
    "WeightconversionFactor": "0",
    "IsWeightArticle": false,
    "nutriscoreLabel": "C",
    "IsBio": true,
    "CountryOfOrigin": "DUITSLAND",
    "IsExclusivelySoldInLuxembourg": false,
    "OrderUnit": "P",
    "ShortName": "ZAGA PP BIO APPELS3X20C",
    "IsNew": false,
    "EcoscoreLabel": "C",
    "RecentQuanityOfStockUnits": "10,1",
    "LongName": "ZAGAZOE! Paw Patrol appelsap Bio 3x20cl",
    "AlcoholVolume": "0",
    "FicCode": "E",
    "EcoscoreValue": "49"
  },
  {
    "productId": "335941",
    "technicalArticleNumber": "3814367",
    "commercialArticleNumber": "51211",
    "name": "Gemalen Moka RFA",
    "description": "*Sterkte: Intense\nkoffie\n*Smaak: karaktervol,\npittig\n*Gemalen koffie",
    "brand": "GRAINDOR",
    "seoBrand": "Graindor",
    "thumbNail": "https://static.colruytgroup.com/images/200x200/std.lang.all/20/78/asset-1512078.jpg",
    "fullImage": "https://static.colruytgroup.com/images/500x500/std.lang.all/20/78/asset-1512078.jpg",
    "squareImage": "https://static.colruytgroup.com/images/500x500sq/std.lang.all/20/78/asset-1512078.jpg",
    "content": "250g",
    "walkRouteSequenceNumber": 1079,
    "price": {
      "basicPrice": 2.99,
      "recommendedQuantity": "4.0",
      "quantityPrice": 2.87,
      "quantityPriceQuantity": "12.0",
      "measurementUnitPrice": 11.96,
      "measurementUnitQuantityPrice": 11.48,
      "measurementUnit": "K",
      "isRedPrice": false,
      "pricePerUOM": 11.96,
      "activationDate": "17-01-2024",
      "isPromoActive": "N",
      "priceChangeCode": "H",
      "quantityPricePerUOM": 11.48,
      "quantityActivationDate": "17-01-2024",
      "quantityPriceChangeCode": "H"
    },
    "isAvailable": true,
    "isPriceAvailable": true,
    "inPromo": false,
    "gtin": [
      "05400141033489",
      "15400141033486",
      "25400141033483"
    ],
    "topCategoryName": "Dranken",
    "topCategoryId": "354",
    "businessDomain": "RETAIL_BE",
    "IsPrivateLabel": true,
    "IsBiffe": false,
    "WeightconversionFactor": "0",
    "IsWeightArticle": false,
    "nutriscoreLabel": "B",
    "IsBio": false,
    "CountryOfOrigin": "BELGIË",
    "IsExclusivelySoldInLuxembourg": false,
    "OrderUnit": "P",
    "ShortName": "RFA GRAI MOKA GMLN 250G",
    "IsNew": false,
    "EcoscoreLabel": "B",
    "RecentQuanityOfStockUnits": "4,1,24",
    "LongName": "GRAINDOR Gemalen Moka RFA 250g",
    "AlcoholVolume": "0",
    "FicCode": "I",
    "EcoscoreValue": "62"
  },
  {
    "productId": "824121",
    "technicalArticleNumber": "4660016",
    "commercialArticleNumber": "29805",
    "name": "zachte smaak minder pulp",
    "brand": "APPELSIENTJE",
    "seoBrand": "Appelsientje",
    "thumbNail": "https://static.colruytgroup.com/images/200x200/std.lang.all/38/02/asset-3193802.jpg",
    "fullImage": "https://static.colruytgroup.com/images/500x500/std.lang.all/38/02/asset-3193802.jpg",
    "squareImage": "https://static.colruytgroup.com/images/500x500sq/std.lang.all/38/02/asset-3193802.jpg",
    "content": "1L",
    "walkRouteSequenceNumber": 4851,
    "price": {
      "basicPrice": 2.78,
      "recommendedQuantity": "1.0",
      "measurementUnitPrice": 2.78,
      "measurementUnit": "L",
      "isRedPrice": false,
      "pricePerUOM": 2.78,
      "activationDate": "17-02-2024",
      "isPromoActive": "N",
      "priceChangeCode": "E"
    },
    "isAvailable": true,
    "isPriceAvailable": true,
    "inPromo": false,
    "gtin": [
      "08720157467847",
      "08720157467809",
      "08720157467816"
    ],
    "topCategoryName": "Dranken",
    "topCategoryId": "354",
    "businessDomain": "RETAIL_BE",
    "IsPrivateLabel": false,
    "IsBiffe": false,
    "WeightconversionFactor": "0",
    "IsWeightArticle": false,
    "nutriscoreLabel": "C",
    "IsBio": false,
    "CountryOfOrigin": "NEDERLAND",
    "IsExclusivelySoldInLuxembourg": false,
    "OrderUnit": "P",
    "ShortName": "APPE ZACHT MIND.PULP 1L",
    "IsNew": false,
    "EcoscoreLabel": "A",
    "RecentQuanityOfStockUnits": "4,8,1",
    "LongName": "APPELSIENTJE zachte smaak minder pulp 1L",
    "FicCode": "E",
    "EcoscoreValue": "92"
  },
  {
    "productId": "688781",
    "technicalArticleNumber": "4413993",
    "commercialArticleNumber": "10502",
    "name": "Cassis",
    "description": "*Bruisende limonade\n*Smaak: Zwarte bes",
    "brand": "FANTA",
    "seoBrand": "Fanta",
    "thumbNail": "https://static.colruytgroup.com/images/200x200/std.lang.all/64/78/asset-2366478.jpg",
    "fullImage": "https://static.colruytgroup.com/images/500x500/std.lang.all/64/78/asset-2366478.jpg",
    "squareImage": "https://static.colruytgroup.com/images/500x500sq/std.lang.all/64/78/asset-2366478.jpg",
    "content": "33cl",
    "walkRouteSequenceNumber": 4263,
    "price": {
      "basicPrice": 1.09,
      "recommendedQuantity": "1.0",
      "quantityPrice": 1.05,
      "quantityPriceQuantity": "24.0",
      "measurementUnitPrice": 3.31,
      "measurementUnitQuantityPrice": 3.19,
      "measurementUnit": "L",
      "isRedPrice": false,
      "pricePerUOM": 3.31,
      "activationDate": "14-03-2024",
      "recordSource": "Online",
      "isPromoActive": "N",
      "priceChangeCode": "E",
      "quantityPricePerUOM": 3.19,
      "quantityActivationDate": "14-03-2024",
      "quantityPriceChangeCode": "E"
    },
    "isAvailable": true,
    "isPriceAvailable": true,
    "inPromo": true,
    "promotion": [
      {
        "techPromoId": "100843COLR",
        "promotionId": "100843",
        "promotionType": "3",
        "isPersonalized": "N",
        "publicationStartDate": "13-03-2024",
        "publicationEndDate": "26-03-2024"
      }
    ],
    "gtin": [
      "05449000293961",
      "05449000302960",
      "05449000006721",
      "09049000000246"
    ],
    "topCategoryName": "Dranken",
    "topCategoryId": "354",
    "businessDomain": "RETAIL_BE",
    "IsPrivateLabel": false,
    "IsBiffe": false,
    "WeightconversionFactor": "0",
    "IsWeightArticle": false,
    "nutriscoreLabel": "E",
    "IsBio": false,
    "CountryOfOrigin": "BELGIË",
    "IsExclusivelySoldInLuxembourg": false,
    "OrderUnit": "P",
    "ShortName": "FANT CASSIS 33CL",
    "IsNew": false,
    "RecentQuanityOfStockUnits": "1,24",
    "LongName": "FANTA Cassis 33cl",
    "FicCode": "E"
  },
  {
    "productId": "17222",
    "technicalArticleNumber": "1458385",
    "commercialArticleNumber": "19712",
    "name": "sinaasappelsap PET",
    "description": "*Sinaasappeldrank\n*Uit sapconcentraat\n*Met 100 % vruchten\n*Zonder pulp",
    "brand": "BONI",
    "seoBrand": "Boni Selection",
    "thumbNail": "https://static.colruytgroup.com/images/200x200/std.lang.all/84/41/asset-3178441.jpg",
    "fullImage": "https://static.colruytgroup.com/images/500x500/std.lang.all/84/41/asset-3178441.jpg",
    "squareImage": "https://static.colruytgroup.com/images/500x500sq/std.lang.all/84/41/asset-3178441.jpg",
    "content": "50cl",
    "walkRouteSequenceNumber": 4825,
    "price": {
      "basicPrice": 1.39,
      "recommendedQuantity": "6.0",
      "quantityPrice": 1.28,
      "quantityPriceQuantity": "24.0",
      "measurementUnitPrice": 2.78,
      "measurementUnitQuantityPrice": 2.56,
      "measurementUnit": "L",
      "isRedPrice": false,
      "pricePerUOM": 2.78,
      "activationDate": "14-03-2024",
      "isPromoActive": "N",
      "priceChangeCode": "H",
      "quantityPricePerUOM": 2.56,
      "quantityActivationDate": "14-03-2024",
      "quantityPriceChangeCode": "H"
    },
    "isAvailable": true,
    "isPriceAvailable": true,
    "inPromo": false,
    "gtin": [
      "05400141034769",
      "05400141303896",
      "15400141034766",
      "15400141303893",
      "25400141034763",
      "25400141303890",
      "05400141087475"
    ],
    "topCategoryName": "Dranken",
    "topCategoryId": "354",
    "businessDomain": "RETAIL_BE",
    "IsPrivateLabel": true,
    "IsBiffe": false,
    "WeightconversionFactor": "0",
    "IsWeightArticle": false,
    "nutriscoreLabel": "C",
    "IsBio": false,
    "CountryOfOrigin": "DUITSLAND",
    "IsExclusivelySoldInLuxembourg": false,
    "OrderUnit": "P",
    "ShortName": "BONI SINAAS 50CL PET",
    "IsNew": false,
    "EcoscoreLabel": "A",
    "RecentQuanityOfStockUnits": "6,1,24",
    "LongName": "BONI sinaasappelsap PET 50cl",
    "AlcoholVolume": "0",
    "FicCode": "I",
    "EcoscoreValue": "100"
  },
  {
    "productId": "604918",
    "technicalArticleNumber": "4274438",
    "commercialArticleNumber": "23090",
    "name": "Ice Tea Zero Peach",
    "description": "*Ice tea\n*Perziksmaak\n*Non-sparkling\n*Ijs thee\n*Soft drink",
    "brand": "LIPTON",
    "seoBrand": "Lipton",
    "thumbNail": "https://static.colruytgroup.com/images/200x200/std.lang.all/33/10/asset-2093310.jpg",
    "fullImage": "https://static.colruytgroup.com/images/500x500/std.lang.all/33/10/asset-2093310.jpg",
    "squareImage": "https://static.colruytgroup.com/images/500x500sq/std.lang.all/33/10/asset-2093310.jpg",
    "content": "33cl",
    "walkRouteSequenceNumber": 4218,
    "price": {
      "basicPrice": 0.786,
      "recommendedQuantity": "8.0",
      "measurementUnitPrice": 2.39,
      "measurementUnit": "L",
      "isRedPrice": false,
      "pricePerUOM": 2.39,
      "activationDate": "20-02-2024",
      "recordSource": "Offline",
      "isPromoActive": "N",
      "priceChangeCode": "L"
    },
    "isAvailable": true,
    "isPriceAvailable": true,
    "inPromo": false,
    "gtin": [
      "08710604774253",
      "08710604775311",
      "08710604774185"
    ],
    "topCategoryName": "Dranken",
    "topCategoryId": "354",
    "businessDomain": "RETAIL_BE",
    "IsPrivateLabel": false,
    "IsBiffe": false,
    "WeightconversionFactor": "0",
    "IsWeightArticle": false,
    "nutriscoreLabel": "C",
    "IsBio": false,
    "CountryOfOrigin": "BELGIË",
    "IsExclusivelySoldInLuxembourg": false,
    "OrderUnit": "P",
    "ShortName": "LIPT I.T.ZERO PEACH33CL",
    "IsNew": false,
    "RecentQuanityOfStockUnits": "24,1,8",
    "LongName": "LIPTON Ice Tea Zero Peach 33cl",
    "FicCode": "E"
  },
  {
    "productId": "607462",
    "technicalArticleNumber": "4278318",
    "commercialArticleNumber": "20060",
    "name": "Bruisend",
    "brand": "DR PEPPER",
    "seoBrand": "Dr Pepper",
    "thumbNail": "https://static.colruytgroup.com/images/200x200/std.lang.all/01/00/asset-3270100.jpg",
    "fullImage": "https://static.colruytgroup.com/images/500x500/std.lang.all/01/00/asset-3270100.jpg",
    "squareImage": "https://static.colruytgroup.com/images/500x500sq/std.lang.all/01/00/asset-3270100.jpg",
    "content": "33cl",
    "walkRouteSequenceNumber": 4343,
    "price": {
      "basicPrice": 0.95,
      "recommendedQuantity": "6.0",
      "measurementUnitPrice": 2.88,
      "measurementUnit": "L",
      "isRedPrice": false,
      "pricePerUOM": 2.88,
      "activationDate": "28-02-2024",
      "recordSource": "Offline",
      "isPromoActive": "N",
      "priceChangeCode": "L"
    },
    "isAvailable": true,
    "isPriceAvailable": true,
    "inPromo": false,
    "gtin": [
      "03124480197368",
      "03124488197377",
      "03124480197375",
      "05410221336607",
      "05017818800116",
      "05410221016608"
    ],
    "topCategoryName": "Dranken",
    "topCategoryId": "354",
    "businessDomain": "RETAIL_BE",
    "IsPrivateLabel": false,
    "IsBiffe": false,
    "WeightconversionFactor": "0",
    "IsWeightArticle": false,
    "nutriscoreLabel": "E",
    "IsBio": false,
    "CountryOfOrigin": "FRANKRIJK",
    "IsExclusivelySoldInLuxembourg": false,
    "OrderUnit": "P",
    "ShortName": "DRPE CAN 33CL .",
    "IsNew": false,
    "RecentQuanityOfStockUnits": "6,24,1",
    "LongName": "DR PEPPER Bruisend 33cl",
    "AlcoholVolume": "0",
    "FicCode": "E"
  },
  {
    "productId": "648204",
    "technicalArticleNumber": "4346025",
    "commercialArticleNumber": "19910",
    "name": "Zero Sugar Lemon & Lime",
    "description": "*Limonade\n*Bruisend\n*Smaak: citroen,\nlimoen\n*Met zoetstoffen",
    "brand": "7UP",
    "seoBrand": "7UP",
    "thumbNail": "https://static.colruytgroup.com/images/200x200/std.lang.all/55/04/asset-2285504.jpg",
    "fullImage": "https://static.colruytgroup.com/images/500x500/std.lang.all/55/04/asset-2285504.jpg",
    "squareImage": "https://static.colruytgroup.com/images/500x500sq/std.lang.all/55/04/asset-2285504.jpg",
    "content": "1,5L",
    "walkRouteSequenceNumber": 4315,
    "price": {
      "basicPrice": 2.14,
      "recommendedQuantity": "6.0",
      "measurementUnitPrice": 1.43,
      "measurementUnit": "L",
      "isRedPrice": false,
      "pricePerUOM": 1.43,
      "activationDate": "18-03-2024",
      "recordSource": "Offline",
      "isPromoActive": "N",
      "priceChangeCode": "E"
    },
    "isAvailable": true,
    "isPriceAvailable": true,
    "inPromo": false,
    "gtin": [
      "08710398518880",
      "08710398518859"
    ],
    "topCategoryName": "Dranken",
    "topCategoryId": "354",
    "businessDomain": "RETAIL_BE",
    "IsPrivateLabel": false,
    "IsBiffe": false,
    "WeightconversionFactor": "0",
    "IsWeightArticle": false,
    "nutriscoreLabel": "B",
    "IsBio": false,
    "CountryOfOrigin": "BELGIË",
    "IsExclusivelySoldInLuxembourg": false,
    "OrderUnit": "P",
    "ShortName": "7UP ZS LEMON LIME 1.5L",
    "IsNew": false,
    "RecentQuanityOfStockUnits": "1,6",
    "LongName": "7UP Zero Sugar Lemon & Lime 1,5L",
    "FicCode": "E"
  },
  {
    "productId": "56701",
    "technicalArticleNumber": "2412815",
    "commercialArticleNumber": "8557",
    "name": "abdijbier bruin 6,5% blik",
    "description": "*Abdijbier\n*6,5 % vol",
    "brand": "LEFFE",
    "seoBrand": "Leffe",
    "thumbNail": "https://static.colruytgroup.com/images/200x200/std.lang.all/00/25/asset-2460025.jpg",
    "fullImage": "https://static.colruytgroup.com/images/500x500/std.lang.all/00/25/asset-2460025.jpg",
    "squareImage": "https://static.colruytgroup.com/images/500x500sq/std.lang.all/00/25/asset-2460025.jpg",
    "content": "50cl",
    "walkRouteSequenceNumber": 3665,
    "price": {
      "basicPrice": 1.28,
      "recommendedQuantity": "6.0",
      "measurementUnitPrice": 2.56,
      "measurementUnit": "L",
      "isRedPrice": false,
      "pricePerUOM": 2.56,
      "activationDate": "19-03-2024",
      "recordSource": "Folder",
      "isPromoActive": "Y",
      "priceChangeCode": "L"
    },
    "isAvailable": true,
    "isPriceAvailable": true,
    "inPromo": true,
    "promotion": [
      {
        "techPromoId": "100917COLR",
        "promotionId": "100917",
        "promotionType": "3",
        "isPersonalized": "N",
        "publicationStartDate": "13-03-2024",
        "publicationEndDate": "26-03-2024"
      }
    ],
    "gtin": [
      "05410228201236",
      "05410228222316",
      "05410228222262"
    ],
    "topCategoryName": "Dranken",
    "topCategoryId": "354",
    "businessDomain": "RETAIL_BE",
    "IsPrivateLabel": false,
    "IsBiffe": false,
    "WeightconversionFactor": "0",
    "IsWeightArticle": false,
    "IsBio": false,
    "CountryOfOrigin": "BELGIË",
    "IsExclusivelySoldInLuxembourg": false,
    "OrderUnit": "P",
    "ShortName": "LEFFE BRUIN BLIK 50CL",
    "IsNew": false,
    "RecentQuanityOfStockUnits": "6,1,24",
    "LongName": "LEFFE abdijbier bruin 6,5% blik 50cl",
    "AlcoholVolume": "6.5",
    "FicCode": "E"
  },
  {
    "productId": "27216",
    "technicalArticleNumber": "1894465",
    "commercialArticleNumber": "19649",
    "name": "ananassap PET",
    "description": "*Ananassap\n*Uit sapconcentraat\n*Met 50 % vruchten\n*Met pulp",
    "brand": "GRANINI",
    "seoBrand": "Granini",
    "thumbNail": "https://static.colruytgroup.com/images/200x200/std.lang.all/65/87/asset-1176587.jpg",
    "fullImage": "https://static.colruytgroup.com/images/500x500/std.lang.all/65/87/asset-1176587.jpg",
    "squareImage": "https://static.colruytgroup.com/images/500x500sq/std.lang.all/65/87/asset-1176587.jpg",
    "content": "1L",
    "walkRouteSequenceNumber": 4764,
    "price": {
      "basicPrice": 3.25,
      "recommendedQuantity": "1.0",
      "measurementUnitPrice": 3.25,
      "measurementUnit": "L",
      "isRedPrice": false,
      "pricePerUOM": 3.25,
      "activationDate": "20-03-2024",
      "recordSource": "Offline",
      "isPromoActive": "N",
      "priceChangeCode": "H"
    },
    "isAvailable": true,
    "isPriceAvailable": true,
    "inPromo": false,
    "gtin": [
      "03503780002051",
      "03503780002068"
    ],
    "topCategoryName": "Dranken",
    "topCategoryId": "354",
    "businessDomain": "RETAIL_BE",
    "IsPrivateLabel": false,
    "IsBiffe": false,
    "WeightconversionFactor": "0",
    "IsWeightArticle": false,
    "nutriscoreLabel": "C",
    "IsBio": false,
    "CountryOfOrigin": "DUITSLAND",
    "IsExclusivelySoldInLuxembourg": false,
    "OrderUnit": "P",
    "ShortName": "GRANINI ANANAS PET 1L",
    "IsNew": false,
    "EcoscoreLabel": "E",
    "RecentQuanityOfStockUnits": "1,6",
    "LongName": "GRANINI ananassap PET 1L",
    "AlcoholVolume": "0",
    "FicCode": "E",
    "EcoscoreValue": "0"
  },
  {
    "productId": "1297",
    "technicalArticleNumber": "19124",
    "commercialArticleNumber": "19124",
    "name": "bitter à l'orange 18,0%vol",
    "description": "*Bitter\n*Aperitief\n*18,0 % vol",
    "brand": "PICON",
    "seoBrand": "Picon",
    "thumbNail": "https://static.colruytgroup.com/images/200x200/std.lang.all/96/20/asset-389620.jpg",
    "fullImage": "https://static.colruytgroup.com/images/500x500/std.lang.all/96/20/asset-389620.jpg",
    "squareImage": "https://static.colruytgroup.com/images/500x500sq/std.lang.all/96/20/asset-389620.jpg",
    "content": "70cl",
    "walkRouteSequenceNumber": 863,
    "price": {
      "basicPrice": 13.65,
      "recommendedQuantity": "1.0",
      "measurementUnitPrice": 19.5,
      "measurementUnit": "L",
      "isRedPrice": false,
      "pricePerUOM": 19.5,
      "activationDate": "03-02-2024",
      "recordSource": "Online",
      "isPromoActive": "N",
      "priceChangeCode": "H"
    },
    "isAvailable": true,
    "isPriceAvailable": true,
    "inPromo": false,
    "gtin": [
      "05010103909044",
      "05010103931908"
    ],
    "topCategoryName": "Dranken",
    "topCategoryId": "354",
    "businessDomain": "RETAIL_BE",
    "IsPrivateLabel": false,
    "IsBiffe": false,
    "WeightconversionFactor": "0",
    "IsWeightArticle": false,
    "IsBio": false,
    "CountryOfOrigin": "ITALIË",
    "IsExclusivelySoldInLuxembourg": false,
    "OrderUnit": "P",
    "ShortName": "PICON A ORANGE 18G 70CL",
    "IsNew": false,
    "EcoscoreLabel": "E",
    "RecentQuanityOfStockUnits": "1,6",
    "LongName": "PICON bitter à l'orange 18,0%vol 70cl",
    "AlcoholVolume": "18",
    "FicCode": "E",
    "EcoscoreValue": "18"
  },
  {
    "productId": "1447",
    "technicalArticleNumber": "19621",
    "commercialArticleNumber": "19621",
    "name": "Appelsap brik",
    "description": "*Appelsap\n*Uit sapconcentraat\n*Met 100 % vruchten\n*Zonder pulp",
    "brand": "MINUTE MAID",
    "seoBrand": "Minute Maid",
    "thumbNail": "https://static.colruytgroup.com/images/200x200/std.lang.all/65/56/asset-3376556.jpg",
    "fullImage": "https://static.colruytgroup.com/images/500x500/std.lang.all/65/56/asset-3376556.jpg",
    "squareImage": "https://static.colruytgroup.com/images/500x500sq/std.lang.all/65/56/asset-3376556.jpg",
    "content": "1L",
    "walkRouteSequenceNumber": 4807,
    "price": {
      "basicPrice": 1.99,
      "recommendedQuantity": "1.0",
      "quantityPrice": 1.91,
      "quantityPriceQuantity": "6.0",
      "measurementUnitPrice": 1.99,
      "measurementUnitQuantityPrice": 1.91,
      "measurementUnit": "L",
      "isRedPrice": false,
      "pricePerUOM": 1.99,
      "activationDate": "13-03-2024",
      "recordSource": "Offline",
      "isPromoActive": "N",
      "priceChangeCode": "H",
      "quantityPricePerUOM": 1.91,
      "quantityActivationDate": "13-03-2024",
      "quantityPriceChangeCode": "H"
    },
    "isAvailable": true,
    "isPriceAvailable": true,
    "inPromo": false,
    "gtin": [
      "05449000314567",
      "05449000319296",
      "05449000319302",
      "05449000083388",
      "05449000097125",
      "09049000000017"
    ],
    "topCategoryName": "Dranken",
    "topCategoryId": "354",
    "businessDomain": "RETAIL_BE",
    "IsPrivateLabel": false,
    "IsBiffe": false,
    "WeightconversionFactor": "0",
    "IsWeightArticle": false,
    "nutriscoreLabel": "C",
    "IsBio": false,
    "CountryOfOrigin": "BELGIË",
    "IsExclusivelySoldInLuxembourg": false,
    "OrderUnit": "P",
    "ShortName": "MINUTE MAID APPEL 1L",
    "IsNew": false,
    "EcoscoreLabel": "C",
    "RecentQuanityOfStockUnits": "6,1",
    "LongName": "MINUTE MAID Appelsap brik 1L",
    "AlcoholVolume": "0",
    "FicCode": "E",
    "EcoscoreValue": "49"
  },
  {
    "productId": "603949",
    "technicalArticleNumber": "4272487",
    "commercialArticleNumber": "22989",
    "name": "caps Blond.Espresso Roast",
    "description": "*Espresso koffie\n*Zacht, zoete tonen\n*Intensiteit 6\n*10 capsules",
    "brand": "STARBUCKS",
    "seoBrand": "Starbucks By Nespresso",
    "thumbNail": "https://static.colruytgroup.com/images/200x200/std.lang.all/71/44/asset-3447144.jpg",
    "fullImage": "https://static.colruytgroup.com/images/500x500/std.lang.all/71/44/asset-3447144.jpg",
    "squareImage": "https://static.colruytgroup.com/images/500x500sq/std.lang.all/71/44/asset-3447144.jpg",
    "content": "10st",
    "walkRouteSequenceNumber": 1035,
    "price": {
      "basicPrice": 3.99,
      "recommendedQuantity": "1.0",
      "quantityPrice": 2.49,
      "quantityPriceQuantity": "4.0",
      "measurementUnitPrice": 75.29,
      "measurementUnitQuantityPrice": 46.99,
      "measurementUnit": "K",
      "isRedPrice": false,
      "pricePerUOM": 75.29,
      "activationDate": "23-03-2024",
      "recordSource": "Offline",
      "isPromoActive": "N",
      "priceChangeCode": "E",
      "quantityPricePerUOM": 46.99,
      "quantityActivationDate": "23-03-2024",
      "quantityPriceChangeCode": "E"
    },
    "isAvailable": true,
    "isPriceAvailable": true,
    "inPromo": false,
    "gtin": [
      "07613037048292",
      "07613036961561"
    ],
    "topCategoryName": "Dranken",
    "topCategoryId": "354",
    "businessDomain": "RETAIL_BE",
    "IsPrivateLabel": false,
    "IsBiffe": false,
    "WeightconversionFactor": "0",
    "IsWeightArticle": false,
    "nutriscoreLabel": "B",
    "IsBio": false,
    "CountryOfOrigin": "ZWITSERLAND",
    "IsExclusivelySoldInLuxembourg": false,
    "OrderUnit": "P",
    "ShortName": "STAR BLOND.ESP.R.10CAPS",
    "IsNew": false,
    "RecentQuanityOfStockUnits": "12,1",
    "LongName": "STARBUCKS caps Blond.Espresso Roast 10st",
    "FicCode": "E"
  },
  {
    "productId": "869211",
    "technicalArticleNumber": "4722364",
    "commercialArticleNumber": "17535",
    "name": "sportdrank Zero Lemon",
    "description": "*Sportdrank\n*Smaak: citroen\n*Met zoetstoffen",
    "brand": "AQUARIUS",
    "seoBrand": "Aquarius",
    "thumbNail": "https://static.colruytgroup.com/images/200x200/std.lang.all/37/18/asset-3243718.jpg",
    "fullImage": "https://static.colruytgroup.com/images/500x500/std.lang.all/37/18/asset-3243718.jpg",
    "squareImage": "https://static.colruytgroup.com/images/500x500sq/std.lang.all/37/18/asset-3243718.jpg",
    "content": "50cl",
    "walkRouteSequenceNumber": 4731,
    "price": {
      "basicPrice": 1.65,
      "recommendedQuantity": "6.0",
      "measurementUnitPrice": 3.3,
      "measurementUnit": "L",
      "isRedPrice": false,
      "pricePerUOM": 3.3,
      "activationDate": "11-01-2024",
      "recordSource": "Offline",
      "isPromoActive": "N",
      "priceChangeCode": "E"
    },
    "isAvailable": true,
    "isPriceAvailable": true,
    "inPromo": false,
    "gtin": [
      "05449000100726",
      "05449000102782",
      "05449000100733"
    ],
    "topCategoryName": "Dranken",
    "topCategoryId": "354",
    "businessDomain": "RETAIL_BE",
    "IsPrivateLabel": false,
    "IsBiffe": false,
    "WeightconversionFactor": "0",
    "IsWeightArticle": false,
    "nutriscoreLabel": "C",
    "IsBio": false,
    "CountryOfOrigin": "NEDERLAND",
    "IsExclusivelySoldInLuxembourg": false,
    "OrderUnit": "P",
    "ShortName": "AQUA ZERO LEMON 50CL",
    "IsNew": false,
    "RecentQuanityOfStockUnits": "24,6,1",
    "LongName": "AQUARIUS sportdrank Zero Lemon 50cl",
    "AlcoholVolume": "0",
    "FicCode": "E"
  },
  {
    "productId": "601152",
    "technicalArticleNumber": "4267263",
    "commercialArticleNumber": "20959",
    "name": "caps Lungo",
    "description": "*Lungo koffie\n*Evenwichtig\n*Intensiteit 6\n*16 Capsules",
    "brand": "NESCAFÉ DOLCE GUSTO",
    "seoBrand": "Nescafé Dolce Gusto",
    "thumbNail": "https://static.colruytgroup.com/images/200x200/std.lang.all/61/30/asset-2096130.jpg",
    "fullImage": "https://static.colruytgroup.com/images/500x500/std.lang.all/61/30/asset-2096130.jpg",
    "squareImage": "https://static.colruytgroup.com/images/500x500sq/std.lang.all/61/30/asset-2096130.jpg",
    "content": "16st",
    "walkRouteSequenceNumber": 1064,
    "price": {
      "basicPrice": 4.39,
      "recommendedQuantity": "1.0",
      "quantityPrice": 3.32,
      "quantityPriceQuantity": "2.0",
      "measurementUnitPrice": 42.22,
      "measurementUnitQuantityPrice": 31.93,
      "measurementUnit": "K",
      "isRedPrice": false,
      "pricePerUOM": 42.22,
      "activationDate": "19-03-2024",
      "recordSource": "Offline",
      "isPromoActive": "N",
      "priceChangeCode": "E",
      "quantityPricePerUOM": 31.93,
      "quantityActivationDate": "19-03-2024",
      "quantityPriceChangeCode": "L"
    },
    "isAvailable": true,
    "isPriceAvailable": true,
    "inPromo": false,
    "gtin": [
      "07613037883046",
      "07613038028910"
    ],
    "topCategoryName": "Dranken",
    "topCategoryId": "354",
    "businessDomain": "RETAIL_BE",
    "IsPrivateLabel": false,
    "IsBiffe": false,
    "WeightconversionFactor": "0",
    "IsWeightArticle": false,
    "nutriscoreLabel": "B",
    "IsBio": false,
    "CountryOfOrigin": "VERENIGD KONINKRIJK",
    "IsExclusivelySoldInLuxembourg": false,
    "OrderUnit": "P",
    "ShortName": "NESC DG LUNGO 16CUPS",
    "IsNew": false,
    "RecentQuanityOfStockUnits": "6,1",
    "LongName": "NESCAFÉ DOLCE GUSTO caps Lungo 16st",
    "FicCode": "E"
  },
  {
    "productId": "163563",
    "technicalArticleNumber": "3364163",
    "commercialArticleNumber": "5343",
    "name": "Caramel Latte",
    "description": "*Latte\n*Karamelsmaak\n*Luchtig melkschuim\n*8 zakjes",
    "brand": "NESCAFÉ GOLD",
    "seoBrand": "Nescafé Gold",
    "thumbNail": "https://static.colruytgroup.com/images/200x200/std.lang.all/24/24/asset-1272424.jpg",
    "fullImage": "https://static.colruytgroup.com/images/500x500/std.lang.all/24/24/asset-1272424.jpg",
    "squareImage": "https://static.colruytgroup.com/images/500x500sq/std.lang.all/24/24/asset-1272424.jpg",
    "content": "8st",
    "walkRouteSequenceNumber": 1169,
    "price": {
      "basicPrice": 2.09,
      "recommendedQuantity": "1.0",
      "quantityPrice": 1.79,
      "quantityPriceQuantity": "2.0",
      "measurementUnitPrice": 15.37,
      "measurementUnitQuantityPrice": 13.17,
      "measurementUnit": "K",
      "isRedPrice": false,
      "pricePerUOM": 15.37,
      "activationDate": "23-03-2024",
      "recordSource": "Folder",
      "isPromoActive": "N",
      "priceChangeCode": "E",
      "quantityPricePerUOM": 13.17,
      "quantityActivationDate": "23-03-2024",
      "quantityPriceChangeCode": "E"
    },
    "isAvailable": true,
    "isPriceAvailable": true,
    "inPromo": false,
    "gtin": [
      "07613032044404",
      "05011546492834"
    ],
    "topCategoryName": "Dranken",
    "topCategoryId": "354",
    "businessDomain": "RETAIL_BE",
    "IsPrivateLabel": false,
    "IsBiffe": false,
    "WeightconversionFactor": "0",
    "IsWeightArticle": false,
    "nutriscoreLabel": "D",
    "IsBio": false,
    "CountryOfOrigin": "VERENIGD KONINKRIJK",
    "IsExclusivelySoldInLuxembourg": false,
    "OrderUnit": "P",
    "ShortName": "NESC CARAMEL LATTE 8Z.",
    "InSeason": true,
    "IsNew": false,
    "RecentQuanityOfStockUnits": "1,6",
    "LongName": "NESCAFÉ GOLD Caramel Latte 8st",
    "AlcoholVolume": "0",
    "StartSeasonDate": "23/09/2016",
    "FicCode": "E"
  },
  {
    "productId": "590",
    "technicalArticleNumber": "5611",
    "commercialArticleNumber": "5611",
    "name": "chocomelk glas",
    "description": "*Halfvolle melk\n*België",
    "brand": "CÉCÉMEL",
    "seoBrand": "Cécémel",
    "thumbNail": "https://static.colruytgroup.com/images/200x200/nl_be/59/37/asset-605937.jpg",
    "fullImage": "https://static.colruytgroup.com/images/500x500/nl_be/59/37/asset-605937.jpg",
    "squareImage": "https://static.colruytgroup.com/images/500x500sq/nl_be/59/37/asset-605937.jpg",
    "content": "75cl",
    "walkRouteSequenceNumber": 6346,
    "price": {
      "basicPrice": 3.69,
      "recommendedQuantity": "1.0",
      "measurementUnitPrice": 4.92,
      "measurementUnit": "L",
      "isRedPrice": false,
      "pricePerUOM": 4.92,
      "activationDate": "14-11-2023",
      "isPromoActive": "N",
      "priceChangeCode": "E"
    },
    "isAvailable": true,
    "isPriceAvailable": true,
    "inPromo": false,
    "gtin": [
      "05414150098940",
      "05414150529208",
      "05414150629236"
    ],
    "topCategoryName": "Zuivel",
    "topCategoryId": "65",
    "businessDomain": "RETAIL_BE",
    "IsPrivateLabel": false,
    "IsBiffe": false,
    "WeightconversionFactor": "0",
    "IsWeightArticle": false,
    "nutriscoreLabel": "D",
    "IsBio": false,
    "CountryOfOrigin": "BELGIË",
    "IsExclusivelySoldInLuxembourg": false,
    "OrderUnit": "P",
    "ShortName": "CECEMEL CHOCOM 75 CL",
    "IsNew": false,
    "EcoscoreLabel": "B",
    "RecentQuanityOfStockUnits": "1,8",
    "LongName": "CÉCÉMEL chocomelk glas 75cl",
    "AlcoholVolume": "0",
    "FicCode": "E",
    "EcoscoreValue": "74"
  },
  {
    "productId": "601152",
    "technicalArticleNumber": "4267263",
    "commercialArticleNumber": "20959",
    "name": "caps Lungo",
    "description": "*Lungo koffie\n*Evenwichtig\n*Intensiteit 6\n*16 Capsules",
    "brand": "NESCAFÉ DOLCE GUSTO",
    "seoBrand": "Nescafé Dolce Gusto",
    "thumbNail": "https://static.colruytgroup.com/images/200x200/std.lang.all/61/30/asset-2096130.jpg",
    "fullImage": "https://static.colruytgroup.com/images/500x500/std.lang.all/61/30/asset-2096130.jpg",
    "squareImage": "https://static.colruytgroup.com/images/500x500sq/std.lang.all/61/30/asset-2096130.jpg",
    "content": "16st",
    "walkRouteSequenceNumber": 1064,
    "price": {
      "basicPrice": 4.39,
      "recommendedQuantity": "1.0",
      "quantityPrice": 3.32,
      "quantityPriceQuantity": "2.0",
      "measurementUnitPrice": 42.22,
      "measurementUnitQuantityPrice": 31.93,
      "measurementUnit": "K",
      "isRedPrice": false,
      "pricePerUOM": 42.22,
      "activationDate": "19-03-2024",
      "recordSource": "Offline",
      "isPromoActive": "N",
      "priceChangeCode": "E",
      "quantityPricePerUOM": 31.93,
      "quantityActivationDate": "19-03-2024",
      "quantityPriceChangeCode": "L"
    },
    "isAvailable": true,
    "isPriceAvailable": true,
    "inPromo": false,
    "gtin": [
      "07613037883046",
      "07613038028910"
    ],
    "topCategoryName": "Dranken",
    "topCategoryId": "354",
    "businessDomain": "RETAIL_BE",
    "IsPrivateLabel": false,
    "IsBiffe": false,
    "WeightconversionFactor": "0",
    "IsWeightArticle": false,
    "nutriscoreLabel": "B",
    "IsBio": false,
    "CountryOfOrigin": "VERENIGD KONINKRIJK",
    "IsExclusivelySoldInLuxembourg": false,
    "OrderUnit": "P",
    "ShortName": "NESC DG LUNGO 16CUPS",
    "IsNew": false,
    "RecentQuanityOfStockUnits": "6,1",
    "LongName": "NESCAFÉ DOLCE GUSTO caps Lungo 16st",
    "FicCode": "E"
  },
  {
    "productId": "211381",
    "technicalArticleNumber": "3517590",
    "commercialArticleNumber": "17986",
    "name": "sojadrink banaan",
    "description": "*België\n*Plantaardig",
    "brand": "ALPRO",
    "seoBrand": "Alpro",
    "thumbNail": "https://static.colruytgroup.com/images/200x200/std.lang.all/86/88/asset-3368688.jpg",
    "fullImage": "https://static.colruytgroup.com/images/500x500/std.lang.all/86/88/asset-3368688.jpg",
    "squareImage": "https://static.colruytgroup.com/images/500x500sq/std.lang.all/86/88/asset-3368688.jpg",
    "content": "6x25cl",
    "walkRouteSequenceNumber": 1608,
    "price": {
      "basicPrice": 3.98,
      "recommendedQuantity": "1.0",
      "measurementUnitPrice": 2.66,
      "measurementUnit": "L",
      "isRedPrice": false,
      "pricePerUOM": 2.66,
      "activationDate": "06-01-2024",
      "recordSource": "Offline",
      "isPromoActive": "N",
      "priceChangeCode": "L"
    },
    "isAvailable": true,
    "isPriceAvailable": true,
    "inPromo": false,
    "gtin": [
      "05411188121992",
      "05411188122012",
      "05411188122005"
    ],
    "topCategoryName": "Zuivel",
    "topCategoryId": "65",
    "businessDomain": "RETAIL_BE",
    "IsPrivateLabel": false,
    "IsBiffe": false,
    "WeightconversionFactor": "0",
    "IsWeightArticle": false,
    "nutriscoreLabel": "C",
    "IsBio": false,
    "CountryOfOrigin": "BELGIË",
    "IsExclusivelySoldInLuxembourg": false,
    "OrderUnit": "P",
    "ShortName": "ALPRO DR.BANAAN 6X25C",
    "InSeason": true,
    "IsNew": false,
    "EcoscoreLabel": "A",
    "RecentQuanityOfStockUnits": "4,1",
    "LongName": "ALPRO sojadrink banaan 6x25cl",
    "AlcoholVolume": "0",
    "StartSeasonDate": "19/12/2019",
    "FicCode": "E",
    "EcoscoreValue": "83"
  },
  {
    "productId": "586597",
    "technicalArticleNumber": "4242948",
    "commercialArticleNumber": "19776",
    "name": "Pils 5,2% blik",
    "description": "*Pilsbier\n*5,2 % vol",
    "brand": "JUPILER",
    "seoBrand": "Jupiler",
    "thumbNail": "https://static.colruytgroup.com/images/200x200/std.lang.all/12/62/asset-2091262.jpg",
    "fullImage": "https://static.colruytgroup.com/images/500x500/std.lang.all/12/62/asset-2091262.jpg",
    "squareImage": "https://static.colruytgroup.com/images/500x500sq/std.lang.all/12/62/asset-2091262.jpg",
    "content": "25cl",
    "walkRouteSequenceNumber": 3839,
    "price": {
      "basicPrice": 0.44,
      "recommendedQuantity": "12.0",
      "measurementUnitPrice": 1.76,
      "measurementUnit": "L",
      "isRedPrice": false,
      "pricePerUOM": 1.76,
      "activationDate": "13-03-2024",
      "recordSource": "Folder",
      "isPromoActive": "N",
      "priceChangeCode": "L"
    },
    "isAvailable": true,
    "isPriceAvailable": true,
    "inPromo": false,
    "gtin": [
      "05410228268574",
      "05410228272809",
      "05410228272793"
    ],
    "topCategoryName": "Dranken",
    "topCategoryId": "354",
    "businessDomain": "RETAIL_BE",
    "IsPrivateLabel": false,
    "IsBiffe": false,
    "WeightconversionFactor": "0",
    "IsWeightArticle": false,
    "IsBio": false,
    "CountryOfOrigin": "BELGIË",
    "IsExclusivelySoldInLuxembourg": false,
    "OrderUnit": "P",
    "ShortName": "JUPI PILS BLIK 25CL",
    "IsNew": false,
    "RecentQuanityOfStockUnits": "1,12,24",
    "LongName": "JUPILER Pils 5,2% blik 25cl",
    "AlcoholVolume": "5.2",
    "FicCode": "E"
  },
  {
    "productId": "57400",
    "technicalArticleNumber": "2348026",
    "commercialArticleNumber": "18964",
    "name": "Magere melk 0%vg PET",
    "description": "*Magere melk\n*België",
    "brand": "CAMPINA",
    "seoBrand": "Campina",
    "thumbNail": "https://static.colruytgroup.com/images/200x200/nl_be/82/40/asset-3388240.jpg",
    "fullImage": "https://static.colruytgroup.com/images/500x500/nl_be/82/40/asset-3388240.jpg",
    "squareImage": "https://static.colruytgroup.com/images/500x500sq/nl_be/82/40/asset-3388240.jpg",
    "content": "50cl",
    "walkRouteSequenceNumber": 6264,
    "price": {
      "basicPrice": 1.23,
      "recommendedQuantity": "6.0",
      "measurementUnitPrice": 2.46,
      "measurementUnit": "L",
      "isRedPrice": false,
      "pricePerUOM": 2.46,
      "activationDate": "02-02-2024",
      "recordSource": "Offline",
      "isPromoActive": "N",
      "priceChangeCode": "E"
    },
    "isAvailable": true,
    "isPriceAvailable": true,
    "inPromo": false,
    "gtin": [
      "05410438028722",
      "05410438028739",
      "05410438028746",
      "05410438046511"
    ],
    "topCategoryName": "Zuivel",
    "topCategoryId": "65",
    "businessDomain": "RETAIL_BE",
    "IsPrivateLabel": false,
    "IsBiffe": false,
    "WeightconversionFactor": "0",
    "IsWeightArticle": false,
    "nutriscoreLabel": "A",
    "IsBio": false,
    "CountryOfOrigin": "BELGIË",
    "IsExclusivelySoldInLuxembourg": false,
    "OrderUnit": "P",
    "ShortName": "CAMP MAGERE MELK 50CL",
    "InSeason": true,
    "IsNew": false,
    "EcoscoreLabel": "B",
    "RecentQuanityOfStockUnits": "1,6,24",
    "LongName": "CAMPINA Magere melk 0%vg PET 50cl",
    "AlcoholVolume": "0",
    "StartSeasonDate": "22/03/2018",
    "FicCode": "E",
    "EcoscoreValue": "73"
  },
  {
    "productId": "81353",
    "technicalArticleNumber": "2953802",
    "commercialArticleNumber": "2850",
    "name": "pads Café latté",
    "description": "*Zachte koffie\n*Pads",
    "brand": "SENSEO",
    "seoBrand": "Senseo",
    "thumbNail": "https://static.colruytgroup.com/images/200x200/std.lang.all/46/69/asset-584669.jpg",
    "fullImage": "https://static.colruytgroup.com/images/500x500/std.lang.all/46/69/asset-584669.jpg",
    "squareImage": "https://static.colruytgroup.com/images/500x500sq/std.lang.all/46/69/asset-584669.jpg",
    "content": "8st",
    "walkRouteSequenceNumber": 1196,
    "price": {
      "basicPrice": 2.39,
      "recommendedQuantity": "1.0",
      "measurementUnitPrice": 25.98,
      "measurementUnit": "K",
      "isRedPrice": false,
      "pricePerUOM": 25.98,
      "activationDate": "13-03-2024",
      "recordSource": "Offline",
      "isPromoActive": "Y",
      "priceChangeCode": "E"
    },
    "isAvailable": true,
    "isPriceAvailable": true,
    "inPromo": true,
    "promotion": [
      {
        "techPromoId": "100904COLR",
        "promotionId": "100904",
        "promotionType": "3",
        "isPersonalized": "N",
        "publicationStartDate": "13-03-2024",
        "publicationEndDate": "26-03-2024"
      }
    ],
    "gtin": [
      "08711000300091",
      "08711000300657"
    ],
    "topCategoryName": "Dranken",
    "topCategoryId": "354",
    "businessDomain": "RETAIL_BE",
    "IsPrivateLabel": false,
    "IsBiffe": false,
    "WeightconversionFactor": "0",
    "IsWeightArticle": false,
    "nutriscoreLabel": "D",
    "IsBio": false,
    "CountryOfOrigin": "NEDERLAND",
    "IsExclusivelySoldInLuxembourg": false,
    "OrderUnit": "P",
    "ShortName": "DE SENSEO CAF LAT 8ST",
    "IsNew": false,
    "RecentQuanityOfStockUnits": "10,1",
    "LongName": "SENSEO pads Café latté 8st",
    "AlcoholVolume": "0",
    "FicCode": "E"
  },
  {
    "productId": "1441",
    "technicalArticleNumber": "19435",
    "commercialArticleNumber": "19435",
    "name": "citroensiroop",
    "description": "*Smaak: citroen\n*1/7 siroop -\n6/7 water\n*24 % vruchtensap",
    "brand": "BONI",
    "seoBrand": "Boni Selection",
    "thumbNail": "https://static.colruytgroup.com/images/200x200/std.lang.all/66/18/asset-3026618.jpg",
    "fullImage": "https://static.colruytgroup.com/images/500x500/std.lang.all/66/18/asset-3026618.jpg",
    "squareImage": "https://static.colruytgroup.com/images/500x500sq/std.lang.all/66/18/asset-3026618.jpg",
    "content": "75cl",
    "walkRouteSequenceNumber": 4012,
    "price": {
      "basicPrice": 2.59,
      "recommendedQuantity": "1.0",
      "measurementUnitPrice": 3.46,
      "measurementUnit": "L",
      "isRedPrice": false,
      "pricePerUOM": 3.46,
      "activationDate": "12-03-2024",
      "recordSource": "Offline",
      "isPromoActive": "N",
      "priceChangeCode": "E"
    },
    "isAvailable": true,
    "isPriceAvailable": true,
    "inPromo": false,
    "gtin": [
      "05400141290752",
      "15400141290759",
      "05400141038248",
      "05400141074093",
      "05400141393163",
      "15400141819912"
    ],
    "topCategoryName": "Dranken",
    "topCategoryId": "354",
    "businessDomain": "RETAIL_BE",
    "IsPrivateLabel": true,
    "IsBiffe": false,
    "WeightconversionFactor": "0",
    "IsWeightArticle": false,
    "nutriscoreLabel": "E",
    "IsBio": false,
    "CountryOfOrigin": "FRANKRIJK",
    "IsExclusivelySoldInLuxembourg": false,
    "OrderUnit": "P",
    "ShortName": "BONI CITROENSIROOP 75CL",
    "InSeason": true,
    "IsNew": false,
    "EcoscoreLabel": "A",
    "RecentQuanityOfStockUnits": "6,1",
    "LongName": "BONI citroensiroop 75cl",
    "AlcoholVolume": "0",
    "StartSeasonDate": "26/04/2006",
    "FicCode": "I",
    "EcoscoreValue": "98"
  },
  {
    "productId": "17757",
    "technicalArticleNumber": "1761506",
    "commercialArticleNumber": "22258",
    "name": "rosehip infusion",
    "description": "*Instant thee\n*Rozebottel",
    "brand": "LIPTON",
    "seoBrand": "Lipton",
    "thumbNail": "https://static.colruytgroup.com/images/200x200/std.lang.all/00/68/asset-600068.jpg",
    "fullImage": "https://static.colruytgroup.com/images/500x500/std.lang.all/00/68/asset-600068.jpg",
    "squareImage": "https://static.colruytgroup.com/images/500x500sq/std.lang.all/00/68/asset-600068.jpg",
    "content": "20st",
    "walkRouteSequenceNumber": 1263,
    "price": {
      "basicPrice": 2.29,
      "recommendedQuantity": "1.0",
      "measurementUnitPrice": 45.8,
      "measurementUnit": "K",
      "isRedPrice": false,
      "pricePerUOM": 45.8,
      "activationDate": "11-03-2024",
      "recordSource": "Offline",
      "isPromoActive": "N",
      "priceChangeCode": "H"
    },
    "isAvailable": true,
    "isPriceAvailable": true,
    "inPromo": false,
    "gtin": [
      "08722700089148",
      "08722700701538",
      "08711327515109",
      "08711327515093"
    ],
    "topCategoryName": "Dranken",
    "topCategoryId": "354",
    "businessDomain": "RETAIL_BE",
    "IsPrivateLabel": false,
    "IsBiffe": false,
    "WeightconversionFactor": "0",
    "IsWeightArticle": false,
    "nutriscoreLabel": "B",
    "IsBio": false,
    "CountryOfOrigin": "POLEN",
    "IsExclusivelySoldInLuxembourg": false,
    "OrderUnit": "P",
    "ShortName": "LIPTON PYRAM ROSEHIP20B",
    "IsNew": false,
    "EcoscoreLabel": "B",
    "RecentQuanityOfStockUnits": "1,12",
    "LongName": "LIPTON rosehip infusion 20st",
    "AlcoholVolume": "0",
    "FicCode": "E",
    "EcoscoreValue": "79"
  },
  {
    "productId": "239445",
    "technicalArticleNumber": "3535381",
    "commercialArticleNumber": "10546",
    "name": "Pads Moka",
    "description": "*Intense koffie\n*Pittig, krachtig\n*Pads",
    "brand": "EVERYDAY",
    "seoBrand": "Everyday",
    "thumbNail": "https://static.colruytgroup.com/images/200x200/std.lang.all/73/05/asset-1227305.jpg",
    "fullImage": "https://static.colruytgroup.com/images/500x500/std.lang.all/73/05/asset-1227305.jpg",
    "squareImage": "https://static.colruytgroup.com/images/500x500sq/std.lang.all/73/05/asset-1227305.jpg",
    "content": "36st",
    "walkRouteSequenceNumber": 1208,
    "price": {
      "basicPrice": 2.69,
      "recommendedQuantity": "1.0",
      "measurementUnitPrice": 10.68,
      "measurementUnit": "K",
      "isRedPrice": false,
      "pricePerUOM": 10.68,
      "activationDate": "13-03-2024",
      "recordSource": "Offline",
      "isPromoActive": "N",
      "priceChangeCode": "H"
    },
    "isAvailable": true,
    "isPriceAvailable": true,
    "inPromo": false,
    "gtin": [
      "15400141976295",
      "05400141403695"
    ],
    "topCategoryName": "Dranken",
    "topCategoryId": "354",
    "businessDomain": "RETAIL_BE",
    "IsPrivateLabel": true,
    "IsBiffe": false,
    "WeightconversionFactor": "0",
    "IsWeightArticle": false,
    "nutriscoreLabel": "B",
    "IsBio": false,
    "CountryOfOrigin": "BELGIË",
    "IsExclusivelySoldInLuxembourg": false,
    "OrderUnit": "P",
    "ShortName": "EVD MOKA 36 PADS",
    "IsNew": false,
    "EcoscoreLabel": "C",
    "RecentQuanityOfStockUnits": "1",
    "LongName": "EVERYDAY Pads Moka 36st",
    "AlcoholVolume": "0",
    "FicCode": "I",
    "EcoscoreValue": "40"
  },
  {
    "productId": "55989",
    "technicalArticleNumber": "2388700",
    "commercialArticleNumber": "7970",
    "name": "whisky Classic Black 40%",
    "description": "*Scotch blend.whisky\n*Schotland",
    "brand": "LABEL 5",
    "seoBrand": "Label 5",
    "thumbNail": "https://static.colruytgroup.com/images/200x200/std.lang.all/79/27/asset-2287927.jpg",
    "fullImage": "https://static.colruytgroup.com/images/500x500/std.lang.all/79/27/asset-2287927.jpg",
    "squareImage": "https://static.colruytgroup.com/images/500x500sq/std.lang.all/79/27/asset-2287927.jpg",
    "content": "70cl",
    "walkRouteSequenceNumber": 973,
    "price": {
      "basicPrice": 15.99,
      "recommendedQuantity": "1.0",
      "measurementUnitPrice": 22.85,
      "measurementUnit": "L",
      "isRedPrice": false,
      "pricePerUOM": 22.85,
      "activationDate": "14-03-2024",
      "recordSource": "Offline",
      "isPromoActive": "N",
      "priceChangeCode": "H"
    },
    "isAvailable": true,
    "isPriceAvailable": true,
    "inPromo": false,
    "gtin": [
      "03147690051206",
      "03147691189502",
      "03147691232215",
      "03147691258710",
      "03147691012800",
      "03147691296842"
    ],
    "topCategoryName": "Dranken",
    "topCategoryId": "354",
    "businessDomain": "RETAIL_BE",
    "IsPrivateLabel": false,
    "IsBiffe": false,
    "WeightconversionFactor": "0",
    "IsWeightArticle": false,
    "IsBio": false,
    "CountryOfOrigin": "FRANKRIJK",
    "IsExclusivelySoldInLuxembourg": false,
    "OrderUnit": "P",
    "ShortName": "LABEL 5 WHISKY 70CL 40",
    "IsNew": false,
    "EcoscoreLabel": "D",
    "RecentQuanityOfStockUnits": "1,6",
    "LongName": "LABEL 5 whisky Classic Black 40% 70cl",
    "AlcoholVolume": "40",
    "FicCode": "E",
    "EcoscoreValue": "38"
  },
  {
    "productId": "429265",
    "technicalArticleNumber": "3974978",
    "commercialArticleNumber": "3475",
    "name": "Alcoholvrij bier 0,4%",
    "brand": "SPORTZOT",
    "seoBrand": "Sportzot",
    "thumbNail": "https://static.colruytgroup.com/images/200x200/std.lang.all/52/20/asset-2685220.jpg",
    "fullImage": "https://static.colruytgroup.com/images/500x500/std.lang.all/52/20/asset-2685220.jpg",
    "squareImage": "https://static.colruytgroup.com/images/500x500sq/std.lang.all/52/20/asset-2685220.jpg",
    "content": "6x33cl",
    "walkRouteSequenceNumber": 3847,
    "price": {
      "basicPrice": 10.68,
      "recommendedQuantity": "1.0",
      "quantityPrice": 10.25,
      "quantityPriceQuantity": "3.0",
      "measurementUnitPrice": 5.4,
      "measurementUnitQuantityPrice": 5.18,
      "measurementUnit": "L",
      "isRedPrice": false,
      "pricePerUOM": 5.4,
      "activationDate": "28-02-2024",
      "recordSource": "Online",
      "isPromoActive": "N",
      "priceChangeCode": "E",
      "quantityPricePerUOM": 5.18,
      "quantityActivationDate": "28-02-2024",
      "quantityPriceChangeCode": "E"
    },
    "isAvailable": true,
    "isPriceAvailable": true,
    "inPromo": false,
    "gtin": [
      "05400141107609",
      "05425017241683"
    ],
    "topCategoryName": "Dranken",
    "topCategoryId": "354",
    "businessDomain": "RETAIL_BE",
    "IsPrivateLabel": false,
    "IsBiffe": false,
    "WeightconversionFactor": "0",
    "IsWeightArticle": false,
    "nutriscoreLabel": "C",
    "IsBio": false,
    "CountryOfOrigin": "BELGIË",
    "IsExclusivelySoldInLuxembourg": false,
    "OrderUnit": "P",
    "ShortName": "SPOR BIER 0.4% 6X33CL",
    "IsNew": false,
    "EcoscoreLabel": "B",
    "RecentQuanityOfStockUnits": "1",
    "LongName": "SPORTZOT Alcoholvrij bier 0,4% 6x33cl",
    "AlcoholVolume": "0.4",
    "FicCode": "E",
    "DepositValue": [
      0.6
    ],
    "EcoscoreValue": "69"
  },
  {
    "productId": "133397",
    "technicalArticleNumber": "3161643",
    "commercialArticleNumber": "41763",
    "name": "multivitamines PET",
    "description": "*Multivruchtensap\n*Uit sapconcentraat\n*Met 50 % vruchten\n*Met pulp",
    "brand": "GRANINI",
    "seoBrand": "Granini",
    "thumbNail": "https://static.colruytgroup.com/images/200x200/std.lang.all/62/59/asset-2856259.jpg",
    "fullImage": "https://static.colruytgroup.com/images/500x500/std.lang.all/62/59/asset-2856259.jpg",
    "squareImage": "https://static.colruytgroup.com/images/500x500sq/std.lang.all/62/59/asset-2856259.jpg",
    "content": "1L",
    "walkRouteSequenceNumber": 4762,
    "price": {
      "basicPrice": 3.25,
      "recommendedQuantity": "1.0",
      "measurementUnitPrice": 3.25,
      "measurementUnit": "L",
      "isRedPrice": false,
      "pricePerUOM": 3.25,
      "activationDate": "20-03-2024",
      "recordSource": "Offline",
      "isPromoActive": "N",
      "priceChangeCode": "H"
    },
    "isAvailable": true,
    "isPriceAvailable": true,
    "inPromo": false,
    "gtin": [
      "04048517693076",
      "04048517693045",
      "03503789006029",
      "03503780001016"
    ],
    "topCategoryName": "Dranken",
    "topCategoryId": "354",
    "businessDomain": "RETAIL_BE",
    "IsPrivateLabel": false,
    "IsBiffe": false,
    "WeightconversionFactor": "0",
    "IsWeightArticle": false,
    "nutriscoreLabel": "C",
    "IsBio": false,
    "CountryOfOrigin": "DUITSLAND",
    "IsExclusivelySoldInLuxembourg": false,
    "OrderUnit": "P",
    "ShortName": "GRAN MULTIVIT PET 1L",
    "InSeason": true,
    "IsNew": false,
    "EcoscoreLabel": "C",
    "RecentQuanityOfStockUnits": "1,6",
    "LongName": "GRANINI multivitamines PET 1L",
    "AlcoholVolume": "0",
    "StartSeasonDate": "14/04/2016",
    "FicCode": "E",
    "EcoscoreValue": "43"
  },
  {
    "productId": "407",
    "technicalArticleNumber": "5365",
    "commercialArticleNumber": "5365",
    "name": "Lemon & Lime",
    "description": "*Limonade\n*Bruisend\n*Smaak: citroen,\nlimoen",
    "brand": "7UP",
    "seoBrand": "7UP",
    "thumbNail": "https://static.colruytgroup.com/images/200x200/std.lang.all/18/29/asset-3261829.jpg",
    "fullImage": "https://static.colruytgroup.com/images/500x500/std.lang.all/18/29/asset-3261829.jpg",
    "squareImage": "https://static.colruytgroup.com/images/500x500sq/std.lang.all/18/29/asset-3261829.jpg",
    "content": "33cl",
    "walkRouteSequenceNumber": 4307,
    "price": {
      "basicPrice": 0.598,
      "recommendedQuantity": "6.0",
      "measurementUnitPrice": 1.82,
      "measurementUnit": "L",
      "isRedPrice": false,
      "pricePerUOM": 1.82,
      "activationDate": "22-03-2024",
      "recordSource": "Offline",
      "isPromoActive": "N",
      "priceChangeCode": "L"
    },
    "isAvailable": true,
    "isPriceAvailable": true,
    "inPromo": false,
    "gtin": [
      "05410188034134",
      "05410188034141",
      "00000087177756",
      "05410188033809",
      "05410188033830",
      "05410188033823"
    ],
    "topCategoryName": "Dranken",
    "topCategoryId": "354",
    "businessDomain": "RETAIL_BE",
    "IsPrivateLabel": false,
    "IsBiffe": false,
    "WeightconversionFactor": "0",
    "IsWeightArticle": false,
    "nutriscoreLabel": "D",
    "IsBio": false,
    "CountryOfOrigin": "NEDERLAND",
    "IsExclusivelySoldInLuxembourg": false,
    "OrderUnit": "P",
    "ShortName": "7UP LEMON & LIME 33CL",
    "InSeason": true,
    "IsNew": false,
    "RecentQuanityOfStockUnits": "24,1,6",
    "LongName": "7UP Lemon & Lime 33cl",
    "AlcoholVolume": "0",
    "StartSeasonDate": "04/11/2020",
    "FicCode": "E"
  },
  {
    "productId": "904900",
    "technicalArticleNumber": "4758274",
    "commercialArticleNumber": "27795",
    "name": "Paw Pat-P.Pig Appel",
    "description": "*Limonade, appel\n*Niet-bruisend\n*Met zoetstoffen\n*Varianten: Paw\nPatrol - Peppa Pig",
    "brand": "SURPRISE DRINKS",
    "seoBrand": "Surprise Drinks Paw Patrol Peppa Pig",
    "thumbNail": "https://static.colruytgroup.com/images/200x200/std.lang.all/36/64/asset-3313664.jpg",
    "fullImage": "https://static.colruytgroup.com/images/500x500/std.lang.all/36/64/asset-3313664.jpg",
    "squareImage": "https://static.colruytgroup.com/images/500x500sq/std.lang.all/36/64/asset-3313664.jpg",
    "content": "30cl",
    "walkRouteSequenceNumber": 4096,
    "price": {
      "basicPrice": 1.49,
      "recommendedQuantity": "1.0",
      "quantityPrice": 1.43,
      "quantityPriceQuantity": "12.0",
      "measurementUnitPrice": 4.97,
      "measurementUnitQuantityPrice": 4.77,
      "measurementUnit": "L",
      "isRedPrice": false,
      "pricePerUOM": 4.97,
      "activationDate": "14-12-2023",
      "isPromoActive": "N",
      "priceChangeCode": "E",
      "quantityPricePerUOM": 4.77,
      "quantityActivationDate": "14-12-2023",
      "quantityPriceChangeCode": "E"
    },
    "isAvailable": true,
    "isPriceAvailable": true,
    "inPromo": false,
    "gtin": [
      "08594023921098",
      "08594023921050"
    ],
    "topCategoryName": "Dranken",
    "topCategoryId": "354",
    "businessDomain": "RETAIL_BE",
    "IsPrivateLabel": false,
    "IsBiffe": false,
    "WeightconversionFactor": "0",
    "IsWeightArticle": false,
    "nutriscoreLabel": "D",
    "IsBio": false,
    "CountryOfOrigin": "POLEN",
    "IsExclusivelySoldInLuxembourg": false,
    "OrderUnit": "P",
    "ShortName": "SUDR PAW-PEPPA APPEL30C",
    "IsNew": false,
    "RecentQuanityOfStockUnits": "1,12",
    "LongName": "SURPRISE DRINKS Paw Pat-P.Pig Appel 30cl",
    "FicCode": "E"
  },
  {
    "productId": "1656",
    "technicalArticleNumber": "22346",
    "commercialArticleNumber": "22346",
    "name": "Moka Royal gemalen",
    "description": "*Sterkte: intense\nkoffie\n*Smaak: doordringend\npittig\n*Gemalen koffie",
    "brand": "DOUWE EGBERTS",
    "seoBrand": "Douwe Egberts",
    "thumbNail": "https://static.colruytgroup.com/images/200x200/std.lang.all/18/18/asset-1481818.jpg",
    "fullImage": "https://static.colruytgroup.com/images/500x500/std.lang.all/18/18/asset-1481818.jpg",
    "squareImage": "https://static.colruytgroup.com/images/500x500sq/std.lang.all/18/18/asset-1481818.jpg",
    "content": "250g",
    "walkRouteSequenceNumber": 1145,
    "price": {
      "basicPrice": 3.79,
      "recommendedQuantity": "1.0",
      "measurementUnitPrice": 15.16,
      "measurementUnit": "K",
      "isRedPrice": false,
      "pricePerUOM": 15.16,
      "activationDate": "26-02-2024",
      "recordSource": "Offline",
      "isPromoActive": "N",
      "priceChangeCode": "E"
    },
    "isAvailable": true,
    "isPriceAvailable": true,
    "inPromo": false,
    "gtin": [
      "05410138049195",
      "05410138002145",
      "05410138049959"
    ],
    "topCategoryName": "Dranken",
    "topCategoryId": "354",
    "businessDomain": "RETAIL_BE",
    "IsPrivateLabel": false,
    "IsBiffe": false,
    "WeightconversionFactor": "0",
    "IsWeightArticle": false,
    "nutriscoreLabel": "B",
    "IsBio": false,
    "CountryOfOrigin": "FRANKRIJK",
    "IsExclusivelySoldInLuxembourg": false,
    "OrderUnit": "P",
    "ShortName": "D EGB MOKA GEMALEN250G",
    "IsNew": false,
    "RecentQuanityOfStockUnits": "1",
    "LongName": "DOUWE EGBERTS Moka Royal gemalen 250g",
    "AlcoholVolume": "0",
    "FicCode": "E"
  },
  {
    "productId": "851829",
    "technicalArticleNumber": "4699926",
    "commercialArticleNumber": "31009",
    "name": "plat water",
    "description": "*Bronwater\n*Niet-bruisend",
    "brand": "CRISTALINE",
    "seoBrand": "Cristaline",
    "thumbNail": "https://ecgproductmw.colruytgroup.com/ecgproductmw/noPicForArticle_2.jpg",
    "fullImage": "https://ecgproductmw.colruytgroup.com/ecgproductmw/noPicForArticle_5.jpg",
    "squareImage": "https://ecgproductmw.colruytgroup.com/ecgproductmw/noPicForArticle_5.jpg",
    "content": "8L",
    "walkRouteSequenceNumber": 4049,
    "price": {
      "basicPrice": 3.99,
      "recommendedQuantity": "1.0",
      "quantityPrice": 3.83,
      "quantityPriceQuantity": "3.0",
      "measurementUnitPrice": 0.499,
      "measurementUnitQuantityPrice": 0.479,
      "measurementUnit": "L",
      "isRedPrice": false,
      "pricePerUOM": 0.499,
      "activationDate": "04-01-2024",
      "isPromoActive": "N",
      "priceChangeCode": "E",
      "quantityPricePerUOM": 0.479,
      "quantityActivationDate": "04-01-2024",
      "quantityPriceChangeCode": "E"
    },
    "isAvailable": true,
    "isPriceAvailable": true,
    "inPromo": false,
    "gtin": [
      "03254381055501"
    ],
    "topCategoryName": "Dranken",
    "topCategoryId": "354",
    "businessDomain": "RETAIL_BE",
    "IsPrivateLabel": false,
    "IsBiffe": false,
    "WeightconversionFactor": "0",
    "IsWeightArticle": false,
    "nutriscoreLabel": "A",
    "IsBio": false,
    "CountryOfOrigin": "FRANKRIJK",
    "IsExclusivelySoldInLuxembourg": false,
    "OrderUnit": "P",
    "ShortName": "CRIS PLAT WATER 8L",
    "IsNew": false,
    "RecentQuanityOfStockUnits": "1",
    "LongName": "CRISTALINE plat water 8L",
    "AlcoholVolume": "0",
    "FicCode": "E"
  },
  {
    "productId": "507367",
    "technicalArticleNumber": "4080161",
    "commercialArticleNumber": "7616",
    "name": "Green lime-mint PET",
    "description": "*Smaak: limoen-munt\n*Niet-bruisend\n*Suiker/zoetstoffen",
    "brand": "FUZE TEA",
    "seoBrand": "Fuze Tea",
    "thumbNail": "https://static.colruytgroup.com/images/200x200/std.lang.all/23/83/asset-3412383.jpg",
    "fullImage": "https://static.colruytgroup.com/images/500x500/std.lang.all/23/83/asset-3412383.jpg",
    "squareImage": "https://static.colruytgroup.com/images/500x500sq/std.lang.all/23/83/asset-3412383.jpg",
    "content": "40cl",
    "walkRouteSequenceNumber": 4224,
    "price": {
      "basicPrice": 1.23,
      "recommendedQuantity": "4.0",
      "measurementUnitPrice": 3.08,
      "measurementUnit": "L",
      "isRedPrice": false,
      "pricePerUOM": 3.08,
      "activationDate": "14-03-2024",
      "recordSource": "Offline",
      "isPromoActive": "N",
      "priceChangeCode": "L"
    },
    "isAvailable": true,
    "isPriceAvailable": true,
    "inPromo": false,
    "gtin": [
      "05449000266033",
      "05449000268167",
      "05449000268181"
    ],
    "topCategoryName": "Dranken",
    "topCategoryId": "354",
    "businessDomain": "RETAIL_BE",
    "IsPrivateLabel": false,
    "IsBiffe": false,
    "WeightconversionFactor": "0",
    "IsWeightArticle": false,
    "nutriscoreLabel": "D",
    "IsBio": false,
    "CountryOfOrigin": "FRANKRIJK",
    "IsExclusivelySoldInLuxembourg": false,
    "OrderUnit": "P",
    "ShortName": "FUZE GR.TEA LI-MIN400ML",
    "IsNew": false,
    "RecentQuanityOfStockUnits": "1,4,24",
    "LongName": "FUZE TEA Green lime-mint PET 40cl",
    "FicCode": "E"
  },
  {
    "productId": "1374",
    "technicalArticleNumber": "18832",
    "commercialArticleNumber": "18832",
    "name": "White Rum 37,5%",
    "description": "*Witte rum\n*Traditionele rum",
    "brand": "EVERYDAY",
    "seoBrand": "Everyday",
    "thumbNail": "https://static.colruytgroup.com/images/200x200/std.lang.all/52/22/asset-2825222.jpg",
    "fullImage": "https://static.colruytgroup.com/images/500x500/std.lang.all/52/22/asset-2825222.jpg",
    "squareImage": "https://static.colruytgroup.com/images/500x500sq/std.lang.all/52/22/asset-2825222.jpg",
    "content": "70cl",
    "walkRouteSequenceNumber": 804,
    "price": {
      "basicPrice": 11.49,
      "recommendedQuantity": "1.0",
      "measurementUnitPrice": 16.42,
      "measurementUnit": "L",
      "isRedPrice": false,
      "pricePerUOM": 16.42,
      "activationDate": "23-03-2024",
      "recordSource": "Offline",
      "isPromoActive": "N",
      "priceChangeCode": "E"
    },
    "isAvailable": true,
    "isPriceAvailable": true,
    "inPromo": false,
    "gtin": [
      "15400141286479",
      "05400141324310",
      "05400141286472",
      "05400141088748",
      "05400141014419"
    ],
    "topCategoryName": "Dranken",
    "topCategoryId": "354",
    "businessDomain": "RETAIL_BE",
    "IsPrivateLabel": true,
    "IsBiffe": false,
    "WeightconversionFactor": "0",
    "IsWeightArticle": false,
    "IsBio": false,
    "CountryOfOrigin": "SWAZILAND",
    "IsExclusivelySoldInLuxembourg": false,
    "OrderUnit": "P",
    "ShortName": "EVD WIT RUM 37.5% 70CL",
    "IsNew": false,
    "EcoscoreLabel": "C",
    "RecentQuanityOfStockUnits": "6,1",
    "LongName": "EVERYDAY White Rum 37,5% 70cl",
    "AlcoholVolume": "37.5",
    "FicCode": "I",
    "EcoscoreValue": "51"
  },
  {
    "productId": "513586",
    "technicalArticleNumber": "4077287",
    "commercialArticleNumber": "7416",
    "name": "tonic Mediterranean",
    "brand": "FEVER-TREE",
    "seoBrand": "Fever-Tree",
    "thumbNail": "https://static.colruytgroup.com/images/200x200/std.lang.all/05/64/asset-1740564.jpg",
    "fullImage": "https://static.colruytgroup.com/images/500x500/std.lang.all/05/64/asset-1740564.jpg",
    "squareImage": "https://static.colruytgroup.com/images/500x500sq/std.lang.all/05/64/asset-1740564.jpg",
    "content": "50cl",
    "walkRouteSequenceNumber": 761,
    "price": {
      "basicPrice": 3.49,
      "recommendedQuantity": "1.0",
      "quantityPrice": 3.35,
      "quantityPriceQuantity": "8.0",
      "measurementUnitPrice": 6.98,
      "measurementUnitQuantityPrice": 6.7,
      "measurementUnit": "L",
      "isRedPrice": false,
      "pricePerUOM": 6.98,
      "activationDate": "27-02-2024",
      "recordSource": "Offline",
      "isPromoActive": "N",
      "priceChangeCode": "L",
      "quantityPricePerUOM": 6.7,
      "quantityActivationDate": "27-02-2024",
      "quantityPriceChangeCode": "L"
    },
    "isAvailable": true,
    "isPriceAvailable": true,
    "inPromo": false,
    "gtin": [
      "05060108450553",
      "05060108450546"
    ],
    "topCategoryName": "Dranken",
    "topCategoryId": "354",
    "businessDomain": "RETAIL_BE",
    "IsPrivateLabel": false,
    "IsBiffe": false,
    "WeightconversionFactor": "0",
    "IsWeightArticle": false,
    "nutriscoreLabel": "E",
    "IsBio": false,
    "CountryOfOrigin": "VERENIGD KONINKRIJK",
    "IsExclusivelySoldInLuxembourg": false,
    "OrderUnit": "P",
    "ShortName": "FEVT MEDITERANEAN 50CL",
    "IsNew": false,
    "RecentQuanityOfStockUnits": "1,8",
    "LongName": "FEVER-TREE tonic Mediterranean 50cl",
    "FicCode": "E"
  },
  {
    "productId": "55518",
    "technicalArticleNumber": "2338476",
    "commercialArticleNumber": "21770",
    "name": "fruitsap sinaasappel PET",
    "description": "*Sinaasappelsap\n*Puur sap\n*100 % vruchten\n*Zonder pulp",
    "brand": "MATERNE",
    "seoBrand": "Materne",
    "thumbNail": "https://static.colruytgroup.com/images/200x200/std.lang.all/37/38/asset-3193738.jpg",
    "fullImage": "https://static.colruytgroup.com/images/500x500/std.lang.all/37/38/asset-3193738.jpg",
    "squareImage": "https://static.colruytgroup.com/images/500x500sq/std.lang.all/37/38/asset-3193738.jpg",
    "content": "1,5L",
    "walkRouteSequenceNumber": 5005,
    "price": {
      "basicPrice": 4.59,
      "recommendedQuantity": "1.0",
      "measurementUnitPrice": 3.06,
      "measurementUnit": "L",
      "isRedPrice": false,
      "pricePerUOM": 3.06,
      "activationDate": "17-02-2024",
      "recordSource": "Offline",
      "isPromoActive": "N",
      "priceChangeCode": "E"
    },
    "isAvailable": true,
    "isPriceAvailable": true,
    "inPromo": false,
    "gtin": [
      "05410046191573",
      "05410046191580"
    ],
    "topCategoryName": "Dranken",
    "topCategoryId": "354",
    "businessDomain": "RETAIL_BE",
    "IsPrivateLabel": false,
    "IsBiffe": false,
    "WeightconversionFactor": "0",
    "IsWeightArticle": false,
    "nutriscoreLabel": "C",
    "IsBio": false,
    "CountryOfOrigin": "FRANKRIJK",
    "IsExclusivelySoldInLuxembourg": false,
    "OrderUnit": "P",
    "ShortName": "MATERNE SINAAS VERS 1L5",
    "IsNew": false,
    "RecentQuanityOfStockUnits": "1,6",
    "LongName": "MATERNE fruitsap sinaasappel PET 1,5L",
    "AlcoholVolume": "0",
    "FicCode": "E"
  },
  {
    "productId": "1849",
    "technicalArticleNumber": "22110",
    "commercialArticleNumber": "22110",
    "name": "oploskoffie dessert",
    "description": "*Premium koffie\n*Rijk & zacht\n*Arabica\n*25 sticks",
    "brand": "NESCAFÉ GOLD",
    "seoBrand": "Nescafé Gold",
    "thumbNail": "https://static.colruytgroup.com/images/200x200/std.lang.all/71/57/asset-1567157.jpg",
    "fullImage": "https://static.colruytgroup.com/images/500x500/std.lang.all/71/57/asset-1567157.jpg",
    "squareImage": "https://static.colruytgroup.com/images/500x500sq/std.lang.all/71/57/asset-1567157.jpg",
    "content": "25st",
    "walkRouteSequenceNumber": 1171,
    "price": {
      "basicPrice": 3.69,
      "recommendedQuantity": "1.0",
      "measurementUnitPrice": 73.8,
      "measurementUnit": "K",
      "isRedPrice": false,
      "pricePerUOM": 73.8,
      "activationDate": "14-02-2024",
      "recordSource": "Offline",
      "isPromoActive": "N",
      "priceChangeCode": "H"
    },
    "isAvailable": true,
    "isPriceAvailable": true,
    "inPromo": false,
    "gtin": [
      "07613036312899",
      "03033710166268",
      "05410001251007"
    ],
    "topCategoryName": "Dranken",
    "topCategoryId": "354",
    "businessDomain": "RETAIL_BE",
    "IsPrivateLabel": false,
    "IsBiffe": false,
    "WeightconversionFactor": "0",
    "IsWeightArticle": false,
    "nutriscoreLabel": "B",
    "IsBio": false,
    "CountryOfOrigin": "BELGIË",
    "IsExclusivelySoldInLuxembourg": false,
    "OrderUnit": "P",
    "ShortName": "NESC GOLD STICK DESS25Z",
    "IsNew": false,
    "RecentQuanityOfStockUnits": "1,12",
    "LongName": "NESCAFÉ GOLD oploskoffie dessert 25st",
    "AlcoholVolume": "0",
    "FicCode": "E"
  },
  {
    "productId": "332021",
    "technicalArticleNumber": "3814433",
    "commercialArticleNumber": "51220",
    "name": "Pads Mild RFA",
    "description": "*Heel zachte koffie\n*Fijne aciditeit\n*Pads",
    "brand": "GRAINDOR",
    "seoBrand": "Graindor",
    "thumbNail": "https://static.colruytgroup.com/images/200x200/std.lang.all/99/56/asset-1619956.jpg",
    "fullImage": "https://static.colruytgroup.com/images/500x500/std.lang.all/99/56/asset-1619956.jpg",
    "squareImage": "https://static.colruytgroup.com/images/500x500sq/std.lang.all/99/56/asset-1619956.jpg",
    "content": "36st 252g",
    "walkRouteSequenceNumber": 1156,
    "price": {
      "basicPrice": 3.99,
      "recommendedQuantity": "1.0",
      "measurementUnitPrice": 15.84,
      "measurementUnit": "K",
      "isRedPrice": false,
      "pricePerUOM": 15.84,
      "activationDate": "14-03-2024",
      "recordSource": "Offline",
      "isPromoActive": "N",
      "priceChangeCode": "E"
    },
    "isAvailable": true,
    "isPriceAvailable": true,
    "inPromo": false,
    "gtin": [
      "05400141034684",
      "15400141034681"
    ],
    "topCategoryName": "Dranken",
    "topCategoryId": "354",
    "businessDomain": "RETAIL_BE",
    "IsPrivateLabel": true,
    "IsBiffe": false,
    "WeightconversionFactor": "0",
    "IsWeightArticle": false,
    "nutriscoreLabel": "B",
    "IsBio": false,
    "CountryOfOrigin": "BELGIË",
    "IsExclusivelySoldInLuxembourg": false,
    "OrderUnit": "P",
    "ShortName": "GRAI MILD RFA 36 PADS",
    "IsNew": false,
    "EcoscoreLabel": "B",
    "RecentQuanityOfStockUnits": "1,10",
    "LongName": "GRAINDOR Pads Mild RFA 36st 252g",
    "AlcoholVolume": "0",
    "FicCode": "I",
    "EcoscoreValue": "62"
  },
  {
    "productId": "676847",
    "technicalArticleNumber": "4393501",
    "commercialArticleNumber": "5299",
    "name": "Ginger Beer glas",
    "brand": "BUNDABERG",
    "seoBrand": "Bundaberg",
    "thumbNail": "https://static.colruytgroup.com/images/200x200/std.lang.all/88/97/asset-2778897.jpg",
    "fullImage": "https://static.colruytgroup.com/images/500x500/std.lang.all/88/97/asset-2778897.jpg",
    "squareImage": "https://static.colruytgroup.com/images/500x500sq/std.lang.all/88/97/asset-2778897.jpg",
    "content": "37,5cl",
    "walkRouteSequenceNumber": 4234,
    "price": {
      "basicPrice": 1.79,
      "recommendedQuantity": "1.0",
      "measurementUnitPrice": 4.78,
      "measurementUnit": "L",
      "isRedPrice": false,
      "pricePerUOM": 4.78,
      "activationDate": "06-12-2023",
      "recordSource": "Offline",
      "isPromoActive": "N",
      "priceChangeCode": "L"
    },
    "isAvailable": true,
    "isPriceAvailable": true,
    "inPromo": false,
    "gtin": [
      "09311493001803",
      "09311493003050"
    ],
    "topCategoryName": "Dranken",
    "topCategoryId": "354",
    "businessDomain": "RETAIL_BE",
    "IsPrivateLabel": false,
    "IsBiffe": false,
    "WeightconversionFactor": "0",
    "IsWeightArticle": false,
    "nutriscoreLabel": "E",
    "IsBio": false,
    "CountryOfOrigin": "VERENIGD KONINKRIJK",
    "IsExclusivelySoldInLuxembourg": false,
    "OrderUnit": "P",
    "ShortName": "BUND GINGER B.37.5CL",
    "InSeason": true,
    "IsNew": false,
    "RecentQuanityOfStockUnits": "12,1",
    "LongName": "BUNDABERG Ginger Beer glas 37,5cl",
    "StartSeasonDate": "22/03/2021",
    "FicCode": "E"
  },
  {
    "productId": "453444",
    "technicalArticleNumber": "4023005",
    "commercialArticleNumber": "5216",
    "name": "haverdrink zonder suikers",
    "brand": "ALPRO",
    "seoBrand": "Alpro",
    "thumbNail": "https://static.colruytgroup.com/images/200x200/std.lang.all/77/73/asset-3367773.jpg",
    "fullImage": "https://static.colruytgroup.com/images/500x500/std.lang.all/77/73/asset-3367773.jpg",
    "squareImage": "https://static.colruytgroup.com/images/500x500sq/std.lang.all/77/73/asset-3367773.jpg",
    "content": "1L",
    "walkRouteSequenceNumber": 6289,
    "price": {
      "basicPrice": 2.69,
      "recommendedQuantity": "4.0",
      "measurementUnitPrice": 2.69,
      "measurementUnit": "L",
      "isRedPrice": false,
      "pricePerUOM": 2.69,
      "activationDate": "18-03-2024",
      "recordSource": "Offline",
      "isPromoActive": "N",
      "priceChangeCode": "H"
    },
    "isAvailable": true,
    "isPriceAvailable": true,
    "inPromo": false,
    "gtin": [
      "05411188124696",
      "25400141312823",
      "05411188124689"
    ],
    "topCategoryName": "Zuivel",
    "topCategoryId": "65",
    "businessDomain": "RETAIL_BE",
    "IsPrivateLabel": false,
    "IsBiffe": false,
    "WeightconversionFactor": "0",
    "IsWeightArticle": false,
    "nutriscoreLabel": "A",
    "IsBio": false,
    "CountryOfOrigin": "BELGIË",
    "IsExclusivelySoldInLuxembourg": false,
    "OrderUnit": "P",
    "ShortName": "ALPR HAVERDR. ONGEZ.1L",
    "IsNew": false,
    "EcoscoreLabel": "B",
    "RecentQuanityOfStockUnits": "4,1,8",
    "LongName": "ALPRO haverdrink zonder suikers 1L",
    "FicCode": "E",
    "EcoscoreValue": "67"
  },
  {
    "productId": "21964",
    "technicalArticleNumber": "2229047",
    "commercialArticleNumber": "5313",
    "name": "bier Rouge 8%",
    "description": "*Speciaalbier\n*8 % vol",
    "brand": "KASTEEL",
    "seoBrand": "Kasteel",
    "thumbNail": "https://static.colruytgroup.com/images/200x200/std.lang.all/33/82/asset-1793382.jpg",
    "fullImage": "https://static.colruytgroup.com/images/500x500/std.lang.all/33/82/asset-1793382.jpg",
    "squareImage": "https://static.colruytgroup.com/images/500x500sq/std.lang.all/33/82/asset-1793382.jpg",
    "content": "6x33cl",
    "walkRouteSequenceNumber": 3759,
    "price": {
      "basicPrice": 8.94,
      "recommendedQuantity": "1.0",
      "measurementUnitPrice": 4.52,
      "measurementUnit": "L",
      "isRedPrice": false,
      "pricePerUOM": 4.52,
      "activationDate": "13-03-2024",
      "recordSource": "Offline",
      "isPromoActive": "Y",
      "priceChangeCode": "E"
    },
    "isAvailable": true,
    "isPriceAvailable": true,
    "inPromo": false,
    "gtin": [
      "05411081003654",
      "05400141531374"
    ],
    "topCategoryName": "Dranken",
    "topCategoryId": "354",
    "businessDomain": "RETAIL_BE",
    "IsPrivateLabel": false,
    "IsBiffe": false,
    "WeightconversionFactor": "0",
    "IsWeightArticle": false,
    "IsBio": false,
    "CountryOfOrigin": "BELGIË",
    "IsExclusivelySoldInLuxembourg": false,
    "OrderUnit": "P",
    "ShortName": "KASTEEL ROUGE 6X33C",
    "InSeason": true,
    "IsNew": false,
    "EcoscoreLabel": "D",
    "RecentQuanityOfStockUnits": "1",
    "LongName": "KASTEEL bier Rouge 8% 6x33cl",
    "AlcoholVolume": "8",
    "StartSeasonDate": "08/06/2012",
    "FicCode": "I",
    "DepositValue": [
      0.6
    ],
    "EcoscoreValue": "37"
  },
  {
    "productId": "893004",
    "technicalArticleNumber": "4754971",
    "commercialArticleNumber": "7050",
    "name": "Filterkoffie Goudmerk",
    "brand": "ROMBOUTS",
    "seoBrand": "Rombouts",
    "thumbNail": "https://static.colruytgroup.com/images/200x200/std.lang.all/24/73/asset-3342473.jpg",
    "fullImage": "https://static.colruytgroup.com/images/500x500/std.lang.all/24/73/asset-3342473.jpg",
    "squareImage": "https://static.colruytgroup.com/images/500x500sq/std.lang.all/24/73/asset-3342473.jpg",
    "content": "10st",
    "walkRouteSequenceNumber": 1205,
    "price": {
      "basicPrice": 3.95,
      "recommendedQuantity": "1.0",
      "measurementUnitPrice": 52.67,
      "measurementUnit": "K",
      "isRedPrice": false,
      "pricePerUOM": 52.67,
      "activationDate": "19-03-2024",
      "recordSource": "Offline",
      "isPromoActive": "N",
      "priceChangeCode": "E"
    },
    "isAvailable": true,
    "isPriceAvailable": true,
    "inPromo": false,
    "gtin": [
      "05410173004029"
    ],
    "topCategoryName": "Dranken",
    "topCategoryId": "354",
    "businessDomain": "RETAIL_BE",
    "IsPrivateLabel": false,
    "IsBiffe": false,
    "WeightconversionFactor": "0",
    "IsWeightArticle": false,
    "nutriscoreLabel": "B",
    "IsBio": false,
    "CountryOfOrigin": "BELGIË",
    "IsExclusivelySoldInLuxembourg": false,
    "OrderUnit": "P",
    "ShortName": "ROMB FILT GOUDMERK 10ST",
    "IsNew": false,
    "EcoscoreLabel": "C",
    "RecentQuanityOfStockUnits": "1,4",
    "LongName": "ROMBOUTS Filterkoffie Goudmerk 10st",
    "AlcoholVolume": "0",
    "FicCode": "E",
    "EcoscoreValue": "40"
  },
  {
    "productId": "13288",
    "technicalArticleNumber": "1307940",
    "commercialArticleNumber": "18750",
    "name": "London Dry Gin 40%",
    "description": "*fruitig-zacht\n*met neutrale tonic\n*garn. zwarte peper\n*Verenigd Koninkrijk",
    "brand": "BOMBAY SAPPHIRE",
    "seoBrand": "Bombay Sapphire",
    "thumbNail": "https://static.colruytgroup.com/images/200x200/std.lang.all/34/65/asset-353465.jpg",
    "fullImage": "https://static.colruytgroup.com/images/500x500/std.lang.all/34/65/asset-353465.jpg",
    "squareImage": "https://static.colruytgroup.com/images/500x500sq/std.lang.all/34/65/asset-353465.jpg",
    "content": "70cl",
    "walkRouteSequenceNumber": 741,
    "price": {
      "basicPrice": 19.19,
      "recommendedQuantity": "1.0",
      "measurementUnitPrice": 27.42,
      "measurementUnit": "L",
      "isRedPrice": false,
      "pricePerUOM": 27.42,
      "activationDate": "23-03-2024",
      "recordSource": "Offline",
      "isPromoActive": "Y",
      "priceChangeCode": "L"
    },
    "isAvailable": true,
    "isPriceAvailable": true,
    "inPromo": true,
    "promotion": [
      {
        "techPromoId": "100909COLR",
        "promotionId": "100909",
        "promotionType": "0",
        "isPersonalized": "N",
        "publicationStartDate": "13-03-2024",
        "publicationEndDate": "26-03-2024"
      }
    ],
    "gtin": [
      "07640175741730",
      "04013400509437",
      "05010677714006",
      "05010677714105",
      "07640175741723"
    ],
    "topCategoryName": "Dranken",
    "topCategoryId": "354",
    "businessDomain": "RETAIL_BE",
    "IsPrivateLabel": false,
    "IsBiffe": false,
    "WeightconversionFactor": "0",
    "IsWeightArticle": false,
    "IsBio": false,
    "CountryOfOrigin": "VERENIGD KONINKRIJK",
    "IsExclusivelySoldInLuxembourg": false,
    "OrderUnit": "P",
    "ShortName": "BOMBAY SAPPHI GIN 70CL",
    "InSeason": true,
    "IsNew": false,
    "EcoscoreLabel": "D",
    "RecentQuanityOfStockUnits": "6,1",
    "LongName": "BOMBAY SAPPHIRE London Dry Gin 40% 70cl",
    "AlcoholVolume": "40",
    "StartSeasonDate": "26/01/2004",
    "FicCode": "E",
    "EcoscoreValue": "38"
  },
  {
    "productId": "868322",
    "technicalArticleNumber": "4721335",
    "commercialArticleNumber": "15017",
    "name": "Pink Aromatic Berries",
    "description": "*Bruisende limonade",
    "brand": "ROYAL BLISS",
    "seoBrand": "Royal Bliss",
    "thumbNail": "https://static.colruytgroup.com/images/200x200/std.lang.all/74/12/asset-3197412.jpg",
    "fullImage": "https://static.colruytgroup.com/images/500x500/std.lang.all/74/12/asset-3197412.jpg",
    "squareImage": "https://static.colruytgroup.com/images/500x500sq/std.lang.all/74/12/asset-3197412.jpg",
    "content": "25cl",
    "walkRouteSequenceNumber": 4239,
    "price": {
      "basicPrice": 0.898,
      "recommendedQuantity": "6.0",
      "quantityPrice": 0.862,
      "quantityPriceQuantity": "24.0",
      "measurementUnitPrice": 3.6,
      "measurementUnitQuantityPrice": 3.45,
      "measurementUnit": "L",
      "isRedPrice": false,
      "pricePerUOM": 3.6,
      "activationDate": "15-03-2024",
      "recordSource": "Offline",
      "isPromoActive": "N",
      "priceChangeCode": "H",
      "quantityPricePerUOM": 3.45,
      "quantityActivationDate": "15-03-2024",
      "quantityPriceChangeCode": "H"
    },
    "isAvailable": true,
    "isPriceAvailable": true,
    "inPromo": false,
    "gtin": [
      "05449000143341",
      "05449000142900",
      "05449000142917"
    ],
    "topCategoryName": "Dranken",
    "topCategoryId": "354",
    "businessDomain": "RETAIL_BE",
    "IsPrivateLabel": false,
    "IsBiffe": false,
    "WeightconversionFactor": "0",
    "IsWeightArticle": false,
    "nutriscoreLabel": "D",
    "IsBio": false,
    "CountryOfOrigin": "BELGIË",
    "IsExclusivelySoldInLuxembourg": false,
    "OrderUnit": "P",
    "ShortName": "ROBL PINK AROM.BERRI25C",
    "IsNew": false,
    "RecentQuanityOfStockUnits": "6,1,24",
    "LongName": "ROYAL BLISS Pink Aromatic Berries 25cl",
    "AlcoholVolume": "0",
    "FicCode": "E"
  },
  {
    "productId": "551853",
    "technicalArticleNumber": "4183455",
    "commercialArticleNumber": "7608",
    "name": "Apple & Mango",
    "brand": "INNOCENT",
    "seoBrand": "Innocent",
    "thumbNail": "https://static.colruytgroup.com/images/200x200/std.lang.all/55/44/asset-1935544.jpg",
    "fullImage": "https://static.colruytgroup.com/images/500x500/std.lang.all/55/44/asset-1935544.jpg",
    "squareImage": "https://static.colruytgroup.com/images/500x500sq/std.lang.all/55/44/asset-1935544.jpg",
    "content": "90cl",
    "walkRouteSequenceNumber": 5050,
    "price": {
      "basicPrice": 2.99,
      "recommendedQuantity": "1.0",
      "quantityPrice": 2.39,
      "quantityPriceQuantity": "2.0",
      "measurementUnitPrice": 3.33,
      "measurementUnitQuantityPrice": 2.66,
      "measurementUnit": "L",
      "isRedPrice": false,
      "pricePerUOM": 3.33,
      "activationDate": "14-03-2024",
      "recordSource": "Offline",
      "isPromoActive": "N",
      "priceChangeCode": "L",
      "quantityPricePerUOM": 2.66,
      "quantityActivationDate": "14-03-2024",
      "quantityPriceChangeCode": "E"
    },
    "isAvailable": true,
    "isPriceAvailable": true,
    "inPromo": false,
    "gtin": [
      "05038862136730",
      "05038862134583"
    ],
    "topCategoryName": "Dranken",
    "topCategoryId": "354",
    "businessDomain": "RETAIL_BE",
    "IsPrivateLabel": false,
    "IsBiffe": false,
    "WeightconversionFactor": "0",
    "IsWeightArticle": false,
    "nutriscoreLabel": "C",
    "IsBio": false,
    "CountryOfOrigin": "VERENIGD KONINKRIJK",
    "IsExclusivelySoldInLuxembourg": false,
    "OrderUnit": "P",
    "ShortName": "INNO APPLE-MANGO 90CL",
    "IsNew": false,
    "EcoscoreLabel": "B",
    "RecentQuanityOfStockUnits": "1,6",
    "LongName": "INNOCENT Apple & Mango 90cl",
    "FicCode": "E",
    "EcoscoreValue": "74"
  },
  {
    "productId": "680891",
    "technicalArticleNumber": "4399943",
    "commercialArticleNumber": "24604",
    "name": "0.0% pils Cold Grip blik",
    "description": "*Alcoholvrij bier\n*Blond\n*0 % vol\n*Lage gisting",
    "brand": "JUPILER",
    "seoBrand": "Jupiler 0.0%",
    "thumbNail": "https://static.colruytgroup.com/images/200x200/std.lang.all/65/86/asset-3016586.jpg",
    "fullImage": "https://static.colruytgroup.com/images/500x500/std.lang.all/65/86/asset-3016586.jpg",
    "squareImage": "https://static.colruytgroup.com/images/500x500sq/std.lang.all/65/86/asset-3016586.jpg",
    "content": "33cl",
    "walkRouteSequenceNumber": 3860,
    "price": {
      "basicPrice": 1.13,
      "recommendedQuantity": "6.0",
      "measurementUnitPrice": 3.43,
      "measurementUnit": "L",
      "isRedPrice": false,
      "pricePerUOM": 3.43,
      "activationDate": "02-03-2024",
      "recordSource": "Offline",
      "isPromoActive": "N",
      "priceChangeCode": "H"
    },
    "isAvailable": true,
    "isPriceAvailable": true,
    "inPromo": false,
    "gtin": [
      "05410228262497",
      "05410228262510",
      "05410228262503"
    ],
    "topCategoryName": "Dranken",
    "topCategoryId": "354",
    "businessDomain": "RETAIL_BE",
    "IsPrivateLabel": false,
    "IsBiffe": false,
    "WeightconversionFactor": "0",
    "IsWeightArticle": false,
    "IsBio": false,
    "CountryOfOrigin": "LUXEMBURG",
    "IsExclusivelySoldInLuxembourg": false,
    "OrderUnit": "P",
    "ShortName": "JUPI 0.0% CG BLIK 33CL",
    "IsNew": false,
    "RecentQuanityOfStockUnits": "24,6,1",
    "LongName": "JUPILER 0.0% pils Cold Grip blik 33cl",
    "AlcoholVolume": "0",
    "FicCode": "E"
  },
  {
    "productId": "34146",
    "technicalArticleNumber": "1824386",
    "commercialArticleNumber": "19402",
    "name": "Zero siroop grenadine",
    "brand": "TEISSEIRE",
    "seoBrand": "Teisseire",
    "thumbNail": "https://static.colruytgroup.com/images/200x200/std.lang.all/90/16/asset-3209016.jpg",
    "fullImage": "https://static.colruytgroup.com/images/500x500/std.lang.all/90/16/asset-3209016.jpg",
    "squareImage": "https://static.colruytgroup.com/images/500x500sq/std.lang.all/90/16/asset-3209016.jpg",
    "content": "60cl",
    "walkRouteSequenceNumber": 4007,
    "price": {
      "basicPrice": 4.39,
      "recommendedQuantity": "1.0",
      "measurementUnitPrice": 7.32,
      "measurementUnit": "L",
      "isRedPrice": false,
      "pricePerUOM": 7.32,
      "activationDate": "13-03-2024",
      "recordSource": "Offline",
      "isPromoActive": "N",
      "priceChangeCode": "E"
    },
    "isAvailable": true,
    "isPriceAvailable": true,
    "inPromo": false,
    "gtin": [
      "03092719701146",
      "13092719701150",
      "03092718637927",
      "03092718639044"
    ],
    "topCategoryName": "Dranken",
    "topCategoryId": "354",
    "businessDomain": "RETAIL_BE",
    "IsPrivateLabel": false,
    "IsBiffe": false,
    "WeightconversionFactor": "0",
    "IsWeightArticle": false,
    "nutriscoreLabel": "C",
    "IsBio": false,
    "CountryOfOrigin": "FRANKRIJK",
    "IsExclusivelySoldInLuxembourg": false,
    "OrderUnit": "P",
    "ShortName": "TEIS ZERO GRENADIN 60CL",
    "IsNew": false,
    "EcoscoreLabel": "B",
    "RecentQuanityOfStockUnits": "1,6",
    "LongName": "TEISSEIRE Zero siroop grenadine 60cl",
    "AlcoholVolume": "0",
    "FicCode": "E",
    "EcoscoreValue": "79"
  },
  {
    "productId": "16503",
    "technicalArticleNumber": "1432326",
    "commercialArticleNumber": "6315",
    "name": "Zero Agrum'",
    "description": "*Smaak: citrus\n*Bruisend\n*Met zoetstoffen",
    "brand": "SCHWEPPES",
    "seoBrand": "Schweppes Zero",
    "thumbNail": "https://static.colruytgroup.com/images/200x200/nl_be/29/60/asset-3222960.jpg",
    "fullImage": "https://static.colruytgroup.com/images/500x500/nl_be/29/60/asset-3222960.jpg",
    "squareImage": "https://static.colruytgroup.com/images/500x500sq/nl_be/29/60/asset-3222960.jpg",
    "content": "1,5L",
    "walkRouteSequenceNumber": 4303,
    "price": {
      "basicPrice": 2.89,
      "recommendedQuantity": "6.0",
      "measurementUnitPrice": 1.93,
      "measurementUnit": "L",
      "isRedPrice": false,
      "pricePerUOM": 1.93,
      "activationDate": "23-03-2024",
      "recordSource": "Offline",
      "isPromoActive": "N",
      "priceChangeCode": "L"
    },
    "isAvailable": true,
    "isPriceAvailable": true,
    "inPromo": false,
    "gtin": [
      "05410221761478",
      "03124480196248",
      "03124482010481",
      "03124480002686",
      "03124488196257"
    ],
    "topCategoryName": "Dranken",
    "topCategoryId": "354",
    "businessDomain": "RETAIL_BE",
    "IsPrivateLabel": false,
    "IsBiffe": false,
    "WeightconversionFactor": "0",
    "IsWeightArticle": false,
    "nutriscoreLabel": "C",
    "IsBio": false,
    "CountryOfOrigin": "FRANKRIJK",
    "IsExclusivelySoldInLuxembourg": false,
    "OrderUnit": "P",
    "ShortName": "SCHWEP AGRUM ZERO 1L5",
    "IsNew": false,
    "RecentQuanityOfStockUnits": "1,6",
    "LongName": "SCHWEPPES Zero Agrum' 1,5L",
    "AlcoholVolume": "0",
    "FicCode": "E"
  },
  {
    "productId": "798358",
    "technicalArticleNumber": "4610734",
    "commercialArticleNumber": "7448",
    "name": "Lime-Ginger",
    "description": "*Limonade\n*Niet-bruisend\n*limoen-gember\n*Met suiker en\nzoetstoffen",
    "brand": "SPA FRUIT",
    "seoBrand": "Spa Fruit",
    "thumbNail": "https://static.colruytgroup.com/images/200x200/std.lang.all/05/53/asset-3120553.jpg",
    "fullImage": "https://static.colruytgroup.com/images/500x500/std.lang.all/05/53/asset-3120553.jpg",
    "squareImage": "https://static.colruytgroup.com/images/500x500sq/std.lang.all/05/53/asset-3120553.jpg",
    "content": "40cl",
    "walkRouteSequenceNumber": 4068,
    "price": {
      "basicPrice": 1.06,
      "recommendedQuantity": "6.0",
      "quantityPrice": 1.02,
      "quantityPriceQuantity": "24.0",
      "measurementUnitPrice": 2.65,
      "measurementUnitQuantityPrice": 2.55,
      "measurementUnit": "L",
      "isRedPrice": false,
      "pricePerUOM": 2.65,
      "activationDate": "06-03-2024",
      "recordSource": "Online",
      "isPromoActive": "N",
      "priceChangeCode": "H",
      "quantityPricePerUOM": 2.55,
      "quantityActivationDate": "06-03-2024",
      "quantityPriceChangeCode": "H"
    },
    "isAvailable": true,
    "isPriceAvailable": true,
    "inPromo": false,
    "gtin": [
      "05410013809500",
      "05410013809524",
      "05410013809517"
    ],
    "topCategoryName": "Dranken",
    "topCategoryId": "354",
    "businessDomain": "RETAIL_BE",
    "IsPrivateLabel": false,
    "IsBiffe": false,
    "WeightconversionFactor": "0",
    "IsWeightArticle": false,
    "nutriscoreLabel": "C",
    "IsBio": false,
    "CountryOfOrigin": "BELGIË",
    "IsExclusivelySoldInLuxembourg": false,
    "OrderUnit": "P",
    "ShortName": "SPA FRUI NB LIM-GIN40CL",
    "IsNew": false,
    "RecentQuanityOfStockUnits": "6,24,1",
    "LongName": "SPA FRUIT Lime-Ginger 40cl",
    "FicCode": "E"
  },
  {
    "productId": "87785",
    "technicalArticleNumber": "2957888",
    "commercialArticleNumber": "35856",
    "name": "Tripel hop citra 9,5%vol",
    "description": "*9,5 % vol\n*Sterk blond bier\n*Nagisting op fles",
    "brand": "DUVEL",
    "seoBrand": "Duvel",
    "thumbNail": "https://static.colruytgroup.com/images/200x200/std.lang.all/28/22/asset-2372822.jpg",
    "fullImage": "https://static.colruytgroup.com/images/500x500/std.lang.all/28/22/asset-2372822.jpg",
    "squareImage": "https://static.colruytgroup.com/images/500x500sq/std.lang.all/28/22/asset-2372822.jpg",
    "content": "6x33cl",
    "walkRouteSequenceNumber": 3701,
    "price": {
      "basicPrice": 13.02,
      "recommendedQuantity": "1.0",
      "measurementUnitPrice": 6.58,
      "measurementUnit": "L",
      "isRedPrice": false,
      "pricePerUOM": 6.58,
      "activationDate": "23-03-2024",
      "recordSource": "Offline",
      "isPromoActive": "N",
      "priceChangeCode": "L"
    },
    "isAvailable": true,
    "isPriceAvailable": true,
    "inPromo": false,
    "gtin": [
      "05411681401249",
      "05411681401164",
      "05400141358568",
      "05400141056280"
    ],
    "topCategoryName": "Dranken",
    "topCategoryId": "354",
    "businessDomain": "RETAIL_BE",
    "IsPrivateLabel": false,
    "IsBiffe": false,
    "WeightconversionFactor": "0",
    "IsWeightArticle": false,
    "IsBio": false,
    "CountryOfOrigin": "BELGIË",
    "IsExclusivelySoldInLuxembourg": false,
    "OrderUnit": "P",
    "ShortName": "DUVEL TR.HOP CITRA6X33C",
    "InSeason": true,
    "IsNew": false,
    "EcoscoreLabel": "D",
    "RecentQuanityOfStockUnits": "1",
    "LongName": "DUVEL Tripel hop citra 9,5%vol 6x33cl",
    "AlcoholVolume": "9.5",
    "StartSeasonDate": "13/02/2017",
    "FicCode": "E",
    "DepositValue": [
      0.6
    ],
    "EcoscoreValue": "37"
  },
  {
    "productId": "689762",
    "technicalArticleNumber": "4415649",
    "commercialArticleNumber": "14737",
    "name": "grenadinesiroop glas",
    "description": "*Grenadinesiroop",
    "brand": "BONI BIO",
    "seoBrand": "Boni Selection Bio",
    "thumbNail": "https://static.colruytgroup.com/images/200x200/std.lang.all/66/22/asset-3026622.jpg",
    "fullImage": "https://static.colruytgroup.com/images/500x500/std.lang.all/66/22/asset-3026622.jpg",
    "squareImage": "https://static.colruytgroup.com/images/500x500sq/std.lang.all/66/22/asset-3026622.jpg",
    "content": "70cl",
    "walkRouteSequenceNumber": 4016,
    "price": {
      "basicPrice": 3.43,
      "recommendedQuantity": "1.0",
      "measurementUnitPrice": 4.9,
      "measurementUnit": "L",
      "isRedPrice": false,
      "pricePerUOM": 4.9,
      "activationDate": "26-10-2023",
      "recordSource": "Offline",
      "isPromoActive": "N",
      "priceChangeCode": "L"
    },
    "isAvailable": true,
    "isPriceAvailable": true,
    "inPromo": false,
    "gtin": [
      "05400141796421",
      "15400141796428"
    ],
    "topCategoryName": "Dranken",
    "topCategoryId": "354",
    "businessDomain": "RETAIL_BE",
    "IsPrivateLabel": true,
    "IsBiffe": false,
    "WeightconversionFactor": "0",
    "IsWeightArticle": false,
    "nutriscoreLabel": "E",
    "IsBio": true,
    "CountryOfOrigin": "FRANKRIJK",
    "IsExclusivelySoldInLuxembourg": false,
    "OrderUnit": "P",
    "ShortName": "BONI BIO GRENAD.GLAS70C",
    "IsNew": false,
    "EcoscoreLabel": "A",
    "RecentQuanityOfStockUnits": "1,6",
    "LongName": "BONI BIO grenadinesiroop glas 70cl",
    "FicCode": "I",
    "EcoscoreValue": "100"
  },
  {
    "productId": "275737",
    "technicalArticleNumber": "3673393",
    "commercialArticleNumber": "41809",
    "name": "caps Espr.int.",
    "description": "*Intens Espresso\n*Intens & Frutig\n*Intensiteit 7\n*30 Capsules",
    "brand": "NESCAFÉ DOLCE GUSTO",
    "seoBrand": "Nescafé Dolce Gusto",
    "thumbNail": "https://static.colruytgroup.com/images/200x200/std.lang.all/10/51/asset-3211051.jpg",
    "fullImage": "https://static.colruytgroup.com/images/500x500/std.lang.all/10/51/asset-3211051.jpg",
    "squareImage": "https://static.colruytgroup.com/images/500x500sq/std.lang.all/10/51/asset-3211051.jpg",
    "content": "30st",
    "walkRouteSequenceNumber": 1122,
    "price": {
      "basicPrice": 8.14,
      "recommendedQuantity": "1.0",
      "measurementUnitPrice": 38.77,
      "measurementUnit": "K",
      "isRedPrice": false,
      "pricePerUOM": 38.77,
      "activationDate": "21-03-2024",
      "recordSource": "Folder",
      "isPromoActive": "N",
      "priceChangeCode": "L"
    },
    "isAvailable": true,
    "isPriceAvailable": true,
    "inPromo": false,
    "gtin": [
      "07613036867443",
      "07613033676093",
      "07613033393044",
      "07613036867450"
    ],
    "topCategoryName": "Dranken",
    "topCategoryId": "354",
    "businessDomain": "RETAIL_BE",
    "IsPrivateLabel": false,
    "IsBiffe": false,
    "WeightconversionFactor": "0",
    "IsWeightArticle": false,
    "nutriscoreLabel": "B",
    "IsBio": false,
    "CountryOfOrigin": "SPANJE",
    "IsExclusivelySoldInLuxembourg": false,
    "OrderUnit": "P",
    "ShortName": "DOLG ESPR.INTENS.30CUPS",
    "IsNew": false,
    "RecentQuanityOfStockUnits": "1,3",
    "LongName": "NESCAFÉ DOLCE GUSTO caps Espr.int. 30st",
    "AlcoholVolume": "0",
    "FicCode": "E"
  },
  {
    "productId": "595080",
    "technicalArticleNumber": "4256353",
    "commercialArticleNumber": "22143",
    "name": "Ice Tea Original bruisend",
    "description": "*Ice tea\n*Zwarte theesmaak\n*Sparkling\n*Ijs thee\n*Soft drink",
    "brand": "LIPTON",
    "seoBrand": "Lipton",
    "thumbNail": "https://static.colruytgroup.com/images/200x200/std.lang.all/93/57/asset-2099357.jpg",
    "fullImage": "https://static.colruytgroup.com/images/500x500/std.lang.all/93/57/asset-2099357.jpg",
    "squareImage": "https://static.colruytgroup.com/images/500x500sq/std.lang.all/93/57/asset-2099357.jpg",
    "content": "15cl",
    "walkRouteSequenceNumber": 4200,
    "price": {
      "basicPrice": 0.324,
      "recommendedQuantity": "12.0",
      "measurementUnitPrice": 2.17,
      "measurementUnit": "L",
      "isRedPrice": false,
      "pricePerUOM": 2.17,
      "activationDate": "23-03-2024",
      "recordSource": "Folder",
      "isPromoActive": "N",
      "priceChangeCode": "E"
    },
    "isAvailable": true,
    "isPriceAvailable": true,
    "inPromo": false,
    "gtin": [
      "08711200383344",
      "08712566418794",
      "08711200383696"
    ],
    "topCategoryName": "Dranken",
    "topCategoryId": "354",
    "businessDomain": "RETAIL_BE",
    "IsPrivateLabel": false,
    "IsBiffe": false,
    "WeightconversionFactor": "0",
    "IsWeightArticle": false,
    "nutriscoreLabel": "D",
    "IsBio": false,
    "CountryOfOrigin": "NEDERLAND",
    "IsExclusivelySoldInLuxembourg": false,
    "OrderUnit": "P",
    "ShortName": "LIPT ICE TEA 15CL",
    "IsNew": false,
    "RecentQuanityOfStockUnits": "12,1,24",
    "LongName": "LIPTON Ice Tea Original bruisend 15cl",
    "FicCode": "E"
  },
  {
    "productId": "1326",
    "technicalArticleNumber": "18127",
    "commercialArticleNumber": "18127",
    "name": "25,0%vol",
    "description": "*Bitter\n*Aperitief\n*25,0 % vol",
    "brand": "CAMPARI",
    "seoBrand": "Campari",
    "thumbNail": "https://static.colruytgroup.com/images/200x200/std.lang.all/13/71/asset-3241371.jpg",
    "fullImage": "https://static.colruytgroup.com/images/500x500/std.lang.all/13/71/asset-3241371.jpg",
    "squareImage": "https://static.colruytgroup.com/images/500x500sq/std.lang.all/13/71/asset-3241371.jpg",
    "content": "1L",
    "walkRouteSequenceNumber": 858,
    "price": {
      "basicPrice": 28.5,
      "recommendedQuantity": "1.0",
      "measurementUnitPrice": 28.5,
      "measurementUnit": "L",
      "isRedPrice": false,
      "pricePerUOM": 28.5,
      "activationDate": "23-03-2024",
      "recordSource": "Online",
      "isPromoActive": "N",
      "priceChangeCode": "H"
    },
    "isAvailable": true,
    "isPriceAvailable": true,
    "inPromo": false,
    "gtin": [
      "08000040000802",
      "03057770000409",
      "03057770000805",
      "05425008641317",
      "13057770000802"
    ],
    "topCategoryName": "Dranken",
    "topCategoryId": "354",
    "businessDomain": "RETAIL_BE",
    "IsPrivateLabel": false,
    "IsBiffe": false,
    "WeightconversionFactor": "0",
    "IsWeightArticle": false,
    "IsBio": false,
    "CountryOfOrigin": "ITALIË",
    "IsExclusivelySoldInLuxembourg": false,
    "OrderUnit": "P",
    "ShortName": "BITTER CAMPARI 25% 1L",
    "IsNew": false,
    "EcoscoreLabel": "C",
    "RecentQuanityOfStockUnits": "6,1",
    "LongName": "CAMPARI 25,0%vol 1L",
    "AlcoholVolume": "25",
    "FicCode": "E",
    "EcoscoreValue": "42"
  },
  {
    "productId": "1847",
    "technicalArticleNumber": "22102",
    "commercialArticleNumber": "22102",
    "name": "oploskoffie glas",
    "description": "*Sterkte: Zachte\nkoffie\n*Smaak: halfpittig\n*Oploskoffie",
    "brand": "NESCAFÉ SELECT",
    "seoBrand": "Nescafé Select",
    "thumbNail": "https://static.colruytgroup.com/images/200x200/std.lang.all/62/39/asset-3276239.jpg",
    "fullImage": "https://static.colruytgroup.com/images/500x500/std.lang.all/62/39/asset-3276239.jpg",
    "squareImage": "https://static.colruytgroup.com/images/500x500sq/std.lang.all/62/39/asset-3276239.jpg",
    "content": "200g",
    "walkRouteSequenceNumber": 1182,
    "price": {
      "basicPrice": 7.49,
      "recommendedQuantity": "1.0",
      "measurementUnitPrice": 37.45,
      "measurementUnit": "K",
      "isRedPrice": false,
      "pricePerUOM": 37.45,
      "activationDate": "18-03-2024",
      "recordSource": "Offline",
      "isPromoActive": "N",
      "priceChangeCode": "H"
    },
    "isAvailable": true,
    "isPriceAvailable": true,
    "inPromo": false,
    "gtin": [
      "07613031811991",
      "08410100077246",
      "08410100882734"
    ],
    "topCategoryName": "Dranken",
    "topCategoryId": "354",
    "businessDomain": "RETAIL_BE",
    "IsPrivateLabel": false,
    "IsBiffe": false,
    "WeightconversionFactor": "0",
    "IsWeightArticle": false,
    "nutriscoreLabel": "B",
    "IsBio": false,
    "CountryOfOrigin": "HONGARIJE",
    "IsExclusivelySoldInLuxembourg": false,
    "OrderUnit": "P",
    "ShortName": "NESCAFE SELECT 200 GR",
    "IsNew": false,
    "RecentQuanityOfStockUnits": "1,6",
    "LongName": "NESCAFÉ SELECT oploskoffie glas 200g",
    "AlcoholVolume": "0",
    "FicCode": "E"
  },
  {
    "productId": "108716",
    "technicalArticleNumber": "3152612",
    "commercialArticleNumber": "32071",
    "name": "koffiemelk romig cups",
    "description": "*Koffiemelk",
    "brand": "NUTROMA",
    "seoBrand": "Nutroma",
    "thumbNail": "https://static.colruytgroup.com/images/200x200/std.lang.all/92/20/asset-649220.jpg",
    "fullImage": "https://static.colruytgroup.com/images/500x500/std.lang.all/92/20/asset-649220.jpg",
    "squareImage": "https://static.colruytgroup.com/images/500x500sq/std.lang.all/92/20/asset-649220.jpg",
    "content": "10x8ml",
    "walkRouteSequenceNumber": 6369,
    "price": {
      "basicPrice": 1.99,
      "recommendedQuantity": "1.0",
      "measurementUnitPrice": 24.88,
      "measurementUnit": "L",
      "isRedPrice": false,
      "pricePerUOM": 24.88,
      "activationDate": "05-01-2024",
      "recordSource": "Offline",
      "isPromoActive": "N",
      "priceChangeCode": "H"
    },
    "isAvailable": true,
    "isPriceAvailable": true,
    "inPromo": false,
    "gtin": [
      "05410438036871",
      "05410438035232"
    ],
    "topCategoryName": "Zuivel",
    "topCategoryId": "65",
    "businessDomain": "RETAIL_BE",
    "IsPrivateLabel": false,
    "IsBiffe": false,
    "WeightconversionFactor": "0",
    "IsWeightArticle": false,
    "nutriscoreLabel": "E",
    "IsBio": false,
    "CountryOfOrigin": "BELGIË",
    "IsExclusivelySoldInLuxembourg": false,
    "OrderUnit": "P",
    "ShortName": "NUTROMA CUPS 10X8ML",
    "IsNew": false,
    "EcoscoreLabel": "C",
    "RecentQuanityOfStockUnits": "1,20",
    "LongName": "NUTROMA koffiemelk romig cups 10x8ml",
    "AlcoholVolume": "0",
    "FicCode": "E",
    "EcoscoreValue": "41"
  },
  {
    "productId": "417810",
    "technicalArticleNumber": "3946281",
    "commercialArticleNumber": "1659",
    "name": "Espresso",
    "description": "*100% Arabica\n*Rijk aroma\n*Fijn zacht crema\n*100g",
    "brand": "NESCAFÉ GOLD",
    "seoBrand": "Nescafé Gold",
    "thumbNail": "https://static.colruytgroup.com/images/200x200/std.lang.all/20/84/asset-2052084.jpg",
    "fullImage": "https://static.colruytgroup.com/images/500x500/std.lang.all/20/84/asset-2052084.jpg",
    "squareImage": "https://static.colruytgroup.com/images/500x500sq/std.lang.all/20/84/asset-2052084.jpg",
    "content": "100g",
    "walkRouteSequenceNumber": 1179,
    "price": {
      "basicPrice": 4.99,
      "recommendedQuantity": "1.0",
      "measurementUnitPrice": 49.9,
      "measurementUnit": "K",
      "isRedPrice": false,
      "pricePerUOM": 49.9,
      "activationDate": "18-03-2024",
      "recordSource": "Offline",
      "isPromoActive": "N",
      "priceChangeCode": "H"
    },
    "isAvailable": true,
    "isPriceAvailable": true,
    "inPromo": false,
    "gtin": [
      "07613036601009",
      "07613036600996"
    ],
    "topCategoryName": "Dranken",
    "topCategoryId": "354",
    "businessDomain": "RETAIL_BE",
    "IsPrivateLabel": false,
    "IsBiffe": false,
    "WeightconversionFactor": "0",
    "IsWeightArticle": false,
    "nutriscoreLabel": "B",
    "IsBio": false,
    "CountryOfOrigin": "FRANKRIJK",
    "IsExclusivelySoldInLuxembourg": false,
    "OrderUnit": "P",
    "ShortName": "NESC GOLD ESPRESSO 100G",
    "IsNew": false,
    "RecentQuanityOfStockUnits": "1,6",
    "LongName": "NESCAFÉ GOLD Espresso 100g",
    "FicCode": "E"
  },
  {
    "productId": "868326",
    "technicalArticleNumber": "4721340",
    "commercialArticleNumber": "15196",
    "name": "Lime & Mint",
    "description": "*Bruisende limonade",
    "brand": "ROYAL BLISS",
    "seoBrand": "Royal Bliss",
    "thumbNail": "https://static.colruytgroup.com/images/200x200/std.lang.all/74/14/asset-3197414.jpg",
    "fullImage": "https://static.colruytgroup.com/images/500x500/std.lang.all/74/14/asset-3197414.jpg",
    "squareImage": "https://static.colruytgroup.com/images/500x500sq/std.lang.all/74/14/asset-3197414.jpg",
    "content": "25cl",
    "walkRouteSequenceNumber": 4238,
    "price": {
      "basicPrice": 0.898,
      "recommendedQuantity": "6.0",
      "quantityPrice": 0.862,
      "quantityPriceQuantity": "24.0",
      "measurementUnitPrice": 3.6,
      "measurementUnitQuantityPrice": 3.45,
      "measurementUnit": "L",
      "isRedPrice": false,
      "pricePerUOM": 3.6,
      "activationDate": "14-03-2024",
      "recordSource": "Offline",
      "isPromoActive": "N",
      "priceChangeCode": "E",
      "quantityPricePerUOM": 3.45,
      "quantityActivationDate": "14-03-2024",
      "quantityPriceChangeCode": "H"
    },
    "isAvailable": true,
    "isPriceAvailable": true,
    "inPromo": false,
    "gtin": [
      "05449000144324",
      "05449000144331",
      "05449000143389"
    ],
    "topCategoryName": "Dranken",
    "topCategoryId": "354",
    "businessDomain": "RETAIL_BE",
    "IsPrivateLabel": false,
    "IsBiffe": false,
    "WeightconversionFactor": "0",
    "IsWeightArticle": false,
    "nutriscoreLabel": "C",
    "IsBio": false,
    "CountryOfOrigin": "BELGIË",
    "IsExclusivelySoldInLuxembourg": false,
    "OrderUnit": "P",
    "ShortName": "ROBL LIME & MINT 25CL",
    "IsNew": false,
    "RecentQuanityOfStockUnits": "24,6,1",
    "LongName": "ROYAL BLISS Lime & Mint 25cl",
    "AlcoholVolume": "0",
    "FicCode": "E"
  },
  {
    "productId": "602586",
    "technicalArticleNumber": "4270078",
    "commercialArticleNumber": "22876",
    "name": "Energise",
    "brand": "INNOCENT SUPER SMOOTHIE",
    "seoBrand": "Innocent Super Smoothie",
    "thumbNail": "https://static.colruytgroup.com/images/200x200/std.lang.all/47/46/asset-2474746.jpg",
    "fullImage": "https://static.colruytgroup.com/images/500x500/std.lang.all/47/46/asset-2474746.jpg",
    "squareImage": "https://static.colruytgroup.com/images/500x500sq/std.lang.all/47/46/asset-2474746.jpg",
    "content": "30cl",
    "walkRouteSequenceNumber": 5029,
    "price": {
      "basicPrice": 2.69,
      "recommendedQuantity": "1.0",
      "quantityPrice": 1.42,
      "quantityPriceQuantity": "2.0",
      "measurementUnitPrice": 8.97,
      "measurementUnitQuantityPrice": 4.74,
      "measurementUnit": "L",
      "isRedPrice": false,
      "pricePerUOM": 8.97,
      "activationDate": "19-03-2024",
      "recordSource": "Offline",
      "isPromoActive": "N",
      "priceChangeCode": "E",
      "quantityPricePerUOM": 4.74,
      "quantityActivationDate": "19-03-2024",
      "quantityPriceChangeCode": "L"
    },
    "isAvailable": true,
    "isPriceAvailable": true,
    "inPromo": false,
    "gtin": [
      "05038862232067",
      "05038862239769"
    ],
    "topCategoryName": "Dranken",
    "topCategoryId": "354",
    "businessDomain": "RETAIL_BE",
    "IsPrivateLabel": false,
    "IsBiffe": false,
    "WeightconversionFactor": "0",
    "IsWeightArticle": false,
    "IsBio": false,
    "CountryOfOrigin": "VERENIGD KONINKRIJK",
    "IsExclusivelySoldInLuxembourg": false,
    "OrderUnit": "P",
    "ShortName": "INNO SUSM ENERGISE 30CL",
    "IsNew": false,
    "EcoscoreLabel": "C",
    "RecentQuanityOfStockUnits": "1,8",
    "LongName": "INNOCENT SUPER SMOOTHIE Energise 30cl",
    "FicCode": "E",
    "EcoscoreValue": "53"
  },
  {
    "productId": "869970",
    "technicalArticleNumber": "4723459",
    "commercialArticleNumber": "20659",
    "name": "caps Lungo 8 Moka R.",
    "description": "*Caps",
    "brand": "DOUWE EGBERTS",
    "seoBrand": "Douwe Egberts",
    "thumbNail": "https://static.colruytgroup.com/images/200x200/std.lang.all/74/02/asset-3207402.jpg",
    "fullImage": "https://static.colruytgroup.com/images/500x500/std.lang.all/74/02/asset-3207402.jpg",
    "squareImage": "https://static.colruytgroup.com/images/500x500sq/std.lang.all/74/02/asset-3207402.jpg",
    "content": "40st",
    "walkRouteSequenceNumber": 1057,
    "price": {
      "basicPrice": 9.21,
      "recommendedQuantity": "1.0",
      "measurementUnitPrice": 44.28,
      "measurementUnit": "K",
      "isRedPrice": false,
      "pricePerUOM": 44.28,
      "activationDate": "01-02-2024",
      "recordSource": "Offline",
      "isPromoActive": "N",
      "priceChangeCode": "E"
    },
    "isAvailable": true,
    "isPriceAvailable": true,
    "inPromo": false,
    "gtin": [
      "05410138051037",
      "05410138051020"
    ],
    "topCategoryName": "Dranken",
    "topCategoryId": "354",
    "businessDomain": "RETAIL_BE",
    "IsPrivateLabel": false,
    "IsBiffe": false,
    "WeightconversionFactor": "0",
    "IsWeightArticle": false,
    "nutriscoreLabel": "B",
    "IsBio": false,
    "CountryOfOrigin": "FRANKRIJK",
    "IsExclusivelySoldInLuxembourg": false,
    "OrderUnit": "P",
    "ShortName": "D.E. LUNGO MOKA ROY.40C",
    "IsNew": false,
    "RecentQuanityOfStockUnits": "1,5",
    "LongName": "DOUWE EGBERTS caps Lungo 8 Moka R. 40st",
    "AlcoholVolume": "0",
    "FicCode": "E"
  },
  {
    "productId": "655498",
    "technicalArticleNumber": "4355875",
    "commercialArticleNumber": "19104",
    "name": "Zero Sugar Ultra Paradise",
    "description": "*Energiedrank\n*Taurine/cafeïne\n*Met zoetstoffen",
    "brand": "MONSTER",
    "seoBrand": "Monster",
    "thumbNail": "https://static.colruytgroup.com/images/200x200/std.lang.all/12/93/asset-2261293.jpg",
    "fullImage": "https://static.colruytgroup.com/images/500x500/std.lang.all/12/93/asset-2261293.jpg",
    "squareImage": "https://static.colruytgroup.com/images/500x500sq/std.lang.all/12/93/asset-2261293.jpg",
    "content": "50cl",
    "walkRouteSequenceNumber": 4685,
    "price": {
      "basicPrice": 1.7,
      "recommendedQuantity": "4.0",
      "quantityPrice": 1.63,
      "quantityPriceQuantity": "24.0",
      "measurementUnitPrice": 3.4,
      "measurementUnitQuantityPrice": 3.26,
      "measurementUnit": "L",
      "isRedPrice": false,
      "pricePerUOM": 3.4,
      "activationDate": "17-02-2024",
      "recordSource": "Online",
      "isPromoActive": "N",
      "priceChangeCode": "E",
      "quantityPricePerUOM": 3.26,
      "quantityActivationDate": "17-02-2024",
      "quantityPriceChangeCode": "E"
    },
    "isAvailable": true,
    "isPriceAvailable": true,
    "inPromo": false,
    "gtin": [
      "05060947542549",
      "05060947542556",
      "05060639127528",
      "05060639127542"
    ],
    "topCategoryName": "Dranken",
    "topCategoryId": "354",
    "businessDomain": "RETAIL_BE",
    "IsPrivateLabel": false,
    "IsBiffe": false,
    "WeightconversionFactor": "0",
    "IsWeightArticle": false,
    "nutriscoreLabel": "C",
    "IsBio": false,
    "CountryOfOrigin": "BELGIË",
    "IsExclusivelySoldInLuxembourg": false,
    "OrderUnit": "P",
    "ShortName": "MONS ZERO ULTRA PARA50C",
    "IsNew": false,
    "RecentQuanityOfStockUnits": "1,24,4",
    "LongName": "MONSTER Zero Sugar Ultra Paradise 50cl",
    "FicCode": "E"
  },
  {
    "productId": "630979",
    "technicalArticleNumber": "4316670",
    "commercialArticleNumber": "10877",
    "name": "appel-cassis-framboos",
    "description": "*Niet-bruisende\nlimonade",
    "brand": "OASIS",
    "seoBrand": "Oasis",
    "thumbNail": "https://static.colruytgroup.com/images/200x200/nl_be/01/67/asset-3270167.jpg",
    "fullImage": "https://static.colruytgroup.com/images/500x500/nl_be/01/67/asset-3270167.jpg",
    "squareImage": "https://static.colruytgroup.com/images/500x500sq/nl_be/01/67/asset-3270167.jpg",
    "content": "33cl",
    "walkRouteSequenceNumber": 4083,
    "price": {
      "basicPrice": 0.931,
      "recommendedQuantity": "6.0",
      "quantityPrice": 0.894,
      "quantityPriceQuantity": "24.0",
      "measurementUnitPrice": 2.83,
      "measurementUnitQuantityPrice": 2.71,
      "measurementUnit": "L",
      "isRedPrice": false,
      "pricePerUOM": 2.83,
      "activationDate": "05-03-2024",
      "recordSource": "Offline",
      "isPromoActive": "N",
      "priceChangeCode": "H",
      "quantityPricePerUOM": 2.71,
      "quantityActivationDate": "05-03-2024",
      "quantityPriceChangeCode": "H"
    },
    "isAvailable": true,
    "isPriceAvailable": true,
    "inPromo": false,
    "gtin": [
      "03124480186584",
      "03124480186799",
      "03124488186791"
    ],
    "topCategoryName": "Dranken",
    "topCategoryId": "354",
    "businessDomain": "RETAIL_BE",
    "IsPrivateLabel": false,
    "IsBiffe": false,
    "WeightconversionFactor": "0",
    "IsWeightArticle": false,
    "nutriscoreLabel": "D",
    "IsBio": false,
    "CountryOfOrigin": "FRANKRIJK",
    "IsExclusivelySoldInLuxembourg": false,
    "OrderUnit": "P",
    "ShortName": "OASI APP-CAS-FRAMB.33CL",
    "IsNew": false,
    "RecentQuanityOfStockUnits": "1,6,24",
    "LongName": "OASIS appel-cassis-framboos 33cl",
    "FicCode": "E"
  },
  {
    "productId": "633040",
    "technicalArticleNumber": "4320060",
    "commercialArticleNumber": "4735",
    "name": "Pompelmo",
    "description": "*Bruisende limonade\n*Smaak: pompelmoes",
    "brand": "SAN PELLEGRINO",
    "seoBrand": "San Pellegrino",
    "thumbNail": "https://ecgproductmw.colruytgroup.com/ecgproductmw/noPicForArticle_2.jpg",
    "fullImage": "https://ecgproductmw.colruytgroup.com/ecgproductmw/noPicForArticle_5.jpg",
    "squareImage": "https://ecgproductmw.colruytgroup.com/ecgproductmw/noPicForArticle_5.jpg",
    "content": "33cl",
    "walkRouteSequenceNumber": 4267,
    "price": {
      "basicPrice": 0.981,
      "recommendedQuantity": "6.0",
      "measurementUnitPrice": 2.98,
      "measurementUnit": "L",
      "isRedPrice": false,
      "pricePerUOM": 2.98,
      "activationDate": "01-03-2024",
      "recordSource": "Offline",
      "isPromoActive": "N",
      "priceChangeCode": "H"
    },
    "isAvailable": true,
    "isPriceAvailable": true,
    "inPromo": false,
    "gtin": [
      "08002270266553",
      "08002270276545",
      "08002270276538",
      "08002270476808",
      "08002270486807",
      "08002270486791"
    ],
    "topCategoryName": "Dranken",
    "topCategoryId": "354",
    "businessDomain": "RETAIL_BE",
    "IsPrivateLabel": false,
    "IsBiffe": false,
    "WeightconversionFactor": "0",
    "IsWeightArticle": false,
    "nutriscoreLabel": "E",
    "IsBio": false,
    "CountryOfOrigin": "ITALIË",
    "IsExclusivelySoldInLuxembourg": false,
    "OrderUnit": "P",
    "ShortName": "SANP POMPELMOES 33CL",
    "InSeason": true,
    "IsNew": false,
    "RecentQuanityOfStockUnits": "6,1,24",
    "LongName": "SAN PELLEGRINO Pompelmo 33cl",
    "AlcoholVolume": "0",
    "StartSeasonDate": "14/01/2021",
    "FicCode": "E"
  },
  {
    "productId": "858737",
    "technicalArticleNumber": "4709019",
    "commercialArticleNumber": "31700",
    "name": "caps Grande",
    "description": "*Grande koffie\n*Voor grote tassen\n*Intensiteit 5\n*30 Capsules",
    "brand": "NESCAFÉ DOLCE GUSTO",
    "seoBrand": "Nescafé Dolce Gusto",
    "thumbNail": "https://static.colruytgroup.com/images/200x200/std.lang.all/79/51/asset-3387951.jpg",
    "fullImage": "https://static.colruytgroup.com/images/500x500/std.lang.all/79/51/asset-3387951.jpg",
    "squareImage": "https://static.colruytgroup.com/images/500x500sq/std.lang.all/79/51/asset-3387951.jpg",
    "content": "30st",
    "walkRouteSequenceNumber": 1119,
    "price": {
      "basicPrice": 8.99,
      "recommendedQuantity": "1.0",
      "measurementUnitPrice": 35.26,
      "measurementUnit": "K",
      "isRedPrice": false,
      "pricePerUOM": 35.26,
      "activationDate": "23-03-2024",
      "recordSource": "Offline",
      "isPromoActive": "N",
      "priceChangeCode": "E"
    },
    "isAvailable": true,
    "isPriceAvailable": true,
    "inPromo": false,
    "gtin": [
      "08445290453792",
      "08445290453808"
    ],
    "topCategoryName": "Dranken",
    "topCategoryId": "354",
    "businessDomain": "RETAIL_BE",
    "IsPrivateLabel": false,
    "IsBiffe": false,
    "WeightconversionFactor": "0",
    "IsWeightArticle": false,
    "nutriscoreLabel": "B",
    "IsBio": false,
    "CountryOfOrigin": "DUITSLAND",
    "IsExclusivelySoldInLuxembourg": false,
    "OrderUnit": "P",
    "ShortName": "D.G. GRANDE 30CAPS",
    "IsNew": false,
    "RecentQuanityOfStockUnits": "3,1",
    "LongName": "NESCAFÉ DOLCE GUSTO caps Grande 30st",
    "FicCode": "E"
  },
  {
    "productId": "861194",
    "technicalArticleNumber": "4712297",
    "commercialArticleNumber": "20241",
    "name": "appel-kerssap",
    "description": "*Appel-kerssap\n*Uit sapconcentraat\n*Zonder pulp",
    "brand": "BONI",
    "seoBrand": "Boni Selection",
    "thumbNail": "https://static.colruytgroup.com/images/200x200/std.lang.all/05/37/asset-3240537.jpg",
    "fullImage": "https://static.colruytgroup.com/images/500x500/std.lang.all/05/37/asset-3240537.jpg",
    "squareImage": "https://static.colruytgroup.com/images/500x500sq/std.lang.all/05/37/asset-3240537.jpg",
    "content": "10x20cl",
    "walkRouteSequenceNumber": 4746,
    "price": {
      "basicPrice": 4.95,
      "recommendedQuantity": "1.0",
      "quantityPrice": 4.55,
      "quantityPriceQuantity": "3.0",
      "measurementUnitPrice": 2.48,
      "measurementUnitQuantityPrice": 2.28,
      "measurementUnit": "L",
      "isRedPrice": false,
      "pricePerUOM": 2.48,
      "activationDate": "14-03-2024",
      "isPromoActive": "N",
      "priceChangeCode": "H",
      "quantityPricePerUOM": 2.28,
      "quantityActivationDate": "14-03-2024",
      "quantityPriceChangeCode": "H"
    },
    "isAvailable": true,
    "isPriceAvailable": true,
    "inPromo": false,
    "gtin": [
      "25400141454912",
      "15400141454915",
      "05400141454918"
    ],
    "topCategoryName": "Dranken",
    "topCategoryId": "354",
    "businessDomain": "RETAIL_BE",
    "IsPrivateLabel": true,
    "IsBiffe": false,
    "WeightconversionFactor": "0",
    "IsWeightArticle": false,
    "nutriscoreLabel": "B",
    "IsBio": false,
    "CountryOfOrigin": "NEDERLAND",
    "IsExclusivelySoldInLuxembourg": false,
    "OrderUnit": "P",
    "ShortName": "BONI APP-KERSSAP10X20CL",
    "IsNew": false,
    "EcoscoreLabel": "C",
    "RecentQuanityOfStockUnits": "3,1",
    "LongName": "BONI appel-kerssap 10x20cl",
    "AlcoholVolume": "0",
    "FicCode": "I",
    "EcoscoreValue": "41"
  },
  {
    "productId": "194108",
    "technicalArticleNumber": "3433346",
    "commercialArticleNumber": "40643",
    "name": "thee Original earl grey",
    "description": "*Instant thee\n*Bergamotaroma",
    "brand": "TWININGS",
    "seoBrand": "Twinings",
    "thumbNail": "https://static.colruytgroup.com/images/200x200/std.lang.all/60/91/asset-806091.jpg",
    "fullImage": "https://static.colruytgroup.com/images/500x500/std.lang.all/60/91/asset-806091.jpg",
    "squareImage": "https://static.colruytgroup.com/images/500x500sq/std.lang.all/60/91/asset-806091.jpg",
    "content": "50st",
    "walkRouteSequenceNumber": 1245,
    "price": {
      "basicPrice": 4.98,
      "recommendedQuantity": "1.0",
      "measurementUnitPrice": 49.8,
      "measurementUnit": "K",
      "isRedPrice": false,
      "pricePerUOM": 49.8,
      "activationDate": "20-03-2024",
      "recordSource": "Offline",
      "isPromoActive": "N",
      "priceChangeCode": "L"
    },
    "isAvailable": true,
    "isPriceAvailable": true,
    "inPromo": false,
    "gtin": [
      "05055953902548",
      "05055953950846",
      "05055953900445",
      "05055953950129"
    ],
    "topCategoryName": "Dranken",
    "topCategoryId": "354",
    "businessDomain": "RETAIL_BE",
    "IsPrivateLabel": false,
    "IsBiffe": false,
    "WeightconversionFactor": "0",
    "IsWeightArticle": false,
    "nutriscoreLabel": "B",
    "IsBio": false,
    "CountryOfOrigin": "CHINA (VOLKSREBUPLIEK)",
    "IsExclusivelySoldInLuxembourg": false,
    "OrderUnit": "P",
    "ShortName": "TWININGS EARL GREY 50B",
    "InSeason": true,
    "IsNew": false,
    "EcoscoreLabel": "B",
    "RecentQuanityOfStockUnits": "1,10",
    "LongName": "TWININGS thee Original earl grey 50st",
    "AlcoholVolume": "0",
    "StartSeasonDate": "20/11/2020",
    "FicCode": "E",
    "EcoscoreValue": "79"
  },
  {
    "productId": "339460",
    "technicalArticleNumber": "3832696",
    "commercialArticleNumber": "15880",
    "name": "Lemon glas",
    "description": "*Bruisende limonade\n*Smaak: citroen\n*Zonder bewaar-\nmiddelen",
    "brand": "RITCHIE",
    "seoBrand": "Ritchie",
    "thumbNail": "https://static.colruytgroup.com/images/200x200/std.lang.all/98/03/asset-2429803.jpg",
    "fullImage": "https://static.colruytgroup.com/images/500x500/std.lang.all/98/03/asset-2429803.jpg",
    "squareImage": "https://static.colruytgroup.com/images/500x500sq/std.lang.all/98/03/asset-2429803.jpg",
    "content": "27,5cl",
    "walkRouteSequenceNumber": 4309,
    "price": {
      "basicPrice": 1.5,
      "recommendedQuantity": "4.0",
      "measurementUnitPrice": 5.46,
      "measurementUnit": "L",
      "isRedPrice": false,
      "pricePerUOM": 5.46,
      "activationDate": "05-12-2023",
      "recordSource": "Online",
      "isPromoActive": "N",
      "priceChangeCode": "E"
    },
    "isAvailable": true,
    "isPriceAvailable": true,
    "inPromo": false,
    "gtin": [
      "05414145267955",
      "05414145167958",
      "05414145067951",
      "05430002241067",
      "05430002241074",
      "05430002241081"
    ],
    "topCategoryName": "Dranken",
    "topCategoryId": "354",
    "businessDomain": "RETAIL_BE",
    "IsPrivateLabel": false,
    "IsBiffe": false,
    "WeightconversionFactor": "0",
    "IsWeightArticle": false,
    "nutriscoreLabel": "D",
    "IsBio": false,
    "CountryOfOrigin": "BELGIË",
    "IsExclusivelySoldInLuxembourg": false,
    "OrderUnit": "P",
    "ShortName": "RITC LEMON 27.5CL",
    "IsNew": false,
    "RecentQuanityOfStockUnits": "24,1,4",
    "LongName": "RITCHIE Lemon glas 27,5cl",
    "AlcoholVolume": "0",
    "FicCode": "E"
  },
  {
    "productId": "451228",
    "technicalArticleNumber": "4004041",
    "commercialArticleNumber": "4629",
    "name": "tropical sap",
    "description": "*vers sap",
    "brand": "INNOCENT",
    "seoBrand": "Innocent",
    "thumbNail": "https://static.colruytgroup.com/images/200x200/std.lang.all/84/65/asset-1648465.jpg",
    "fullImage": "https://static.colruytgroup.com/images/500x500/std.lang.all/84/65/asset-1648465.jpg",
    "squareImage": "https://static.colruytgroup.com/images/500x500sq/std.lang.all/84/65/asset-1648465.jpg",
    "content": "900ml",
    "walkRouteSequenceNumber": 5045,
    "price": {
      "basicPrice": 3.19,
      "recommendedQuantity": "1.0",
      "quantityPrice": 2.39,
      "quantityPriceQuantity": "2.0",
      "measurementUnitPrice": 3.55,
      "measurementUnitQuantityPrice": 2.66,
      "measurementUnit": "L",
      "isRedPrice": false,
      "pricePerUOM": 3.55,
      "activationDate": "21-03-2024",
      "recordSource": "Offline",
      "isPromoActive": "N",
      "priceChangeCode": "E",
      "quantityPricePerUOM": 2.66,
      "quantityActivationDate": "21-03-2024",
      "quantityPriceChangeCode": "H"
    },
    "isAvailable": true,
    "isPriceAvailable": true,
    "inPromo": false,
    "gtin": [
      "05038862135504",
      "05038862134750"
    ],
    "topCategoryName": "Dranken",
    "topCategoryId": "354",
    "businessDomain": "RETAIL_BE",
    "IsPrivateLabel": false,
    "IsBiffe": false,
    "WeightconversionFactor": "0",
    "IsWeightArticle": false,
    "nutriscoreLabel": "C",
    "IsBio": false,
    "CountryOfOrigin": "VERENIGD KONINKRIJK",
    "IsExclusivelySoldInLuxembourg": false,
    "OrderUnit": "P",
    "ShortName": "INNO TROPICAL SAP 900ML",
    "IsNew": false,
    "EcoscoreLabel": "C",
    "RecentQuanityOfStockUnits": "6,1",
    "LongName": "INNOCENT tropical sap 900ml",
    "FicCode": "E",
    "EcoscoreValue": "43"
  },
  {
    "productId": "878405",
    "technicalArticleNumber": "4734417",
    "commercialArticleNumber": "16607",
    "name": "Caps choco",
    "description": "*Capsules\n*Dolce Gusto\ncompatibel",
    "brand": "BONI",
    "seoBrand": "Boni Selection",
    "thumbNail": "https://static.colruytgroup.com/images/200x200/std.lang.all/90/02/asset-3359002.jpg",
    "fullImage": "https://static.colruytgroup.com/images/500x500/std.lang.all/90/02/asset-3359002.jpg",
    "squareImage": "https://static.colruytgroup.com/images/500x500sq/std.lang.all/90/02/asset-3359002.jpg",
    "content": "16st",
    "walkRouteSequenceNumber": 1103,
    "price": {
      "basicPrice": 3.89,
      "recommendedQuantity": "1.0",
      "measurementUnitPrice": 15.2,
      "measurementUnit": "K",
      "isRedPrice": false,
      "pricePerUOM": 15.2,
      "activationDate": "10-10-2023",
      "isPromoActive": "N",
      "priceChangeCode": "H"
    },
    "isAvailable": true,
    "isPriceAvailable": true,
    "inPromo": false,
    "gtin": [
      "15400141494485",
      "05400141494488"
    ],
    "topCategoryName": "Dranken",
    "topCategoryId": "354",
    "businessDomain": "RETAIL_BE",
    "IsPrivateLabel": true,
    "IsBiffe": false,
    "WeightconversionFactor": "0",
    "IsWeightArticle": false,
    "nutriscoreLabel": "E",
    "IsBio": false,
    "CountryOfOrigin": "BELGIË",
    "IsExclusivelySoldInLuxembourg": false,
    "OrderUnit": "P",
    "ShortName": "BONI CHOCO DG 16CAPS",
    "IsNew": false,
    "RecentQuanityOfStockUnits": "1,6",
    "LongName": "BONI Caps choco 16st",
    "AlcoholVolume": "0",
    "FicCode": "I"
  },
  {
    "productId": "869568",
    "technicalArticleNumber": "4722934",
    "commercialArticleNumber": "18979",
    "name": "This Is Not Milk Chocolate",
    "description": "*Plantaardig",
    "brand": "ALPRO",
    "seoBrand": "Alpro",
    "thumbNail": "https://static.colruytgroup.com/images/200x200/std.lang.all/55/28/asset-3215528.jpg",
    "fullImage": "https://static.colruytgroup.com/images/500x500/std.lang.all/55/28/asset-3215528.jpg",
    "squareImage": "https://static.colruytgroup.com/images/500x500sq/std.lang.all/55/28/asset-3215528.jpg",
    "content": "1L",
    "walkRouteSequenceNumber": 6308,
    "price": {
      "basicPrice": 2.79,
      "recommendedQuantity": "1.0",
      "measurementUnitPrice": 2.79,
      "measurementUnit": "L",
      "isRedPrice": false,
      "pricePerUOM": 2.79,
      "activationDate": "19-03-2024",
      "recordSource": "Offline",
      "isPromoActive": "N",
      "priceChangeCode": "E"
    },
    "isAvailable": true,
    "isPriceAvailable": true,
    "inPromo": false,
    "gtin": [
      "05411188138488",
      "05411188138495"
    ],
    "topCategoryName": "Zuivel",
    "topCategoryId": "65",
    "businessDomain": "RETAIL_BE",
    "IsPrivateLabel": false,
    "IsBiffe": false,
    "WeightconversionFactor": "0",
    "IsWeightArticle": false,
    "nutriscoreLabel": "A",
    "IsBio": false,
    "CountryOfOrigin": "BELGIË",
    "IsExclusivelySoldInLuxembourg": false,
    "OrderUnit": "P",
    "ShortName": "ALPR NOT MILK CHOCO 1L",
    "IsNew": false,
    "EcoscoreLabel": "A",
    "RecentQuanityOfStockUnits": "8,1",
    "LongName": "ALPRO This Is Not Milk Chocolate 1L",
    "FicCode": "E",
    "EcoscoreValue": "92"
  },
  {
    "productId": "357626",
    "technicalArticleNumber": "3870562",
    "commercialArticleNumber": "40567",
    "name": "Abt 12",
    "description": "*Donker bier van\nhoge gisting\n*10% vol",
    "brand": "ST BERNARDUS",
    "seoBrand": "St Bernardus",
    "thumbNail": "https://static.colruytgroup.com/images/200x200/std.lang.all/08/70/asset-1500870.jpg",
    "fullImage": "https://static.colruytgroup.com/images/500x500/std.lang.all/08/70/asset-1500870.jpg",
    "squareImage": "https://static.colruytgroup.com/images/500x500sq/std.lang.all/08/70/asset-1500870.jpg",
    "content": "6x33cl",
    "walkRouteSequenceNumber": 3661,
    "price": {
      "basicPrice": 9.54,
      "recommendedQuantity": "1.0",
      "measurementUnitPrice": 4.82,
      "measurementUnit": "L",
      "isRedPrice": false,
      "pricePerUOM": 4.82,
      "activationDate": "12-01-2024",
      "recordSource": "Offline",
      "isPromoActive": "N",
      "priceChangeCode": "L"
    },
    "isAvailable": true,
    "isPriceAvailable": true,
    "inPromo": false,
    "gtin": [
      "05400141206487",
      "00000054079021"
    ],
    "topCategoryName": "Dranken",
    "topCategoryId": "354",
    "businessDomain": "RETAIL_BE",
    "IsPrivateLabel": false,
    "IsBiffe": false,
    "WeightconversionFactor": "0",
    "IsWeightArticle": false,
    "IsBio": false,
    "CountryOfOrigin": "BELGIË",
    "IsExclusivelySoldInLuxembourg": false,
    "OrderUnit": "P",
    "ShortName": "ST BERNARDUS ABT 6X33CL",
    "IsNew": false,
    "EcoscoreLabel": "D",
    "RecentQuanityOfStockUnits": "1",
    "LongName": "ST BERNARDUS Abt 12 6x33cl",
    "AlcoholVolume": "10",
    "FicCode": "E",
    "DepositValue": [
      0.6
    ],
    "EcoscoreValue": "37"
  },
  {
    "productId": "12702",
    "technicalArticleNumber": "1217146",
    "commercialArticleNumber": "22098",
    "name": "oploskoffie cichorei",
    "description": "*Met cichorei\n*Oploskoffie",
    "brand": "NESTLÉ RICORÉ",
    "seoBrand": "Nestlé Ricoré",
    "thumbNail": "https://static.colruytgroup.com/images/200x200/std.lang.all/31/67/asset-2263167.jpg",
    "fullImage": "https://static.colruytgroup.com/images/500x500/std.lang.all/31/67/asset-2263167.jpg",
    "squareImage": "https://static.colruytgroup.com/images/500x500sq/std.lang.all/31/67/asset-2263167.jpg",
    "content": "250g",
    "walkRouteSequenceNumber": 1174,
    "price": {
      "basicPrice": 7.39,
      "recommendedQuantity": "1.0",
      "measurementUnitPrice": 29.56,
      "measurementUnit": "K",
      "isRedPrice": false,
      "pricePerUOM": 29.56,
      "activationDate": "28-02-2024",
      "recordSource": "Offline",
      "isPromoActive": "N",
      "priceChangeCode": "H"
    },
    "isAvailable": true,
    "isPriceAvailable": true,
    "inPromo": false,
    "gtin": [
      "03033710244218",
      "03033710266432",
      "03033710073511"
    ],
    "topCategoryName": "Dranken",
    "topCategoryId": "354",
    "businessDomain": "RETAIL_BE",
    "IsPrivateLabel": false,
    "IsBiffe": false,
    "WeightconversionFactor": "0",
    "IsWeightArticle": false,
    "nutriscoreLabel": "A",
    "IsBio": false,
    "CountryOfOrigin": "FRANKRIJK",
    "IsExclusivelySoldInLuxembourg": false,
    "OrderUnit": "P",
    "ShortName": "RICORE 250 GR BLIK",
    "IsNew": false,
    "RecentQuanityOfStockUnits": "1",
    "LongName": "NESTLÉ RICORÉ oploskoffie cichorei 250g",
    "AlcoholVolume": "0",
    "FicCode": "E"
  },
  {
    "productId": "1314",
    "technicalArticleNumber": "18031",
    "commercialArticleNumber": "18031",
    "name": "Whisky Old N°7 40%",
    "description": "*Tennessee blended\nwhisky\n*USA",
    "brand": "JACK DANIEL'S",
    "seoBrand": "Jack Daniel's",
    "thumbNail": "https://static.colruytgroup.com/images/200x200/std.lang.all/82/91/asset-3158291.jpg",
    "fullImage": "https://static.colruytgroup.com/images/500x500/std.lang.all/82/91/asset-3158291.jpg",
    "squareImage": "https://static.colruytgroup.com/images/500x500sq/std.lang.all/82/91/asset-3158291.jpg",
    "content": "70cl",
    "walkRouteSequenceNumber": 985,
    "price": {
      "basicPrice": 24.99,
      "recommendedQuantity": "1.0",
      "measurementUnitPrice": 35.7,
      "measurementUnit": "L",
      "isRedPrice": false,
      "pricePerUOM": 35.7,
      "activationDate": "19-03-2024",
      "recordSource": "Offline",
      "isPromoActive": "N",
      "priceChangeCode": "L"
    },
    "isAvailable": true,
    "isPriceAvailable": true,
    "inPromo": false,
    "gtin": [
      "05099873226636",
      "05099873126639",
      "05099873123454",
      "05099873127360",
      "05099873045947",
      "05099873089798",
      "05099873289792",
      "05099873345870",
      "15099873106812",
      "05099873245910",
      "05099873290415",
      "03099873045864",
      "05099873124567",
      "05099873090473",
      "05099873223949",
      "05099873125304",
      "05099873225301",
      "05099873126288",
      "05099873226285"
    ],
    "topCategoryName": "Dranken",
    "topCategoryId": "354",
    "businessDomain": "RETAIL_BE",
    "IsPrivateLabel": false,
    "IsBiffe": false,
    "WeightconversionFactor": "0",
    "IsWeightArticle": false,
    "IsBio": false,
    "CountryOfOrigin": "VERENIGDE STATEN VAN AMERIKA",
    "IsExclusivelySoldInLuxembourg": false,
    "OrderUnit": "P",
    "ShortName": "JACK WHISKY 40% 70CL",
    "IsNew": false,
    "EcoscoreLabel": "D",
    "RecentQuanityOfStockUnits": "1,1,6,6,1",
    "LongName": "JACK DANIEL'S Whisky Old N°7 40% 70cl",
    "AlcoholVolume": "40",
    "FicCode": "E",
    "EcoscoreValue": "38"
  },
  {
    "productId": "52597",
    "technicalArticleNumber": "2282307",
    "commercialArticleNumber": "3068",
    "name": "melk halfvol vers brik",
    "description": "*Halfvolle melk\n*België",
    "brand": "BONI",
    "seoBrand": "Boni Selection",
    "thumbNail": "https://static.colruytgroup.com/images/200x200/nl_be/35/60/asset-3033560.jpg",
    "fullImage": "https://static.colruytgroup.com/images/500x500/nl_be/35/60/asset-3033560.jpg",
    "squareImage": "https://static.colruytgroup.com/images/500x500sq/nl_be/35/60/asset-3033560.jpg",
    "content": "1L",
    "walkRouteSequenceNumber": 5743,
    "price": {
      "basicPrice": 1.49,
      "recommendedQuantity": "1.0",
      "measurementUnitPrice": 1.49,
      "measurementUnit": "L",
      "isRedPrice": false,
      "pricePerUOM": 1.49,
      "activationDate": "12-03-2024",
      "recordSource": "Offline",
      "isPromoActive": "N",
      "priceChangeCode": "E"
    },
    "isAvailable": true,
    "isPriceAvailable": true,
    "inPromo": false,
    "gtin": [
      "05400141422795",
      "15400141422792",
      "05400141033687",
      "15400141989844",
      "15400141799207",
      "15400141293033",
      "05400141035698",
      "05400141293036"
    ],
    "topCategoryName": "Zuivel",
    "topCategoryId": "65",
    "businessDomain": "RETAIL_BE",
    "IsPrivateLabel": true,
    "IsBiffe": false,
    "WeightconversionFactor": "0",
    "IsWeightArticle": false,
    "nutriscoreLabel": "B",
    "IsBio": false,
    "CountryOfOrigin": "BELGIË",
    "IsExclusivelySoldInLuxembourg": false,
    "OrderUnit": "P",
    "ShortName": "BONI VERS HV MELK1L",
    "IsNew": false,
    "EcoscoreLabel": "B",
    "RecentQuanityOfStockUnits": "1,6",
    "LongName": "BONI melk halfvol vers brik 1L",
    "AlcoholVolume": "0",
    "FicCode": "I",
    "EcoscoreValue": "69"
  },
  {
    "productId": "868325",
    "technicalArticleNumber": "4721339",
    "commercialArticleNumber": "15023",
    "name": "Agrumes & Ylang Ylang",
    "description": "*Bruisende limonade",
    "brand": "ROYAL BLISS",
    "seoBrand": "Royal Bliss",
    "thumbNail": "https://static.colruytgroup.com/images/200x200/std.lang.all/74/13/asset-3197413.jpg",
    "fullImage": "https://static.colruytgroup.com/images/500x500/std.lang.all/74/13/asset-3197413.jpg",
    "squareImage": "https://static.colruytgroup.com/images/500x500sq/std.lang.all/74/13/asset-3197413.jpg",
    "content": "25cl",
    "walkRouteSequenceNumber": 4237,
    "price": {
      "basicPrice": 0.881,
      "recommendedQuantity": "6.0",
      "measurementUnitPrice": 3.53,
      "measurementUnit": "L",
      "isRedPrice": false,
      "pricePerUOM": 3.53,
      "activationDate": "23-03-2024",
      "recordSource": "Offline",
      "isPromoActive": "N",
      "priceChangeCode": "H"
    },
    "isAvailable": true,
    "isPriceAvailable": true,
    "inPromo": false,
    "gtin": [
      "05449000143372",
      "05449000143365",
      "05449000143358"
    ],
    "topCategoryName": "Dranken",
    "topCategoryId": "354",
    "businessDomain": "RETAIL_BE",
    "IsPrivateLabel": false,
    "IsBiffe": false,
    "WeightconversionFactor": "0",
    "IsWeightArticle": false,
    "nutriscoreLabel": "C",
    "IsBio": false,
    "CountryOfOrigin": "BELGIË",
    "IsExclusivelySoldInLuxembourg": false,
    "OrderUnit": "P",
    "ShortName": "ROBL AGRUMES&YLANG 25CL",
    "IsNew": false,
    "RecentQuanityOfStockUnits": "6,1,24",
    "LongName": "ROYAL BLISS Agrumes & Ylang Ylang 25cl",
    "AlcoholVolume": "0",
    "FicCode": "E"
  },
  {
    "productId": "92154",
    "technicalArticleNumber": "2861121",
    "commercialArticleNumber": "24828",
    "name": "Green tea original niet-br.",
    "description": "*Smaak: groene thee\n*Niet-bruisend\n*Met suiker",
    "brand": "ARIZONA",
    "seoBrand": "AriZona",
    "thumbNail": "https://static.colruytgroup.com/images/200x200/std.lang.all/36/04/asset-2083604.jpg",
    "fullImage": "https://static.colruytgroup.com/images/500x500/std.lang.all/36/04/asset-2083604.jpg",
    "squareImage": "https://static.colruytgroup.com/images/500x500sq/std.lang.all/36/04/asset-2083604.jpg",
    "content": "50cl",
    "walkRouteSequenceNumber": 4230,
    "price": {
      "basicPrice": 1.09,
      "recommendedQuantity": "6.0",
      "measurementUnitPrice": 2.18,
      "measurementUnit": "L",
      "isRedPrice": false,
      "pricePerUOM": 2.18,
      "activationDate": "14-03-2024",
      "recordSource": "Offline",
      "isPromoActive": "N",
      "priceChangeCode": "E"
    },
    "isAvailable": true,
    "isPriceAvailable": true,
    "inPromo": false,
    "gtin": [
      "00613008730734",
      "00613008732554"
    ],
    "topCategoryName": "Dranken",
    "topCategoryId": "354",
    "businessDomain": "RETAIL_BE",
    "IsPrivateLabel": false,
    "IsBiffe": false,
    "WeightconversionFactor": "0",
    "IsWeightArticle": false,
    "IsBio": false,
    "CountryOfOrigin": "DUITSLAND",
    "IsExclusivelySoldInLuxembourg": false,
    "OrderUnit": "P",
    "ShortName": "ARIZONA GREEN TEA 500ML",
    "IsNew": false,
    "RecentQuanityOfStockUnits": "1,6",
    "LongName": "ARIZONA Green tea original niet-br. 50cl",
    "AlcoholVolume": "0",
    "FicCode": "E"
  },
  {
    "productId": "467480",
    "technicalArticleNumber": "4070582",
    "commercialArticleNumber": "6624",
    "name": "bier blond 0,0% blik",
    "description": "*Alcoholvrij bier\n*0,0 % vol",
    "brand": "LEFFE",
    "seoBrand": "Leffe",
    "thumbNail": "https://static.colruytgroup.com/images/200x200/std.lang.all/23/86/asset-2732386.jpg",
    "fullImage": "https://static.colruytgroup.com/images/500x500/std.lang.all/23/86/asset-2732386.jpg",
    "squareImage": "https://static.colruytgroup.com/images/500x500sq/std.lang.all/23/86/asset-2732386.jpg",
    "content": "33cl",
    "walkRouteSequenceNumber": 3857,
    "price": {
      "basicPrice": 0.99,
      "recommendedQuantity": "6.0",
      "measurementUnitPrice": 3,
      "measurementUnit": "L",
      "isRedPrice": false,
      "pricePerUOM": 3,
      "activationDate": "13-03-2024",
      "recordSource": "Offline",
      "isPromoActive": "Y",
      "priceChangeCode": "E"
    },
    "isAvailable": true,
    "isPriceAvailable": true,
    "inPromo": true,
    "promotion": [
      {
        "techPromoId": "100917COLR",
        "promotionId": "100917",
        "promotionType": "3",
        "isPersonalized": "N",
        "publicationStartDate": "13-03-2024",
        "publicationEndDate": "26-03-2024"
      }
    ],
    "gtin": [
      "05410228253624",
      "05410228253631",
      "05410228261056",
      "05410228261063"
    ],
    "topCategoryName": "Dranken",
    "topCategoryId": "354",
    "businessDomain": "RETAIL_BE",
    "IsPrivateLabel": false,
    "IsBiffe": false,
    "WeightconversionFactor": "0",
    "IsWeightArticle": false,
    "nutriscoreLabel": "C",
    "IsBio": false,
    "CountryOfOrigin": "BELGIË",
    "IsExclusivelySoldInLuxembourg": false,
    "OrderUnit": "P",
    "ShortName": "LEFF BLOND 0.0% BLIK33C",
    "IsNew": false,
    "RecentQuanityOfStockUnits": "1,6,24",
    "LongName": "LEFFE bier blond 0,0% blik 33cl",
    "AlcoholVolume": "0",
    "FicCode": "E"
  },
  {
    "productId": "40015",
    "technicalArticleNumber": "2476048",
    "commercialArticleNumber": "37134",
    "name": "groentesap brik",
    "description": "*Groentesap\n*Uit sapconcentraat\n*Zonder pulp",
    "brand": "BONI BIO",
    "seoBrand": "Boni Selection Bio",
    "thumbNail": "https://static.colruytgroup.com/images/200x200/std.lang.all/62/79/asset-3446279.jpg",
    "fullImage": "https://static.colruytgroup.com/images/500x500/std.lang.all/62/79/asset-3446279.jpg",
    "squareImage": "https://static.colruytgroup.com/images/500x500sq/std.lang.all/62/79/asset-3446279.jpg",
    "content": "1L",
    "walkRouteSequenceNumber": 4768,
    "price": {
      "basicPrice": 2.09,
      "recommendedQuantity": "1.0",
      "quantityPrice": 2.01,
      "quantityPriceQuantity": "12.0",
      "measurementUnitPrice": 2.09,
      "measurementUnitQuantityPrice": 2.01,
      "measurementUnit": "L",
      "isRedPrice": false,
      "pricePerUOM": 2.09,
      "activationDate": "28-02-2024",
      "recordSource": "Offline",
      "isPromoActive": "N",
      "priceChangeCode": "E",
      "quantityPricePerUOM": 2.01,
      "quantityActivationDate": "28-02-2024",
      "quantityPriceChangeCode": "H"
    },
    "isAvailable": true,
    "isPriceAvailable": true,
    "inPromo": false,
    "gtin": [
      "15400141444114",
      "05400141306163",
      "15400141114673",
      "05400141114676",
      "05400141363197",
      "05400141444117"
    ],
    "topCategoryName": "Dranken",
    "topCategoryId": "354",
    "businessDomain": "RETAIL_BE",
    "IsPrivateLabel": true,
    "IsBiffe": false,
    "WeightconversionFactor": "0",
    "IsWeightArticle": false,
    "nutriscoreLabel": "B",
    "IsBio": true,
    "CountryOfOrigin": "NEDERLAND",
    "IsExclusivelySoldInLuxembourg": false,
    "OrderUnit": "P",
    "ShortName": "BONI BIO GROENTSAP BR1L",
    "IsNew": false,
    "EcoscoreLabel": "C",
    "RecentQuanityOfStockUnits": "1,12,1",
    "LongName": "BONI BIO groentesap brik 1L",
    "AlcoholVolume": "0",
    "FicCode": "I",
    "EcoscoreValue": "57"
  },
  {
    "productId": "660409",
    "technicalArticleNumber": "4364725",
    "commercialArticleNumber": "24116",
    "name": "0,0% pils",
    "description": "*Pilsbier\n*0 % vol",
    "brand": "STELLA ARTOIS",
    "seoBrand": "Stella Artois",
    "thumbNail": "https://static.colruytgroup.com/images/200x200/std.lang.all/59/68/asset-3435968.jpg",
    "fullImage": "https://static.colruytgroup.com/images/500x500/std.lang.all/59/68/asset-3435968.jpg",
    "squareImage": "https://static.colruytgroup.com/images/500x500sq/std.lang.all/59/68/asset-3435968.jpg",
    "content": "6x25cl",
    "walkRouteSequenceNumber": 3859,
    "price": {
      "basicPrice": 4.86,
      "recommendedQuantity": "1.0",
      "measurementUnitPrice": 3.24,
      "measurementUnit": "L",
      "isRedPrice": false,
      "pricePerUOM": 3.24,
      "activationDate": "13-03-2024",
      "recordSource": "Online",
      "isPromoActive": "N",
      "priceChangeCode": "E"
    },
    "isAvailable": true,
    "isPriceAvailable": true,
    "inPromo": false,
    "gtin": [
      "05410228277095",
      "05410228277187",
      "05400111111117"
    ],
    "topCategoryName": "Dranken",
    "topCategoryId": "354",
    "businessDomain": "RETAIL_BE",
    "IsPrivateLabel": false,
    "IsBiffe": false,
    "WeightconversionFactor": "0",
    "IsWeightArticle": false,
    "IsBio": false,
    "CountryOfOrigin": "BELGIË",
    "IsExclusivelySoldInLuxembourg": false,
    "OrderUnit": "P",
    "ShortName": "STEL 0% PILS 6X25CL",
    "IsNew": false,
    "RecentQuanityOfStockUnits": "1,4",
    "LongName": "STELLA ARTOIS 0,0% pils 6x25cl",
    "AlcoholVolume": "0",
    "FicCode": "E",
    "DepositValue": [
      0.6
    ]
  },
  {
    "productId": "257674",
    "technicalArticleNumber": "3596174",
    "commercialArticleNumber": "15904",
    "name": "roze pomp. 100% puur sap brik",
    "description": "*Roze pompelmoessap\n*Puur sap\n*100% NFC",
    "brand": "BONI",
    "seoBrand": "Boni Selection",
    "thumbNail": "https://static.colruytgroup.com/images/200x200/std.lang.all/63/15/asset-1186315.jpg",
    "fullImage": "https://static.colruytgroup.com/images/500x500/std.lang.all/63/15/asset-1186315.jpg",
    "squareImage": "https://static.colruytgroup.com/images/500x500sq/std.lang.all/63/15/asset-1186315.jpg",
    "content": "1L",
    "walkRouteSequenceNumber": 4770,
    "price": {
      "basicPrice": 1.99,
      "recommendedQuantity": "2.0",
      "measurementUnitPrice": 1.99,
      "measurementUnit": "L",
      "isRedPrice": false,
      "pricePerUOM": 1.99,
      "activationDate": "17-02-2024",
      "recordSource": "Offline",
      "isPromoActive": "N",
      "priceChangeCode": "E"
    },
    "isAvailable": true,
    "isPriceAvailable": true,
    "inPromo": false,
    "gtin": [
      "05400141304435",
      "05400141236583",
      "05400141099140",
      "15400141099147",
      "15400141304432"
    ],
    "topCategoryName": "Dranken",
    "topCategoryId": "354",
    "businessDomain": "RETAIL_BE",
    "IsPrivateLabel": true,
    "IsBiffe": false,
    "WeightconversionFactor": "0",
    "IsWeightArticle": false,
    "nutriscoreLabel": "C",
    "IsBio": false,
    "CountryOfOrigin": "DUITSLAND",
    "IsExclusivelySoldInLuxembourg": false,
    "OrderUnit": "P",
    "ShortName": "BONI ROZ.POM.100%NFC 1L",
    "IsNew": false,
    "EcoscoreLabel": "E",
    "RecentQuanityOfStockUnits": "2,8,1",
    "LongName": "BONI roze pomp. 100% puur sap brik 1L",
    "AlcoholVolume": "0",
    "FicCode": "I",
    "EcoscoreValue": "0"
  },
  {
    "productId": "344055",
    "technicalArticleNumber": "3824459",
    "commercialArticleNumber": "40877",
    "name": "Ginger Ale",
    "description": "*Bruisend",
    "brand": "SCHWEPPES",
    "seoBrand": "Schweppes",
    "thumbNail": "https://static.colruytgroup.com/images/200x200/std.lang.all/28/59/asset-3222859.jpg",
    "fullImage": "https://static.colruytgroup.com/images/500x500/std.lang.all/28/59/asset-3222859.jpg",
    "squareImage": "https://static.colruytgroup.com/images/500x500sq/std.lang.all/28/59/asset-3222859.jpg",
    "content": "33cl",
    "walkRouteSequenceNumber": 4241,
    "price": {
      "basicPrice": 1.09,
      "recommendedQuantity": "6.0",
      "quantityPrice": 1.05,
      "quantityPriceQuantity": "24.0",
      "measurementUnitPrice": 3.31,
      "measurementUnitQuantityPrice": 3.19,
      "measurementUnit": "L",
      "isRedPrice": false,
      "pricePerUOM": 3.31,
      "activationDate": "13-03-2024",
      "recordSource": "Offline",
      "isPromoActive": "N",
      "priceChangeCode": "H",
      "quantityPricePerUOM": 3.19,
      "quantityActivationDate": "13-03-2024",
      "quantityPriceChangeCode": "H"
    },
    "isAvailable": true,
    "isPriceAvailable": true,
    "inPromo": false,
    "gtin": [
      "03124488188955",
      "03124480188953",
      "03124480188946"
    ],
    "topCategoryName": "Dranken",
    "topCategoryId": "354",
    "businessDomain": "RETAIL_BE",
    "IsPrivateLabel": false,
    "IsBiffe": false,
    "WeightconversionFactor": "0",
    "IsWeightArticle": false,
    "nutriscoreLabel": "C",
    "IsBio": false,
    "CountryOfOrigin": "FRANKRIJK",
    "IsExclusivelySoldInLuxembourg": false,
    "OrderUnit": "P",
    "ShortName": "SCHW GINGER ALE 33CL",
    "InSeason": true,
    "IsNew": false,
    "RecentQuanityOfStockUnits": "1,6,24",
    "LongName": "SCHWEPPES Ginger Ale 33cl",
    "StartSeasonDate": "28/09/2022",
    "FicCode": "E"
  },
  {
    "productId": "344055",
    "technicalArticleNumber": "3824459",
    "commercialArticleNumber": "40877",
    "name": "Ginger Ale",
    "description": "*Bruisend",
    "brand": "SCHWEPPES",
    "seoBrand": "Schweppes",
    "thumbNail": "https://static.colruytgroup.com/images/200x200/std.lang.all/28/59/asset-3222859.jpg",
    "fullImage": "https://static.colruytgroup.com/images/500x500/std.lang.all/28/59/asset-3222859.jpg",
    "squareImage": "https://static.colruytgroup.com/images/500x500sq/std.lang.all/28/59/asset-3222859.jpg",
    "content": "33cl",
    "walkRouteSequenceNumber": 4241,
    "price": {
      "basicPrice": 1.09,
      "recommendedQuantity": "6.0",
      "quantityPrice": 1.05,
      "quantityPriceQuantity": "24.0",
      "measurementUnitPrice": 3.31,
      "measurementUnitQuantityPrice": 3.19,
      "measurementUnit": "L",
      "isRedPrice": false,
      "pricePerUOM": 3.31,
      "activationDate": "13-03-2024",
      "recordSource": "Offline",
      "isPromoActive": "N",
      "priceChangeCode": "H",
      "quantityPricePerUOM": 3.19,
      "quantityActivationDate": "13-03-2024",
      "quantityPriceChangeCode": "H"
    },
    "isAvailable": true,
    "isPriceAvailable": true,
    "inPromo": false,
    "gtin": [
      "03124488188955",
      "03124480188953",
      "03124480188946"
    ],
    "topCategoryName": "Dranken",
    "topCategoryId": "354",
    "businessDomain": "RETAIL_BE",
    "IsPrivateLabel": false,
    "IsBiffe": false,
    "WeightconversionFactor": "0",
    "IsWeightArticle": false,
    "nutriscoreLabel": "C",
    "IsBio": false,
    "CountryOfOrigin": "FRANKRIJK",
    "IsExclusivelySoldInLuxembourg": false,
    "OrderUnit": "P",
    "ShortName": "SCHW GINGER ALE 33CL",
    "InSeason": true,
    "IsNew": false,
    "RecentQuanityOfStockUnits": "1,6,24",
    "LongName": "SCHWEPPES Ginger Ale 33cl",
    "StartSeasonDate": "28/09/2022",
    "FicCode": "E"
  },
  {
    "productId": "383483",
    "technicalArticleNumber": "3843123",
    "commercialArticleNumber": "21407",
    "name": "Triple Sec 35%",
    "description": "*Likeur\n*35,0 % vol",
    "brand": "MARIE GALANTE",
    "seoBrand": "Marie Galante",
    "thumbNail": "https://static.colruytgroup.com/images/200x200/std.lang.all/56/39/asset-1615639.jpg",
    "fullImage": "https://static.colruytgroup.com/images/500x500/std.lang.all/56/39/asset-1615639.jpg",
    "squareImage": "https://static.colruytgroup.com/images/500x500sq/std.lang.all/56/39/asset-1615639.jpg",
    "content": "70cl",
    "walkRouteSequenceNumber": 933,
    "price": {
      "basicPrice": 12.49,
      "recommendedQuantity": "1.0",
      "measurementUnitPrice": 17.85,
      "measurementUnit": "L",
      "isRedPrice": false,
      "pricePerUOM": 17.85,
      "activationDate": "28-12-2023",
      "recordSource": "Offline",
      "isPromoActive": "N",
      "priceChangeCode": "H"
    },
    "isAvailable": true,
    "isPriceAvailable": true,
    "inPromo": false,
    "gtin": [
      "15400141185062",
      "05400141185065"
    ],
    "topCategoryName": "Dranken",
    "topCategoryId": "354",
    "businessDomain": "RETAIL_BE",
    "IsPrivateLabel": true,
    "IsBiffe": false,
    "WeightconversionFactor": "0",
    "IsWeightArticle": false,
    "IsBio": false,
    "CountryOfOrigin": "BELGIË",
    "IsExclusivelySoldInLuxembourg": false,
    "OrderUnit": "P",
    "ShortName": "MGAL TRIPLE SEC 35% 70C",
    "IsNew": false,
    "EcoscoreLabel": "D",
    "RecentQuanityOfStockUnits": "6,1",
    "LongName": "MARIE GALANTE Triple Sec 35% 70cl",
    "AlcoholVolume": "35",
    "FicCode": "I",
    "EcoscoreValue": "30"
  },
  {
    "productId": "239108",
    "technicalArticleNumber": "3542629",
    "commercialArticleNumber": "41459",
    "name": "limonade citroen zero",
    "description": "*Bruisende limonade\n*Smaak: citroen\n*Met zoetstoffen",
    "brand": "EVERYDAY",
    "seoBrand": "Everyday",
    "thumbNail": "https://static.colruytgroup.com/images/200x200/std.lang.all/18/92/asset-1071892.jpg",
    "fullImage": "https://static.colruytgroup.com/images/500x500/std.lang.all/18/92/asset-1071892.jpg",
    "squareImage": "https://static.colruytgroup.com/images/500x500sq/std.lang.all/18/92/asset-1071892.jpg",
    "content": "1,5L",
    "walkRouteSequenceNumber": 4334,
    "price": {
      "basicPrice": 0.75,
      "recommendedQuantity": "6.0",
      "measurementUnitPrice": 0.5,
      "measurementUnit": "L",
      "isRedPrice": false,
      "pricePerUOM": 0.5,
      "activationDate": "02-02-2024",
      "recordSource": "Offline",
      "isPromoActive": "N",
      "priceChangeCode": "E"
    },
    "isAvailable": true,
    "isPriceAvailable": true,
    "inPromo": false,
    "gtin": [
      "05400141424812",
      "05400141029604"
    ],
    "topCategoryName": "Dranken",
    "topCategoryId": "354",
    "businessDomain": "RETAIL_BE",
    "IsPrivateLabel": true,
    "IsBiffe": false,
    "WeightconversionFactor": "0",
    "IsWeightArticle": false,
    "nutriscoreLabel": "C",
    "IsBio": false,
    "CountryOfOrigin": "BELGIË",
    "IsExclusivelySoldInLuxembourg": false,
    "OrderUnit": "P",
    "ShortName": "EVD CITROEN ZERO 1.5L",
    "IsNew": false,
    "RecentQuanityOfStockUnits": "1,6",
    "LongName": "EVERYDAY limonade citroen zero 1,5L",
    "AlcoholVolume": "0",
    "FicCode": "I"
  },
  {
    "productId": "799228",
    "technicalArticleNumber": "4612454",
    "commercialArticleNumber": "9879",
    "name": "Hazelnut Macchiato PET",
    "brand": "STARBUCKS",
    "seoBrand": "Starbucks",
    "thumbNail": "https://static.colruytgroup.com/images/200x200/std.lang.all/27/85/asset-2942785.jpg",
    "fullImage": "https://static.colruytgroup.com/images/500x500/std.lang.all/27/85/asset-2942785.jpg",
    "squareImage": "https://static.colruytgroup.com/images/500x500sq/std.lang.all/27/85/asset-2942785.jpg",
    "content": "22cl",
    "walkRouteSequenceNumber": 5981,
    "price": {
      "basicPrice": 2.19,
      "recommendedQuantity": "1.0",
      "measurementUnitPrice": 9.96,
      "measurementUnit": "L",
      "isRedPrice": false,
      "pricePerUOM": 9.96,
      "activationDate": "13-03-2024",
      "recordSource": "Offline",
      "isPromoActive": "N",
      "priceChangeCode": "E"
    },
    "isAvailable": true,
    "isPriceAvailable": true,
    "inPromo": false,
    "gtin": [
      "05711953145506"
    ],
    "topCategoryName": "Zuivel",
    "topCategoryId": "65",
    "businessDomain": "RETAIL_BE",
    "IsPrivateLabel": false,
    "IsBiffe": false,
    "WeightconversionFactor": "0",
    "IsWeightArticle": false,
    "nutriscoreLabel": "D",
    "IsBio": false,
    "CountryOfOrigin": "DENEMARKEN",
    "IsExclusivelySoldInLuxembourg": false,
    "OrderUnit": "P",
    "ShortName": "STAR HAZEL.MACC.PET22CL",
    "IsNew": false,
    "EcoscoreLabel": "C",
    "RecentQuanityOfStockUnits": "1,8",
    "LongName": "STARBUCKS Hazelnut Macchiato PET 22cl",
    "FicCode": "E",
    "EcoscoreValue": "57"
  },
  {
    "productId": "66525",
    "technicalArticleNumber": "2758013",
    "commercialArticleNumber": "42686",
    "name": "amandeldrink",
    "description": "*België\n*Plantaardig",
    "brand": "ALPRO",
    "seoBrand": "Alpro",
    "thumbNail": "https://static.colruytgroup.com/images/200x200/std.lang.all/06/98/asset-3440698.jpg",
    "fullImage": "https://static.colruytgroup.com/images/500x500/std.lang.all/06/98/asset-3440698.jpg",
    "squareImage": "https://static.colruytgroup.com/images/500x500sq/std.lang.all/06/98/asset-3440698.jpg",
    "content": "1L",
    "walkRouteSequenceNumber": 6294,
    "price": {
      "basicPrice": 2.49,
      "recommendedQuantity": "4.0",
      "measurementUnitPrice": 2.49,
      "measurementUnit": "L",
      "isRedPrice": false,
      "pricePerUOM": 2.49,
      "activationDate": "18-03-2024",
      "recordSource": "Offline",
      "isPromoActive": "N",
      "priceChangeCode": "H"
    },
    "isAvailable": true,
    "isPriceAvailable": true,
    "inPromo": false,
    "gtin": [
      "05411188110835",
      "05411188129448",
      "05411188129431",
      "05411188123828",
      "05411188110897"
    ],
    "topCategoryName": "Zuivel",
    "topCategoryId": "65",
    "businessDomain": "RETAIL_BE",
    "IsPrivateLabel": false,
    "IsBiffe": false,
    "WeightconversionFactor": "0",
    "IsWeightArticle": false,
    "nutriscoreLabel": "B",
    "IsBio": false,
    "CountryOfOrigin": "BELGIË",
    "IsExclusivelySoldInLuxembourg": false,
    "OrderUnit": "P",
    "ShortName": "ALPRO AMANDEL DRINK 1L",
    "IsNew": false,
    "EcoscoreLabel": "B",
    "RecentQuanityOfStockUnits": "4,1,8",
    "LongName": "ALPRO amandeldrink 1L",
    "AlcoholVolume": "0",
    "FicCode": "E",
    "EcoscoreValue": "74"
  },
  {
    "productId": "776526",
    "technicalArticleNumber": "4568376",
    "commercialArticleNumber": "11086",
    "name": "No Sugar Bl.Tea Peach-Eld.",
    "description": "*Ice Tea\n*Niet-bruisend\n*Smaak: perzik,\nvlierbloesem\n*Bevat zoetstoffen",
    "brand": "FUZE TEA",
    "seoBrand": "Fuze Tea",
    "thumbNail": "https://static.colruytgroup.com/images/200x200/std.lang.all/67/27/asset-2976727.jpg",
    "fullImage": "https://static.colruytgroup.com/images/500x500/std.lang.all/67/27/asset-2976727.jpg",
    "squareImage": "https://static.colruytgroup.com/images/500x500sq/std.lang.all/67/27/asset-2976727.jpg",
    "content": "40cl",
    "walkRouteSequenceNumber": 4223,
    "price": {
      "basicPrice": 1.32,
      "recommendedQuantity": "4.0",
      "measurementUnitPrice": 3.3,
      "measurementUnit": "L",
      "isRedPrice": false,
      "pricePerUOM": 3.3,
      "activationDate": "13-03-2024",
      "recordSource": "Offline",
      "isPromoActive": "N",
      "priceChangeCode": "E"
    },
    "isAvailable": true,
    "isPriceAvailable": true,
    "inPromo": false,
    "gtin": [
      "05449000294760",
      "05449000308511",
      "05449000308498"
    ],
    "topCategoryName": "Dranken",
    "topCategoryId": "354",
    "businessDomain": "RETAIL_BE",
    "IsPrivateLabel": false,
    "IsBiffe": false,
    "WeightconversionFactor": "0",
    "IsWeightArticle": false,
    "nutriscoreLabel": "C",
    "IsBio": false,
    "CountryOfOrigin": "NEDERLAND",
    "IsExclusivelySoldInLuxembourg": false,
    "OrderUnit": "P",
    "ShortName": "FUZE NS PEACH-ELDER40CL",
    "IsNew": false,
    "RecentQuanityOfStockUnits": "4,1,24",
    "LongName": "FUZE TEA No Sugar Bl.Tea Peach-Eld. 40cl",
    "FicCode": "E"
  },
  {
    "productId": "330034",
    "technicalArticleNumber": "3814526",
    "commercialArticleNumber": "51227",
    "name": "Bonen deca RFA",
    "brand": "GRAINDOR",
    "seoBrand": "Graindor",
    "thumbNail": "https://static.colruytgroup.com/images/200x200/std.lang.all/73/78/asset-2007378.jpg",
    "fullImage": "https://static.colruytgroup.com/images/500x500/std.lang.all/73/78/asset-2007378.jpg",
    "squareImage": "https://static.colruytgroup.com/images/500x500sq/std.lang.all/73/78/asset-2007378.jpg",
    "content": "1kg",
    "walkRouteSequenceNumber": 1009,
    "price": {
      "basicPrice": 11.98,
      "recommendedQuantity": "1.0",
      "measurementUnitPrice": 11.98,
      "measurementUnit": "K",
      "isRedPrice": false,
      "pricePerUOM": 11.98,
      "activationDate": "27-02-2024",
      "recordSource": "Offline",
      "isPromoActive": "N",
      "priceChangeCode": "H"
    },
    "isAvailable": true,
    "isPriceAvailable": true,
    "inPromo": false,
    "gtin": [
      "05400141034523",
      "15400141034520"
    ],
    "topCategoryName": "Dranken",
    "topCategoryId": "354",
    "businessDomain": "RETAIL_BE",
    "IsPrivateLabel": true,
    "IsBiffe": false,
    "WeightconversionFactor": "0",
    "IsWeightArticle": false,
    "nutriscoreLabel": "B",
    "IsBio": false,
    "CountryOfOrigin": "BELGIË",
    "IsExclusivelySoldInLuxembourg": false,
    "OrderUnit": "P",
    "ShortName": "GRD RFA SG DCA BON1K",
    "IsNew": false,
    "EcoscoreLabel": "C",
    "RecentQuanityOfStockUnits": "1,8",
    "LongName": "GRAINDOR Bonen deca RFA 1kg",
    "AlcoholVolume": "0",
    "FicCode": "I",
    "EcoscoreValue": "59"
  },
  {
    "productId": "706546",
    "technicalArticleNumber": "4443535",
    "commercialArticleNumber": "14750",
    "name": "caps Lungo déca 4 RFA",
    "brand": "GRAINDOR",
    "seoBrand": "Graindor",
    "thumbNail": "https://static.colruytgroup.com/images/200x200/std.lang.all/31/86/asset-2513186.jpg",
    "fullImage": "https://static.colruytgroup.com/images/500x500/std.lang.all/31/86/asset-2513186.jpg",
    "squareImage": "https://static.colruytgroup.com/images/500x500sq/std.lang.all/31/86/asset-2513186.jpg",
    "content": "20st",
    "walkRouteSequenceNumber": 1046,
    "price": {
      "basicPrice": 4.29,
      "recommendedQuantity": "1.0",
      "measurementUnitPrice": 41.25,
      "measurementUnit": "K",
      "isRedPrice": false,
      "pricePerUOM": 41.25,
      "activationDate": "14-03-2024",
      "recordSource": "Offline",
      "isPromoActive": "N",
      "priceChangeCode": "E"
    },
    "isAvailable": true,
    "isPriceAvailable": true,
    "inPromo": false,
    "gtin": [
      "15400141719472",
      "05400141719475"
    ],
    "topCategoryName": "Dranken",
    "topCategoryId": "354",
    "businessDomain": "RETAIL_BE",
    "IsPrivateLabel": true,
    "IsBiffe": false,
    "WeightconversionFactor": "0",
    "IsWeightArticle": false,
    "nutriscoreLabel": "B",
    "IsBio": false,
    "CountryOfOrigin": "BELGIË",
    "IsExclusivelySoldInLuxembourg": false,
    "OrderUnit": "P",
    "ShortName": "GRDR LUNGO DECA RF20CAP",
    "IsNew": false,
    "EcoscoreLabel": "C",
    "RecentQuanityOfStockUnits": "1,6",
    "LongName": "GRAINDOR caps Lungo déca 4 RFA 20st",
    "AlcoholVolume": "0",
    "FicCode": "I",
    "EcoscoreValue": "49"
  },
  {
    "productId": "215206",
    "technicalArticleNumber": "3473129",
    "commercialArticleNumber": "13470",
    "name": "bruisend Grapefruit",
    "description": "*Mineraalwater\n*Bruisend\n*Smaak: pompelmoes",
    "brand": "SPA TOUCH",
    "seoBrand": "Spa Touch",
    "thumbNail": "https://static.colruytgroup.com/images/200x200/std.lang.all/20/60/asset-2662060.jpg",
    "fullImage": "https://static.colruytgroup.com/images/500x500/std.lang.all/20/60/asset-2662060.jpg",
    "squareImage": "https://static.colruytgroup.com/images/500x500sq/std.lang.all/20/60/asset-2662060.jpg",
    "content": "50cl",
    "walkRouteSequenceNumber": 4040,
    "price": {
      "basicPrice": 0.78,
      "recommendedQuantity": "6.0",
      "quantityPrice": 0.75,
      "quantityPriceQuantity": "24.0",
      "measurementUnitPrice": 1.56,
      "measurementUnitQuantityPrice": 1.5,
      "measurementUnit": "L",
      "isRedPrice": false,
      "pricePerUOM": 1.56,
      "activationDate": "25-01-2024",
      "recordSource": "Online",
      "isPromoActive": "N",
      "priceChangeCode": "E",
      "quantityPricePerUOM": 1.5,
      "quantityActivationDate": "25-01-2024",
      "quantityPriceChangeCode": "H"
    },
    "isAvailable": true,
    "isPriceAvailable": true,
    "inPromo": false,
    "gtin": [
      "05410013154044",
      "05410013154037",
      "05410013154051"
    ],
    "topCategoryName": "Dranken",
    "topCategoryId": "354",
    "businessDomain": "RETAIL_BE",
    "IsPrivateLabel": false,
    "IsBiffe": false,
    "WeightconversionFactor": "0",
    "IsWeightArticle": false,
    "nutriscoreLabel": "A",
    "IsBio": false,
    "CountryOfOrigin": "BELGIË",
    "IsExclusivelySoldInLuxembourg": false,
    "OrderUnit": "P",
    "ShortName": "SPA TOUC BR.GRAPEFR50CL",
    "IsNew": false,
    "RecentQuanityOfStockUnits": "1,24,6",
    "LongName": "SPA TOUCH bruisend Grapefruit 50cl",
    "AlcoholVolume": "0",
    "FicCode": "E"
  },
  {
    "productId": "313077",
    "technicalArticleNumber": "3735249",
    "commercialArticleNumber": "41645",
    "name": "Red Flash 5% blik",
    "description": "*Vodka based\n*Ready to drink\n*5 % vol",
    "brand": "ERISTOFF",
    "seoBrand": "Eristoff Red",
    "thumbNail": "https://static.colruytgroup.com/images/200x200/std.lang.all/30/71/asset-2943071.jpg",
    "fullImage": "https://static.colruytgroup.com/images/500x500/std.lang.all/30/71/asset-2943071.jpg",
    "squareImage": "https://static.colruytgroup.com/images/500x500sq/std.lang.all/30/71/asset-2943071.jpg",
    "content": "25cl",
    "walkRouteSequenceNumber": 795,
    "price": {
      "basicPrice": 2.45,
      "recommendedQuantity": "1.0",
      "measurementUnitPrice": 9.8,
      "measurementUnit": "L",
      "isRedPrice": false,
      "pricePerUOM": 9.8,
      "activationDate": "15-02-2024",
      "recordSource": "Offline",
      "isPromoActive": "N",
      "priceChangeCode": "E"
    },
    "isAvailable": true,
    "isPriceAvailable": true,
    "inPromo": false,
    "gtin": [
      "05010677801843",
      "07610113020050",
      "05010677801867",
      "07610113020005",
      "05010677801836",
      "05010677801829",
      "05010677801034"
    ],
    "topCategoryName": "Dranken",
    "topCategoryId": "354",
    "businessDomain": "RETAIL_BE",
    "IsPrivateLabel": false,
    "IsBiffe": false,
    "WeightconversionFactor": "0",
    "IsWeightArticle": false,
    "IsBio": false,
    "CountryOfOrigin": "DUITSLAND",
    "IsExclusivelySoldInLuxembourg": false,
    "OrderUnit": "P",
    "ShortName": "ERIS RED FLASH 5% 25CL",
    "IsNew": false,
    "EcoscoreLabel": "D",
    "RecentQuanityOfStockUnits": "24,1,4",
    "LongName": "ERISTOFF Red Flash 5% blik 25cl",
    "AlcoholVolume": "5",
    "FicCode": "E",
    "EcoscoreValue": "38"
  },
  {
    "productId": "1332",
    "technicalArticleNumber": "18400",
    "commercialArticleNumber": "18400",
    "name": "likeur 40%",
    "description": "*Likeur\n*40,0 % vol",
    "brand": "COINTREAU",
    "seoBrand": "Cointreau",
    "thumbNail": "https://static.colruytgroup.com/images/200x200/std.lang.all/76/00/asset-3217600.jpg",
    "fullImage": "https://static.colruytgroup.com/images/500x500/std.lang.all/76/00/asset-3217600.jpg",
    "squareImage": "https://static.colruytgroup.com/images/500x500sq/std.lang.all/76/00/asset-3217600.jpg",
    "content": "70cl",
    "walkRouteSequenceNumber": 940,
    "price": {
      "basicPrice": 18.99,
      "recommendedQuantity": "1.0",
      "measurementUnitPrice": 27.13,
      "measurementUnit": "L",
      "isRedPrice": false,
      "pricePerUOM": 27.13,
      "activationDate": "12-03-2024",
      "recordSource": "Folder",
      "isPromoActive": "N",
      "priceChangeCode": "L"
    },
    "isAvailable": true,
    "isPriceAvailable": true,
    "inPromo": false,
    "gtin": [
      "03035540006950",
      "03035542004206",
      "03035549004209",
      "13035542004203"
    ],
    "topCategoryName": "Dranken",
    "topCategoryId": "354",
    "businessDomain": "RETAIL_BE",
    "IsPrivateLabel": false,
    "IsBiffe": false,
    "WeightconversionFactor": "0",
    "IsWeightArticle": false,
    "IsBio": false,
    "CountryOfOrigin": "FRANKRIJK",
    "IsExclusivelySoldInLuxembourg": false,
    "OrderUnit": "P",
    "ShortName": "COINTREAU 40% 70CL",
    "IsNew": false,
    "EcoscoreLabel": "C",
    "RecentQuanityOfStockUnits": "1,6,6",
    "LongName": "COINTREAU likeur 40% 70cl",
    "AlcoholVolume": "40",
    "FicCode": "E",
    "EcoscoreValue": "53"
  },
  {
    "productId": "430896",
    "technicalArticleNumber": "3976801",
    "commercialArticleNumber": "3576",
    "name": "sap sinaasappel-kiwi",
    "description": "*Vers fruitsap\n*Sinaasappel-kiwi",
    "brand": "BONI",
    "seoBrand": "Boni Selection",
    "thumbNail": "https://static.colruytgroup.com/images/200x200/std.lang.all/92/59/asset-3349259.jpg",
    "fullImage": "https://static.colruytgroup.com/images/500x500/std.lang.all/92/59/asset-3349259.jpg",
    "squareImage": "https://static.colruytgroup.com/images/500x500sq/std.lang.all/92/59/asset-3349259.jpg",
    "content": "50cl",
    "walkRouteSequenceNumber": 5032,
    "price": {
      "basicPrice": 1.89,
      "recommendedQuantity": "1.0",
      "measurementUnitPrice": 3.78,
      "measurementUnit": "L",
      "isRedPrice": false,
      "pricePerUOM": 3.78,
      "activationDate": "22-03-2024",
      "recordSource": "Offline",
      "isPromoActive": "Y",
      "priceChangeCode": "E"
    },
    "isAvailable": true,
    "isPriceAvailable": true,
    "inPromo": false,
    "gtin": [
      "05400141137019",
      "15400141137016"
    ],
    "topCategoryName": "Dranken",
    "topCategoryId": "354",
    "businessDomain": "RETAIL_BE",
    "IsPrivateLabel": true,
    "IsBiffe": false,
    "WeightconversionFactor": "0",
    "IsWeightArticle": false,
    "nutriscoreLabel": "C",
    "IsBio": false,
    "CountryOfOrigin": "BELGIË",
    "IsExclusivelySoldInLuxembourg": false,
    "OrderUnit": "P",
    "ShortName": "BONI SIN-KIWISAP 0.5L",
    "IsNew": false,
    "EcoscoreLabel": "C",
    "RecentQuanityOfStockUnits": "1,6",
    "LongName": "BONI sap sinaasappel-kiwi 50cl",
    "FicCode": "I",
    "EcoscoreValue": "55"
  },
  {
    "productId": "81359",
    "technicalArticleNumber": "2953826",
    "commercialArticleNumber": "2848",
    "name": "bonen Moka Absolu",
    "description": "*Sterkte: Intense\nkoffie\n*Smaak: bitter, vol\n*Koffiebonen",
    "brand": "JACQMOTTE",
    "seoBrand": "Jacqmotte",
    "thumbNail": "https://static.colruytgroup.com/images/200x200/std.lang.all/19/29/asset-1901929.jpg",
    "fullImage": "https://static.colruytgroup.com/images/500x500/std.lang.all/19/29/asset-1901929.jpg",
    "squareImage": "https://static.colruytgroup.com/images/500x500sq/std.lang.all/19/29/asset-1901929.jpg",
    "content": "500g",
    "walkRouteSequenceNumber": 1017,
    "price": {
      "basicPrice": 10.29,
      "recommendedQuantity": "1.0",
      "measurementUnitPrice": 20.58,
      "measurementUnit": "K",
      "isRedPrice": false,
      "pricePerUOM": 20.58,
      "activationDate": "05-03-2024",
      "recordSource": "Offline",
      "isPromoActive": "N",
      "priceChangeCode": "E"
    },
    "isAvailable": true,
    "isPriceAvailable": true,
    "inPromo": false,
    "gtin": [
      "05410138004828",
      "05410138053437"
    ],
    "topCategoryName": "Dranken",
    "topCategoryId": "354",
    "businessDomain": "RETAIL_BE",
    "IsPrivateLabel": false,
    "IsBiffe": false,
    "WeightconversionFactor": "0",
    "IsWeightArticle": false,
    "nutriscoreLabel": "B",
    "IsBio": false,
    "CountryOfOrigin": "POLEN",
    "IsExclusivelySoldInLuxembourg": false,
    "OrderUnit": "P",
    "ShortName": "JACQ BONEN MOKA DEL500G",
    "IsNew": false,
    "RecentQuanityOfStockUnits": "1,6",
    "LongName": "JACQMOTTE bonen Moka Absolu 500g",
    "AlcoholVolume": "0",
    "FicCode": "E"
  },
  {
    "productId": "799210",
    "technicalArticleNumber": "4612436",
    "commercialArticleNumber": "9857",
    "name": "Caramel Macchiato PET",
    "brand": "STARBUCKS",
    "seoBrand": "Starbucks",
    "thumbNail": "https://static.colruytgroup.com/images/200x200/std.lang.all/12/56/asset-2831256.jpg",
    "fullImage": "https://static.colruytgroup.com/images/500x500/std.lang.all/12/56/asset-2831256.jpg",
    "squareImage": "https://static.colruytgroup.com/images/500x500sq/std.lang.all/12/56/asset-2831256.jpg",
    "content": "22cl",
    "walkRouteSequenceNumber": 5982,
    "price": {
      "basicPrice": 2.19,
      "recommendedQuantity": "1.0",
      "measurementUnitPrice": 9.96,
      "measurementUnit": "L",
      "isRedPrice": false,
      "pricePerUOM": 9.96,
      "activationDate": "23-02-2024",
      "recordSource": "Offline",
      "isPromoActive": "N",
      "priceChangeCode": "E"
    },
    "isAvailable": true,
    "isPriceAvailable": true,
    "inPromo": false,
    "gtin": [
      "05711953145490"
    ],
    "topCategoryName": "Zuivel",
    "topCategoryId": "65",
    "businessDomain": "RETAIL_BE",
    "IsPrivateLabel": false,
    "IsBiffe": false,
    "WeightconversionFactor": "0",
    "IsWeightArticle": false,
    "nutriscoreLabel": "C",
    "IsBio": false,
    "CountryOfOrigin": "DENEMARKEN",
    "IsExclusivelySoldInLuxembourg": false,
    "OrderUnit": "P",
    "ShortName": "STAR CARAM.MACC.PET22CL",
    "IsNew": false,
    "EcoscoreLabel": "C",
    "RecentQuanityOfStockUnits": "1,8",
    "LongName": "STARBUCKS Caramel Macchiato PET 22cl",
    "FicCode": "E",
    "EcoscoreValue": "57"
  },
  {
    "productId": "14416",
    "technicalArticleNumber": "1608749",
    "commercialArticleNumber": "22859",
    "name": "oploskoffie Latte",
    "description": "*Latte\n*Finesse van Arabica\n*Luchtig melkschuim\n*8 zakjes",
    "brand": "NESCAFÉ GOLD",
    "seoBrand": "Nescafé Gold",
    "thumbNail": "https://static.colruytgroup.com/images/200x200/std.lang.all/40/14/asset-1164014.jpg",
    "fullImage": "https://static.colruytgroup.com/images/500x500/std.lang.all/40/14/asset-1164014.jpg",
    "squareImage": "https://static.colruytgroup.com/images/500x500sq/std.lang.all/40/14/asset-1164014.jpg",
    "content": "8st",
    "walkRouteSequenceNumber": 1168,
    "price": {
      "basicPrice": 2.44,
      "recommendedQuantity": "1.0",
      "measurementUnitPrice": 16.95,
      "measurementUnit": "K",
      "isRedPrice": false,
      "pricePerUOM": 16.95,
      "activationDate": "23-03-2024",
      "recordSource": "Folder",
      "isPromoActive": "Y",
      "priceChangeCode": "E"
    },
    "isAvailable": true,
    "isPriceAvailable": true,
    "inPromo": true,
    "promotion": [
      {
        "techPromoId": "100955COLR",
        "promotionId": "100955",
        "promotionType": "3",
        "isPersonalized": "N",
        "publicationStartDate": "13-03-2024",
        "publicationEndDate": "26-03-2024"
      }
    ],
    "gtin": [
      "05011798087031",
      "07613035087347"
    ],
    "topCategoryName": "Dranken",
    "topCategoryId": "354",
    "businessDomain": "RETAIL_BE",
    "IsPrivateLabel": false,
    "IsBiffe": false,
    "WeightconversionFactor": "0",
    "IsWeightArticle": false,
    "nutriscoreLabel": "E",
    "IsBio": false,
    "CountryOfOrigin": "VERENIGD KONINKRIJK",
    "IsExclusivelySoldInLuxembourg": false,
    "OrderUnit": "P",
    "ShortName": "NESC CAPPUC LATTE 8Z",
    "IsNew": false,
    "RecentQuanityOfStockUnits": "1,6",
    "LongName": "NESCAFÉ GOLD oploskoffie Latte 8st",
    "AlcoholVolume": "0",
    "FicCode": "E"
  },
  {
    "productId": "189304",
    "technicalArticleNumber": "3471020",
    "commercialArticleNumber": "12298",
    "name": "trappist dubbel 7,0%vol",
    "description": "*Trappistenbier\n*7 % vol\n*Nagisting op fles",
    "brand": "WESTMALLE",
    "seoBrand": "Westmalle",
    "thumbNail": "https://static.colruytgroup.com/images/200x200/std.lang.all/31/68/asset-2483168.jpg",
    "fullImage": "https://static.colruytgroup.com/images/500x500/std.lang.all/31/68/asset-2483168.jpg",
    "squareImage": "https://static.colruytgroup.com/images/500x500sq/std.lang.all/31/68/asset-2483168.jpg",
    "content": "6x33cl",
    "walkRouteSequenceNumber": 3623,
    "price": {
      "basicPrice": 6.88,
      "recommendedQuantity": "1.0",
      "measurementUnitPrice": 3.48,
      "measurementUnit": "L",
      "isRedPrice": false,
      "pricePerUOM": 3.48,
      "activationDate": "14-10-2023",
      "recordSource": "Offline",
      "isPromoActive": "N",
      "priceChangeCode": "H"
    },
    "isAvailable": true,
    "isPriceAvailable": true,
    "inPromo": false,
    "gtin": [
      "05400141392883"
    ],
    "topCategoryName": "Dranken",
    "topCategoryId": "354",
    "businessDomain": "RETAIL_BE",
    "IsPrivateLabel": false,
    "IsBiffe": false,
    "WeightconversionFactor": "0",
    "IsWeightArticle": false,
    "IsBio": false,
    "CountryOfOrigin": "BELGIË",
    "IsExclusivelySoldInLuxembourg": false,
    "OrderUnit": "P",
    "ShortName": "WESTMALLE DUBBEL 6X33CL",
    "IsNew": false,
    "EcoscoreLabel": "D",
    "RecentQuanityOfStockUnits": "1",
    "LongName": "WESTMALLE trappist dubbel 7,0%vol 6x33cl",
    "AlcoholVolume": "7",
    "FicCode": "E",
    "DepositValue": [
      0.6
    ],
    "EcoscoreValue": "37"
  },
  {
    "productId": "1316",
    "technicalArticleNumber": "18039",
    "commercialArticleNumber": "18039",
    "name": "Red Label 40%",
    "description": "*Scotch blend.whisky\n*Schotland",
    "brand": "JOHNNIE WALKER",
    "seoBrand": "Johnnie Walker Red Label",
    "thumbNail": "https://static.colruytgroup.com/images/200x200/std.lang.all/95/13/asset-2139513.jpg",
    "fullImage": "https://static.colruytgroup.com/images/500x500/std.lang.all/95/13/asset-2139513.jpg",
    "squareImage": "https://static.colruytgroup.com/images/500x500sq/std.lang.all/95/13/asset-2139513.jpg",
    "content": "70cl",
    "walkRouteSequenceNumber": 972,
    "price": {
      "basicPrice": 17.19,
      "recommendedQuantity": "1.0",
      "measurementUnitPrice": 24.56,
      "measurementUnit": "L",
      "isRedPrice": false,
      "pricePerUOM": 24.56,
      "activationDate": "20-03-2024",
      "recordSource": "Folder",
      "isPromoActive": "N",
      "priceChangeCode": "L"
    },
    "isAvailable": true,
    "isPriceAvailable": true,
    "inPromo": false,
    "gtin": [
      "05000267014203",
      "05000267014210",
      "05000267014227"
    ],
    "topCategoryName": "Dranken",
    "topCategoryId": "354",
    "businessDomain": "RETAIL_BE",
    "IsPrivateLabel": false,
    "IsBiffe": false,
    "WeightconversionFactor": "0",
    "IsWeightArticle": false,
    "IsBio": false,
    "CountryOfOrigin": "VERENIGD KONINKRIJK",
    "IsExclusivelySoldInLuxembourg": false,
    "OrderUnit": "P",
    "ShortName": "J WALKER RED 40% 70CL",
    "IsNew": false,
    "EcoscoreLabel": "D",
    "RecentQuanityOfStockUnits": "6,1",
    "LongName": "JOHNNIE WALKER Red Label 40% 70cl",
    "AlcoholVolume": "40",
    "FicCode": "E",
    "EcoscoreValue": "38"
  },
  {
    "productId": "879036",
    "technicalArticleNumber": "4735261",
    "commercialArticleNumber": "20065",
    "name": "Aardbei",
    "description": "*Limonade\n*Niet-bruisend\n*Aardbei\n*Met suiker en\nzoetstoffen",
    "brand": "CRISTALINE",
    "seoBrand": "Cristaline",
    "thumbNail": "https://ecgproductmw.colruytgroup.com/ecgproductmw/noPicForArticle_2.jpg",
    "fullImage": "https://ecgproductmw.colruytgroup.com/ecgproductmw/noPicForArticle_5.jpg",
    "squareImage": "https://ecgproductmw.colruytgroup.com/ecgproductmw/noPicForArticle_5.jpg",
    "content": "50cl",
    "walkRouteSequenceNumber": 4051,
    "price": {
      "basicPrice": 0.98,
      "recommendedQuantity": "6.0",
      "quantityPrice": 0.9,
      "quantityPriceQuantity": "24.0",
      "measurementUnitPrice": 1.96,
      "measurementUnitQuantityPrice": 1.8,
      "measurementUnit": "L",
      "isRedPrice": false,
      "pricePerUOM": 1.96,
      "activationDate": "22-03-2024",
      "isPromoActive": "N",
      "priceChangeCode": "H",
      "quantityPricePerUOM": 1.8,
      "quantityActivationDate": "22-03-2024",
      "quantityPriceChangeCode": "H"
    },
    "isAvailable": true,
    "isPriceAvailable": true,
    "inPromo": false,
    "gtin": [
      "03254382048342",
      "03254381048343",
      "03254384048340"
    ],
    "topCategoryName": "Dranken",
    "topCategoryId": "354",
    "businessDomain": "RETAIL_BE",
    "IsPrivateLabel": false,
    "IsBiffe": false,
    "WeightconversionFactor": "0",
    "IsWeightArticle": false,
    "nutriscoreLabel": "C",
    "IsBio": false,
    "CountryOfOrigin": "FRANKRIJK",
    "IsExclusivelySoldInLuxembourg": false,
    "OrderUnit": "P",
    "ShortName": "CRIS AARDBEI 50CL",
    "IsNew": false,
    "RecentQuanityOfStockUnits": "6,1,24",
    "LongName": "CRISTALINE Aardbei 50cl",
    "FicCode": "E"
  },
  {
    "productId": "1443",
    "technicalArticleNumber": "19464",
    "commercialArticleNumber": "19464",
    "name": "rietsuikersiroop",
    "description": "*Smaak: rietsuiker\n*63 % vruchtensap",
    "brand": "BONI",
    "seoBrand": "Boni Selection",
    "thumbNail": "https://static.colruytgroup.com/images/200x200/std.lang.all/66/19/asset-3026619.jpg",
    "fullImage": "https://static.colruytgroup.com/images/500x500/std.lang.all/66/19/asset-3026619.jpg",
    "squareImage": "https://static.colruytgroup.com/images/500x500sq/std.lang.all/66/19/asset-3026619.jpg",
    "content": "70cl",
    "walkRouteSequenceNumber": 840,
    "price": {
      "basicPrice": 2.99,
      "recommendedQuantity": "1.0",
      "quantityPrice": 2.87,
      "quantityPriceQuantity": "6.0",
      "measurementUnitPrice": 4.28,
      "measurementUnitQuantityPrice": 4.1,
      "measurementUnit": "L",
      "isRedPrice": false,
      "pricePerUOM": 4.28,
      "activationDate": "30-12-2023",
      "recordSource": "Offline",
      "isPromoActive": "N",
      "priceChangeCode": "H",
      "quantityPricePerUOM": 4.1,
      "quantityActivationDate": "30-12-2023",
      "quantityPriceChangeCode": "E"
    },
    "isAvailable": true,
    "isPriceAvailable": true,
    "inPromo": false,
    "gtin": [
      "05400141291087",
      "05400141102314",
      "15400141958451",
      "15400141291084"
    ],
    "topCategoryName": "Dranken",
    "topCategoryId": "354",
    "businessDomain": "RETAIL_BE",
    "IsPrivateLabel": true,
    "IsBiffe": false,
    "WeightconversionFactor": "0",
    "IsWeightArticle": false,
    "nutriscoreLabel": "E",
    "IsBio": false,
    "CountryOfOrigin": "FRANKRIJK",
    "IsExclusivelySoldInLuxembourg": false,
    "OrderUnit": "P",
    "ShortName": "BONI RIETSUIKERSIR.70CL",
    "IsNew": false,
    "EcoscoreLabel": "A",
    "RecentQuanityOfStockUnits": "6,1",
    "LongName": "BONI rietsuikersiroop 70cl",
    "AlcoholVolume": "0",
    "FicCode": "I",
    "EcoscoreValue": "100"
  },
  {
    "productId": "1454",
    "technicalArticleNumber": "19648",
    "commercialArticleNumber": "19648",
    "name": "sinaasappelsap met pulp PET",
    "description": "*Sinaasappelsap\n*Uit sapconcentraat\n*Met 100 % vruchten\n*Met pulp",
    "brand": "GRANINI",
    "seoBrand": "Granini",
    "thumbNail": "https://static.colruytgroup.com/images/200x200/std.lang.all/41/64/asset-2064164.jpg",
    "fullImage": "https://static.colruytgroup.com/images/500x500/std.lang.all/41/64/asset-2064164.jpg",
    "squareImage": "https://static.colruytgroup.com/images/500x500sq/std.lang.all/41/64/asset-2064164.jpg",
    "content": "1L",
    "walkRouteSequenceNumber": 4794,
    "price": {
      "basicPrice": 2.85,
      "recommendedQuantity": "1.0",
      "measurementUnitPrice": 2.85,
      "measurementUnit": "L",
      "isRedPrice": false,
      "pricePerUOM": 2.85,
      "activationDate": "15-03-2024",
      "recordSource": "Offline",
      "isPromoActive": "N",
      "priceChangeCode": "L"
    },
    "isAvailable": true,
    "isPriceAvailable": true,
    "inPromo": false,
    "gtin": [
      "03503780000996",
      "03503789005985",
      "04048517691584",
      "04048517692918"
    ],
    "topCategoryName": "Dranken",
    "topCategoryId": "354",
    "businessDomain": "RETAIL_BE",
    "IsPrivateLabel": false,
    "IsBiffe": false,
    "WeightconversionFactor": "0",
    "IsWeightArticle": false,
    "nutriscoreLabel": "C",
    "IsBio": false,
    "CountryOfOrigin": "DUITSLAND",
    "IsExclusivelySoldInLuxembourg": false,
    "OrderUnit": "P",
    "ShortName": "GRANINI SINAAS PULP 1L",
    "IsNew": false,
    "EcoscoreLabel": "B",
    "RecentQuanityOfStockUnits": "6,1",
    "LongName": "GRANINI sinaasappelsap met pulp PET 1L",
    "AlcoholVolume": "0",
    "FicCode": "E",
    "EcoscoreValue": "79"
  },
  {
    "productId": "170741",
    "technicalArticleNumber": "3401314",
    "commercialArticleNumber": "40424",
    "name": "tonic Elderflower",
    "description": "*Bruisend\n*Bevat kinine\n*Florale tonic",
    "brand": "FEVER-TREE",
    "seoBrand": "Fever-Tree",
    "thumbNail": "https://static.colruytgroup.com/images/200x200/std.lang.all/13/70/asset-731370.jpg",
    "fullImage": "https://static.colruytgroup.com/images/500x500/std.lang.all/13/70/asset-731370.jpg",
    "squareImage": "https://static.colruytgroup.com/images/500x500sq/std.lang.all/13/70/asset-731370.jpg",
    "content": "4x20cl",
    "walkRouteSequenceNumber": 769,
    "price": {
      "basicPrice": 5.19,
      "recommendedQuantity": "1.0",
      "measurementUnitPrice": 6.49,
      "measurementUnit": "L",
      "isRedPrice": false,
      "pricePerUOM": 6.49,
      "activationDate": "06-03-2024",
      "recordSource": "Offline",
      "isPromoActive": "N",
      "priceChangeCode": "H"
    },
    "isAvailable": true,
    "isPriceAvailable": true,
    "inPromo": false,
    "gtin": [
      "05060108450874",
      "05060108450843",
      "05060108450850"
    ],
    "topCategoryName": "Dranken",
    "topCategoryId": "354",
    "businessDomain": "RETAIL_BE",
    "IsPrivateLabel": false,
    "IsBiffe": false,
    "WeightconversionFactor": "0",
    "IsWeightArticle": false,
    "nutriscoreLabel": "E",
    "IsBio": false,
    "CountryOfOrigin": "VERENIGD KONINKRIJK",
    "IsExclusivelySoldInLuxembourg": false,
    "OrderUnit": "P",
    "ShortName": "FEV TREE TONIC EF 4X200",
    "IsNew": false,
    "RecentQuanityOfStockUnits": "1,6",
    "LongName": "FEVER-TREE tonic Elderflower 4x20cl",
    "AlcoholVolume": "0",
    "FicCode": "E"
  },
  {
    "productId": "869972",
    "technicalArticleNumber": "4723462",
    "commercialArticleNumber": "20679",
    "name": "Decafe gemalen",
    "description": "*Gemalen koffie\n*Cafeïnevrij",
    "brand": "DOUWE EGBERTS",
    "seoBrand": "Douwe Egberts",
    "thumbNail": "https://static.colruytgroup.com/images/200x200/std.lang.all/74/99/asset-3207499.jpg",
    "fullImage": "https://static.colruytgroup.com/images/500x500/std.lang.all/74/99/asset-3207499.jpg",
    "squareImage": "https://static.colruytgroup.com/images/500x500sq/std.lang.all/74/99/asset-3207499.jpg",
    "content": "500g",
    "walkRouteSequenceNumber": 1151,
    "price": {
      "basicPrice": 8.25,
      "recommendedQuantity": "1.0",
      "measurementUnitPrice": 16.5,
      "measurementUnit": "K",
      "isRedPrice": false,
      "pricePerUOM": 16.5,
      "activationDate": "18-03-2024",
      "recordSource": "Offline",
      "isPromoActive": "N",
      "priceChangeCode": "H"
    },
    "isAvailable": true,
    "isPriceAvailable": true,
    "inPromo": true,
    "promotion": [
      {
        "techPromoId": "100903COLR",
        "promotionId": "100903",
        "promotionType": "0",
        "isPersonalized": "N",
        "publicationStartDate": "13-03-2024",
        "publicationEndDate": "26-03-2024"
      }
    ],
    "gtin": [
      "05410138002268",
      "15410138002265"
    ],
    "topCategoryName": "Dranken",
    "topCategoryId": "354",
    "businessDomain": "RETAIL_BE",
    "IsPrivateLabel": false,
    "IsBiffe": false,
    "WeightconversionFactor": "0",
    "IsWeightArticle": false,
    "nutriscoreLabel": "B",
    "IsBio": false,
    "CountryOfOrigin": "NEDERLAND",
    "IsExclusivelySoldInLuxembourg": false,
    "OrderUnit": "P",
    "ShortName": "D.E. DECAFE GEMALEN500G",
    "IsNew": false,
    "RecentQuanityOfStockUnits": "12,1",
    "LongName": "DOUWE EGBERTS Decafe gemalen 500g",
    "AlcoholVolume": "0",
    "FicCode": "E"
  },
  {
    "productId": "869972",
    "technicalArticleNumber": "4723462",
    "commercialArticleNumber": "20679",
    "name": "Decafe gemalen",
    "description": "*Gemalen koffie\n*Cafeïnevrij",
    "brand": "DOUWE EGBERTS",
    "seoBrand": "Douwe Egberts",
    "thumbNail": "https://static.colruytgroup.com/images/200x200/std.lang.all/74/99/asset-3207499.jpg",
    "fullImage": "https://static.colruytgroup.com/images/500x500/std.lang.all/74/99/asset-3207499.jpg",
    "squareImage": "https://static.colruytgroup.com/images/500x500sq/std.lang.all/74/99/asset-3207499.jpg",
    "content": "500g",
    "walkRouteSequenceNumber": 1151,
    "price": {
      "basicPrice": 8.25,
      "recommendedQuantity": "1.0",
      "measurementUnitPrice": 16.5,
      "measurementUnit": "K",
      "isRedPrice": false,
      "pricePerUOM": 16.5,
      "activationDate": "18-03-2024",
      "recordSource": "Offline",
      "isPromoActive": "N",
      "priceChangeCode": "H"
    },
    "isAvailable": true,
    "isPriceAvailable": true,
    "inPromo": true,
    "promotion": [
      {
        "techPromoId": "100903COLR",
        "promotionId": "100903",
        "promotionType": "0",
        "isPersonalized": "N",
        "publicationStartDate": "13-03-2024",
        "publicationEndDate": "26-03-2024"
      }
    ],
    "gtin": [
      "05410138002268",
      "15410138002265"
    ],
    "topCategoryName": "Dranken",
    "topCategoryId": "354",
    "businessDomain": "RETAIL_BE",
    "IsPrivateLabel": false,
    "IsBiffe": false,
    "WeightconversionFactor": "0",
    "IsWeightArticle": false,
    "nutriscoreLabel": "B",
    "IsBio": false,
    "CountryOfOrigin": "NEDERLAND",
    "IsExclusivelySoldInLuxembourg": false,
    "OrderUnit": "P",
    "ShortName": "D.E. DECAFE GEMALEN500G",
    "IsNew": false,
    "RecentQuanityOfStockUnits": "12,1",
    "LongName": "DOUWE EGBERTS Decafe gemalen 500g",
    "AlcoholVolume": "0",
    "FicCode": "E"
  },
  {
    "productId": "717074",
    "technicalArticleNumber": "4463775",
    "commercialArticleNumber": "26757",
    "name": "Mojito Alcohol Free",
    "description": "*Aperitief\n*Alcoholvrij",
    "brand": "SIR JAMES 101",
    "seoBrand": "Sir James 101",
    "thumbNail": "https://static.colruytgroup.com/images/200x200/std.lang.all/77/73/asset-2987773.jpg",
    "fullImage": "https://static.colruytgroup.com/images/500x500/std.lang.all/77/73/asset-2987773.jpg",
    "squareImage": "https://static.colruytgroup.com/images/500x500sq/std.lang.all/77/73/asset-2987773.jpg",
    "content": "25cl",
    "walkRouteSequenceNumber": 624,
    "price": {
      "basicPrice": 2.29,
      "recommendedQuantity": "1.0",
      "measurementUnitPrice": 9.16,
      "measurementUnit": "L",
      "isRedPrice": false,
      "pricePerUOM": 9.16,
      "activationDate": "14-03-2024",
      "recordSource": "Offline",
      "isPromoActive": "N",
      "priceChangeCode": "H"
    },
    "isAvailable": true,
    "isPriceAvailable": true,
    "inPromo": false,
    "gtin": [
      "08717953274755",
      "18717953274752"
    ],
    "topCategoryName": "Dranken",
    "topCategoryId": "354",
    "businessDomain": "RETAIL_BE",
    "IsPrivateLabel": false,
    "IsBiffe": false,
    "WeightconversionFactor": "0",
    "IsWeightArticle": false,
    "nutriscoreLabel": "E",
    "IsBio": false,
    "CountryOfOrigin": "NEDERLAND",
    "IsExclusivelySoldInLuxembourg": false,
    "OrderUnit": "P",
    "ShortName": "SJ 101 MOJITO 0% 25CL",
    "IsNew": false,
    "RecentQuanityOfStockUnits": "1,12",
    "LongName": "SIR JAMES 101 Mojito Alcohol Free 25cl",
    "FicCode": "E"
  },
  {
    "productId": "1555",
    "technicalArticleNumber": "22069",
    "commercialArticleNumber": "22069",
    "name": "Koffieverv. Cafeïnev.",
    "description": "*Biologisch\n*Instant koffie-\nvervanger\n*Cafeïnevrij",
    "brand": "A.VOGEL BAMBU",
    "seoBrand": "A.Vogel Bambu",
    "thumbNail": "https://static.colruytgroup.com/images/200x200/std.lang.all/46/31/asset-384631.jpg",
    "fullImage": "https://static.colruytgroup.com/images/500x500/std.lang.all/46/31/asset-384631.jpg",
    "squareImage": "https://static.colruytgroup.com/images/500x500sq/std.lang.all/46/31/asset-384631.jpg",
    "content": "200g",
    "walkRouteSequenceNumber": 1177,
    "price": {
      "basicPrice": 5.98,
      "recommendedQuantity": "1.0",
      "measurementUnitPrice": 29.9,
      "measurementUnit": "K",
      "isRedPrice": false,
      "pricePerUOM": 29.9,
      "activationDate": "11-03-2024",
      "recordSource": "Online",
      "isPromoActive": "N",
      "priceChangeCode": "E"
    },
    "isAvailable": true,
    "isPriceAvailable": true,
    "inPromo": false,
    "gtin": [
      "08711596580075",
      "08711596001075"
    ],
    "topCategoryName": "Dranken",
    "topCategoryId": "354",
    "businessDomain": "RETAIL_BE",
    "IsPrivateLabel": false,
    "IsBiffe": false,
    "WeightconversionFactor": "0",
    "IsWeightArticle": false,
    "nutriscoreLabel": "B",
    "IsBio": true,
    "CountryOfOrigin": "ZWITSERLAND",
    "IsExclusivelySoldInLuxembourg": false,
    "OrderUnit": "P",
    "ShortName": "DR VOGEL BIO BAMBU 200G",
    "IsNew": false,
    "EcoscoreLabel": "C",
    "RecentQuanityOfStockUnits": "1,6",
    "LongName": "A.VOGEL BAMBU Koffieverv. Cafeïnev. 200g",
    "AlcoholVolume": "0",
    "FicCode": "E",
    "EcoscoreValue": "46"
  },
  {
    "productId": "1389",
    "technicalArticleNumber": "19230",
    "commercialArticleNumber": "19230",
    "name": "Vermouth Rosso 14,8%",
    "description": "*Vermouth\n*Aperitief\n*15,0 % vol",
    "brand": "EVERYDAY",
    "seoBrand": "Everyday",
    "thumbNail": "https://static.colruytgroup.com/images/200x200/std.lang.all/21/82/asset-3342182.jpg",
    "fullImage": "https://static.colruytgroup.com/images/500x500/std.lang.all/21/82/asset-3342182.jpg",
    "squareImage": "https://static.colruytgroup.com/images/500x500sq/std.lang.all/21/82/asset-3342182.jpg",
    "content": "75cl",
    "walkRouteSequenceNumber": 854,
    "price": {
      "basicPrice": 2.69,
      "recommendedQuantity": "1.0",
      "measurementUnitPrice": 3.59,
      "measurementUnit": "L",
      "isRedPrice": false,
      "pricePerUOM": 3.59,
      "activationDate": "20-02-2024",
      "recordSource": "Offline",
      "isPromoActive": "N",
      "priceChangeCode": "H"
    },
    "isAvailable": true,
    "isPriceAvailable": true,
    "inPromo": false,
    "gtin": [
      "15400141041764",
      "35400141388009",
      "00000025192308",
      "05400141014785",
      "05400141041767"
    ],
    "topCategoryName": "Dranken",
    "topCategoryId": "354",
    "businessDomain": "RETAIL_BE",
    "IsPrivateLabel": true,
    "IsBiffe": false,
    "WeightconversionFactor": "0",
    "IsWeightArticle": false,
    "IsBio": false,
    "CountryOfOrigin": "BELGIË",
    "IsExclusivelySoldInLuxembourg": false,
    "OrderUnit": "P",
    "ShortName": "EVD VERMOUT ROSSO 75CL",
    "IsNew": false,
    "EcoscoreLabel": "D",
    "RecentQuanityOfStockUnits": "1,6",
    "LongName": "EVERYDAY Vermouth Rosso 14,8% 75cl",
    "AlcoholVolume": "14.8",
    "FicCode": "I",
    "EcoscoreValue": "39"
  },
  {
    "productId": "1739",
    "technicalArticleNumber": "22364",
    "commercialArticleNumber": "22364",
    "name": "Délice",
    "description": "*Sterkte: intense\nkoffie\n*Smaak: rond,\ncomplex, rijk\n*Gemalen koffie",
    "brand": "JACQMOTTE",
    "seoBrand": "Jacqmotte",
    "thumbNail": "https://static.colruytgroup.com/images/200x200/std.lang.all/41/26/asset-1934126.jpg",
    "fullImage": "https://static.colruytgroup.com/images/500x500/std.lang.all/41/26/asset-1934126.jpg",
    "squareImage": "https://static.colruytgroup.com/images/500x500sq/std.lang.all/41/26/asset-1934126.jpg",
    "content": "250g",
    "walkRouteSequenceNumber": 1140,
    "price": {
      "basicPrice": 4.99,
      "recommendedQuantity": "1.0",
      "measurementUnitPrice": 19.96,
      "measurementUnit": "K",
      "isRedPrice": false,
      "pricePerUOM": 19.96,
      "activationDate": "13-03-2024",
      "recordSource": "Offline",
      "isPromoActive": "N",
      "priceChangeCode": "E"
    },
    "isAvailable": true,
    "isPriceAvailable": true,
    "inPromo": false,
    "gtin": [
      "05410138004842",
      "05410138045050",
      "05410138045180",
      "05410138046309"
    ],
    "topCategoryName": "Dranken",
    "topCategoryId": "354",
    "businessDomain": "RETAIL_BE",
    "IsPrivateLabel": false,
    "IsBiffe": false,
    "WeightconversionFactor": "0",
    "IsWeightArticle": false,
    "nutriscoreLabel": "B",
    "IsBio": false,
    "CountryOfOrigin": "FRANKRIJK",
    "IsExclusivelySoldInLuxembourg": false,
    "OrderUnit": "P",
    "ShortName": "JM AROME DELICE 250GR",
    "IsNew": false,
    "RecentQuanityOfStockUnits": "1,12",
    "LongName": "JACQMOTTE Délice 250g",
    "AlcoholVolume": "0",
    "FicCode": "E"
  },
  {
    "productId": "867529",
    "technicalArticleNumber": "4720475",
    "commercialArticleNumber": "12164",
    "name": "Sojadrink chocolade brik",
    "brand": "BONI",
    "seoBrand": "Boni Selection",
    "thumbNail": "https://static.colruytgroup.com/images/200x200/std.lang.all/10/82/asset-3361082.jpg",
    "fullImage": "https://static.colruytgroup.com/images/500x500/std.lang.all/10/82/asset-3361082.jpg",
    "squareImage": "https://static.colruytgroup.com/images/500x500sq/std.lang.all/10/82/asset-3361082.jpg",
    "content": "3x20cl",
    "walkRouteSequenceNumber": 6300,
    "price": {
      "basicPrice": 1.48,
      "recommendedQuantity": "1.0",
      "measurementUnitPrice": 2.47,
      "measurementUnit": "L",
      "isRedPrice": false,
      "pricePerUOM": 2.47,
      "activationDate": "22-03-2024",
      "recordSource": "Offline",
      "isPromoActive": "N",
      "priceChangeCode": "E"
    },
    "isAvailable": true,
    "isPriceAvailable": true,
    "inPromo": false,
    "gtin": [
      "15400141616337"
    ],
    "topCategoryName": "Zuivel",
    "topCategoryId": "65",
    "businessDomain": "RETAIL_BE",
    "IsPrivateLabel": true,
    "IsBiffe": false,
    "WeightconversionFactor": "0",
    "IsWeightArticle": false,
    "nutriscoreLabel": "C",
    "IsBio": false,
    "CountryOfOrigin": "PORTUGAL",
    "IsExclusivelySoldInLuxembourg": false,
    "OrderUnit": "P",
    "ShortName": "BONI SOJADR.CHOCO3X20CL",
    "IsNew": false,
    "EcoscoreLabel": "B",
    "RecentQuanityOfStockUnits": "1,8",
    "LongName": "BONI Sojadrink chocolade brik 3x20cl",
    "AlcoholVolume": "0",
    "FicCode": "I",
    "EcoscoreValue": "78"
  },
  {
    "productId": "477951",
    "technicalArticleNumber": "4004065",
    "commercialArticleNumber": "4633",
    "name": "Blueberry-Blackcurr-Cranb.",
    "brand": "INNOCENT",
    "seoBrand": "Innocent",
    "thumbNail": "https://static.colruytgroup.com/images/200x200/std.lang.all/84/66/asset-1648466.jpg",
    "fullImage": "https://static.colruytgroup.com/images/500x500/std.lang.all/84/66/asset-1648466.jpg",
    "squareImage": "https://static.colruytgroup.com/images/500x500sq/std.lang.all/84/66/asset-1648466.jpg",
    "content": "90cl",
    "walkRouteSequenceNumber": 5044,
    "price": {
      "basicPrice": 3.19,
      "recommendedQuantity": "1.0",
      "quantityPrice": 2.39,
      "quantityPriceQuantity": "2.0",
      "measurementUnitPrice": 3.55,
      "measurementUnitQuantityPrice": 2.66,
      "measurementUnit": "L",
      "isRedPrice": false,
      "pricePerUOM": 3.55,
      "activationDate": "13-03-2024",
      "recordSource": "Offline",
      "isPromoActive": "N",
      "priceChangeCode": "E",
      "quantityPricePerUOM": 2.66,
      "quantityActivationDate": "13-03-2024",
      "quantityPriceChangeCode": "L"
    },
    "isAvailable": true,
    "isPriceAvailable": true,
    "inPromo": false,
    "gtin": [
      "05038862132329",
      "05038862137881"
    ],
    "topCategoryName": "Dranken",
    "topCategoryId": "354",
    "businessDomain": "RETAIL_BE",
    "IsPrivateLabel": false,
    "IsBiffe": false,
    "WeightconversionFactor": "0",
    "IsWeightArticle": false,
    "nutriscoreLabel": "C",
    "IsBio": false,
    "CountryOfOrigin": "NEDERLAND",
    "IsExclusivelySoldInLuxembourg": false,
    "OrderUnit": "P",
    "ShortName": "INNO BLUE-BLACKC-CRA90C",
    "IsNew": false,
    "EcoscoreLabel": "C",
    "RecentQuanityOfStockUnits": "1,6",
    "LongName": "INNOCENT Blueberry-Blackcurr-Cranb. 90cl",
    "FicCode": "E",
    "EcoscoreValue": "46"
  },
  {
    "productId": "864173",
    "technicalArticleNumber": "4715976",
    "commercialArticleNumber": "31982",
    "name": "Indian tonic",
    "description": "*Bruisend\n*Bevat kinine",
    "brand": "SCHWEPPES",
    "seoBrand": "Schweppes",
    "thumbNail": "https://static.colruytgroup.com/images/200x200/nl_be/01/70/asset-3270170.jpg",
    "fullImage": "https://static.colruytgroup.com/images/500x500/nl_be/01/70/asset-3270170.jpg",
    "squareImage": "https://static.colruytgroup.com/images/500x500sq/nl_be/01/70/asset-3270170.jpg",
    "content": "50cl",
    "walkRouteSequenceNumber": 4285,
    "price": {
      "basicPrice": 1.61,
      "recommendedQuantity": "6.0",
      "quantityPrice": 0.806,
      "quantityPriceQuantity": "12.0",
      "measurementUnitPrice": 3.22,
      "measurementUnitQuantityPrice": 1.62,
      "measurementUnit": "L",
      "isRedPrice": false,
      "pricePerUOM": 3.22,
      "activationDate": "23-03-2024",
      "recordSource": "Offline",
      "isPromoActive": "N",
      "priceChangeCode": "L",
      "quantityPricePerUOM": 1.62,
      "quantityActivationDate": "23-03-2024",
      "quantityPriceChangeCode": "E"
    },
    "isAvailable": true,
    "isPriceAvailable": true,
    "inPromo": false,
    "gtin": [
      "05410221205583",
      "05410221107290",
      "03124480001702"
    ],
    "topCategoryName": "Dranken",
    "topCategoryId": "354",
    "businessDomain": "RETAIL_BE",
    "IsPrivateLabel": false,
    "IsBiffe": false,
    "WeightconversionFactor": "0",
    "IsWeightArticle": false,
    "nutriscoreLabel": "C",
    "IsBio": false,
    "CountryOfOrigin": "FRANKRIJK",
    "IsExclusivelySoldInLuxembourg": false,
    "OrderUnit": "P",
    "ShortName": "SCHW INDIAN TONIC 50CL",
    "IsNew": false,
    "RecentQuanityOfStockUnits": "1,6,24",
    "LongName": "SCHWEPPES Indian tonic 50cl",
    "FicCode": "E"
  },
  {
    "productId": "867516",
    "technicalArticleNumber": "4720456",
    "commercialArticleNumber": "11979",
    "name": "Sojadrink vanille brik",
    "brand": "BONI",
    "seoBrand": "Boni Selection",
    "thumbNail": "https://static.colruytgroup.com/images/200x200/std.lang.all/88/01/asset-3338801.jpg",
    "fullImage": "https://static.colruytgroup.com/images/500x500/std.lang.all/88/01/asset-3338801.jpg",
    "squareImage": "https://static.colruytgroup.com/images/500x500sq/std.lang.all/88/01/asset-3338801.jpg",
    "content": "3x20cl",
    "walkRouteSequenceNumber": 6301,
    "price": {
      "basicPrice": 1.48,
      "recommendedQuantity": "1.0",
      "measurementUnitPrice": 2.47,
      "measurementUnit": "L",
      "isRedPrice": false,
      "pricePerUOM": 2.47,
      "activationDate": "25-10-2023",
      "recordSource": "Offline",
      "isPromoActive": "N",
      "priceChangeCode": "H"
    },
    "isAvailable": true,
    "isPriceAvailable": true,
    "inPromo": false,
    "gtin": [
      "15400141616320"
    ],
    "topCategoryName": "Zuivel",
    "topCategoryId": "65",
    "businessDomain": "RETAIL_BE",
    "IsPrivateLabel": true,
    "IsBiffe": false,
    "WeightconversionFactor": "0",
    "IsWeightArticle": false,
    "nutriscoreLabel": "B",
    "IsBio": false,
    "CountryOfOrigin": "PORTUGAL",
    "IsExclusivelySoldInLuxembourg": false,
    "OrderUnit": "P",
    "ShortName": "BONI SOJADR.VANIL3X20CL",
    "IsNew": false,
    "RecentQuanityOfStockUnits": "1,8",
    "LongName": "BONI Sojadrink vanille brik 3x20cl",
    "AlcoholVolume": "0",
    "FicCode": "I"
  },
  {
    "productId": "778683",
    "technicalArticleNumber": "4572328",
    "commercialArticleNumber": "28549",
    "name": "Niet-bruis. Mango-Apricot",
    "description": "*Limonade\n*Niet-bruisend\n*Mango-abrikoos\n*Met suiker en\nzoetstoffen",
    "brand": "SPA FRUIT",
    "seoBrand": "Spa Fruit",
    "thumbNail": "https://static.colruytgroup.com/images/200x200/std.lang.all/83/84/asset-2818384.jpg",
    "fullImage": "https://static.colruytgroup.com/images/500x500/std.lang.all/83/84/asset-2818384.jpg",
    "squareImage": "https://static.colruytgroup.com/images/500x500sq/std.lang.all/83/84/asset-2818384.jpg",
    "content": "40cl",
    "walkRouteSequenceNumber": 4069,
    "price": {
      "basicPrice": 1.06,
      "recommendedQuantity": "6.0",
      "quantityPrice": 1.02,
      "quantityPriceQuantity": "24.0",
      "measurementUnitPrice": 2.65,
      "measurementUnitQuantityPrice": 2.55,
      "measurementUnit": "L",
      "isRedPrice": false,
      "pricePerUOM": 2.65,
      "activationDate": "17-02-2024",
      "recordSource": "Online",
      "isPromoActive": "N",
      "priceChangeCode": "E",
      "quantityPricePerUOM": 2.55,
      "quantityActivationDate": "17-02-2024",
      "quantityPriceChangeCode": "E"
    },
    "isAvailable": true,
    "isPriceAvailable": true,
    "inPromo": false,
    "gtin": [
      "05410013812012",
      "05410013812029",
      "05410013812005"
    ],
    "topCategoryName": "Dranken",
    "topCategoryId": "354",
    "businessDomain": "RETAIL_BE",
    "IsPrivateLabel": false,
    "IsBiffe": false,
    "WeightconversionFactor": "0",
    "IsWeightArticle": false,
    "nutriscoreLabel": "C",
    "IsBio": false,
    "CountryOfOrigin": "BELGIË",
    "IsExclusivelySoldInLuxembourg": false,
    "OrderUnit": "P",
    "ShortName": "SPA FRUI NB MANG-APR40C",
    "IsNew": false,
    "RecentQuanityOfStockUnits": "24,1,6",
    "LongName": "SPA FRUIT Niet-bruis. Mango-Apricot 40cl",
    "FicCode": "E"
  },
  {
    "productId": "299183",
    "technicalArticleNumber": "3712515",
    "commercialArticleNumber": "19748",
    "name": "caps Lungo 8 Moka R.",
    "description": "*Sterke smaak\n*Caps",
    "brand": "DOUWE EGBERTS",
    "seoBrand": "Douwe Egberts",
    "thumbNail": "https://static.colruytgroup.com/images/200x200/std.lang.all/16/20/asset-1731620.jpg",
    "fullImage": "https://static.colruytgroup.com/images/500x500/std.lang.all/16/20/asset-1731620.jpg",
    "squareImage": "https://static.colruytgroup.com/images/500x500sq/std.lang.all/16/20/asset-1731620.jpg",
    "content": "20st",
    "walkRouteSequenceNumber": 1058,
    "price": {
      "basicPrice": 4.84,
      "recommendedQuantity": "2.0",
      "measurementUnitPrice": 46.54,
      "measurementUnit": "K",
      "isRedPrice": false,
      "pricePerUOM": 46.54,
      "activationDate": "11-03-2024",
      "recordSource": "Offline",
      "isPromoActive": "N",
      "priceChangeCode": "H"
    },
    "isAvailable": true,
    "isPriceAvailable": true,
    "inPromo": false,
    "gtin": [
      "08711000371299",
      "08711000372920",
      "05400141037593"
    ],
    "topCategoryName": "Dranken",
    "topCategoryId": "354",
    "businessDomain": "RETAIL_BE",
    "IsPrivateLabel": false,
    "IsBiffe": false,
    "WeightconversionFactor": "0",
    "IsWeightArticle": false,
    "nutriscoreLabel": "B",
    "IsBio": false,
    "CountryOfOrigin": "FRANKRIJK",
    "IsExclusivelySoldInLuxembourg": false,
    "OrderUnit": "P",
    "ShortName": "D.E. LUNGO MOKA ROY.20C",
    "IsNew": false,
    "RecentQuanityOfStockUnits": "1,2,10",
    "LongName": "DOUWE EGBERTS caps Lungo 8 Moka R. 20st",
    "AlcoholVolume": "0",
    "FicCode": "E"
  },
  {
    "productId": "1278",
    "technicalArticleNumber": "19015",
    "commercialArticleNumber": "19015",
    "name": "Tawny Porto 19,5%",
    "description": "*Porto Tawny rood\n*Aperitief\n*19,5 % vol",
    "brand": "OFFLEY",
    "seoBrand": "Offley",
    "thumbNail": "https://static.colruytgroup.com/images/200x200/std.lang.all/80/02/asset-2108002.jpg",
    "fullImage": "https://static.colruytgroup.com/images/500x500/std.lang.all/80/02/asset-2108002.jpg",
    "squareImage": "https://static.colruytgroup.com/images/500x500sq/std.lang.all/80/02/asset-2108002.jpg",
    "content": "75cl",
    "walkRouteSequenceNumber": 727,
    "price": {
      "basicPrice": 9.35,
      "recommendedQuantity": "1.0",
      "quantityPrice": 8.98,
      "quantityPriceQuantity": "6.0",
      "measurementUnitPrice": 12.47,
      "measurementUnitQuantityPrice": 11.98,
      "measurementUnit": "L",
      "isRedPrice": false,
      "pricePerUOM": 12.47,
      "activationDate": "23-03-2024",
      "recordSource": "Offline",
      "isPromoActive": "N",
      "priceChangeCode": "H",
      "quantityPricePerUOM": 11.98,
      "quantityActivationDate": "23-03-2024",
      "quantityPriceChangeCode": "H"
    },
    "isAvailable": true,
    "isPriceAvailable": true,
    "inPromo": false,
    "gtin": [
      "05601034000735",
      "05601034001503",
      "05601034001527",
      "55601034000013",
      "55601034000730",
      "05601034000445"
    ],
    "topCategoryName": "Dranken",
    "topCategoryId": "354",
    "businessDomain": "RETAIL_BE",
    "IsPrivateLabel": false,
    "IsBiffe": false,
    "WeightconversionFactor": "0",
    "IsWeightArticle": false,
    "IsBio": false,
    "CountryOfOrigin": "PORTUGAL",
    "IsExclusivelySoldInLuxembourg": false,
    "OrderUnit": "P",
    "ShortName": "OFFLEY PORTO TAWNY 75CL",
    "IsNew": false,
    "EcoscoreLabel": "D",
    "RecentQuanityOfStockUnits": "1,6,6",
    "LongName": "OFFLEY Tawny Porto 19,5% 75cl",
    "AlcoholVolume": "19.5",
    "FicCode": "E",
    "EcoscoreValue": "27"
  },
  {
    "productId": "778684",
    "technicalArticleNumber": "4572329",
    "commercialArticleNumber": "28555",
    "name": "niet-br.Rasp-Blackcurrant",
    "description": "*Limonade\n*Niet-bruisend\n*framboos-zwarte bes\n*Met suiker en\nzoetstoffen",
    "brand": "SPA FRUIT",
    "seoBrand": "Spa Fruit",
    "thumbNail": "https://static.colruytgroup.com/images/200x200/std.lang.all/83/85/asset-2818385.jpg",
    "fullImage": "https://static.colruytgroup.com/images/500x500/std.lang.all/83/85/asset-2818385.jpg",
    "squareImage": "https://static.colruytgroup.com/images/500x500sq/std.lang.all/83/85/asset-2818385.jpg",
    "content": "40cl",
    "walkRouteSequenceNumber": 4070,
    "price": {
      "basicPrice": 1.06,
      "recommendedQuantity": "6.0",
      "quantityPrice": 1.02,
      "quantityPriceQuantity": "24.0",
      "measurementUnitPrice": 2.65,
      "measurementUnitQuantityPrice": 2.55,
      "measurementUnit": "L",
      "isRedPrice": false,
      "pricePerUOM": 2.65,
      "activationDate": "17-02-2024",
      "recordSource": "Online",
      "isPromoActive": "N",
      "priceChangeCode": "E",
      "quantityPricePerUOM": 2.55,
      "quantityActivationDate": "17-02-2024",
      "quantityPriceChangeCode": "E"
    },
    "isAvailable": true,
    "isPriceAvailable": true,
    "inPromo": false,
    "gtin": [
      "05410013811558",
      "05410013811572",
      "05410013811565"
    ],
    "topCategoryName": "Dranken",
    "topCategoryId": "354",
    "businessDomain": "RETAIL_BE",
    "IsPrivateLabel": false,
    "IsBiffe": false,
    "WeightconversionFactor": "0",
    "IsWeightArticle": false,
    "nutriscoreLabel": "C",
    "IsBio": false,
    "CountryOfOrigin": "BELGIË",
    "IsExclusivelySoldInLuxembourg": false,
    "OrderUnit": "P",
    "ShortName": "SPA FRUI NB RASP-BLA40C",
    "IsNew": false,
    "RecentQuanityOfStockUnits": "1,6,24",
    "LongName": "SPA FRUIT niet-br.Rasp-Blackcurrant 40cl",
    "FicCode": "E"
  },
  {
    "productId": "151282",
    "technicalArticleNumber": "3312672",
    "commercialArticleNumber": "23270",
    "name": "Exotic",
    "description": "*Energiedrank\n*Cafeïne\n*Suiker/zoetstoffen",
    "brand": "NALU",
    "seoBrand": "Nalu",
    "thumbNail": "https://static.colruytgroup.com/images/200x200/std.lang.all/52/56/asset-2295256.jpg",
    "fullImage": "https://static.colruytgroup.com/images/500x500/std.lang.all/52/56/asset-2295256.jpg",
    "squareImage": "https://static.colruytgroup.com/images/500x500sq/std.lang.all/52/56/asset-2295256.jpg",
    "content": "25cl",
    "walkRouteSequenceNumber": 4670,
    "price": {
      "basicPrice": 1.33,
      "recommendedQuantity": "6.0",
      "measurementUnitPrice": 5.32,
      "measurementUnit": "L",
      "isRedPrice": false,
      "pricePerUOM": 5.32,
      "activationDate": "12-03-2024",
      "recordSource": "Offline",
      "isPromoActive": "N",
      "priceChangeCode": "H"
    },
    "isAvailable": true,
    "isPriceAvailable": true,
    "inPromo": false,
    "gtin": [
      "05060466511989",
      "05060466511941",
      "05060466511972"
    ],
    "topCategoryName": "Dranken",
    "topCategoryId": "354",
    "businessDomain": "RETAIL_BE",
    "IsPrivateLabel": false,
    "IsBiffe": false,
    "WeightconversionFactor": "0",
    "IsWeightArticle": false,
    "nutriscoreLabel": "D",
    "IsBio": false,
    "CountryOfOrigin": "BELGIË",
    "IsExclusivelySoldInLuxembourg": false,
    "OrderUnit": "P",
    "ShortName": "NALU EXCOTIC 25CL",
    "IsNew": false,
    "RecentQuanityOfStockUnits": "1,6,24",
    "LongName": "NALU Exotic 25cl",
    "AlcoholVolume": "0",
    "FicCode": "E"
  },
  {
    "productId": "604975",
    "technicalArticleNumber": "4274496",
    "commercialArticleNumber": "23093",
    "name": "Tawny 19.5%",
    "description": "*19.5% vol",
    "brand": "SANDEMAN",
    "seoBrand": "Sandeman",
    "thumbNail": "https://static.colruytgroup.com/images/200x200/std.lang.all/33/11/asset-2093311.jpg",
    "fullImage": "https://static.colruytgroup.com/images/500x500/std.lang.all/33/11/asset-2093311.jpg",
    "squareImage": "https://static.colruytgroup.com/images/500x500sq/std.lang.all/33/11/asset-2093311.jpg",
    "content": "75cl",
    "walkRouteSequenceNumber": 728,
    "price": {
      "basicPrice": 10.95,
      "recommendedQuantity": "1.0",
      "measurementUnitPrice": 14.6,
      "measurementUnit": "L",
      "isRedPrice": false,
      "pricePerUOM": 14.6,
      "activationDate": "18-03-2024",
      "recordSource": "Online",
      "isPromoActive": "N",
      "priceChangeCode": "H"
    },
    "isAvailable": true,
    "isPriceAvailable": true,
    "inPromo": false,
    "gtin": [
      "05601083640104",
      "35601083640105"
    ],
    "topCategoryName": "Dranken",
    "topCategoryId": "354",
    "businessDomain": "RETAIL_BE",
    "IsPrivateLabel": false,
    "IsBiffe": false,
    "WeightconversionFactor": "0",
    "IsWeightArticle": false,
    "IsBio": false,
    "CountryOfOrigin": "PORTUGAL",
    "IsExclusivelySoldInLuxembourg": false,
    "OrderUnit": "P",
    "ShortName": "SAND TAWNY 19.5% 75CL",
    "IsNew": false,
    "EcoscoreLabel": "D",
    "RecentQuanityOfStockUnits": "1",
    "LongName": "SANDEMAN Tawny 19.5% 75cl",
    "AlcoholVolume": "19.5",
    "FicCode": "E",
    "EcoscoreValue": "27"
  },
  {
    "productId": "185211",
    "technicalArticleNumber": "3456286",
    "commercialArticleNumber": "13336",
    "name": "pads extra strong",
    "description": "*Heel intense koffie\n*Extra sterk\n*Pads",
    "brand": "SENSEO",
    "seoBrand": "Senseo",
    "thumbNail": "https://static.colruytgroup.com/images/200x200/std.lang.all/29/70/asset-2412970.jpg",
    "fullImage": "https://static.colruytgroup.com/images/500x500/std.lang.all/29/70/asset-2412970.jpg",
    "squareImage": "https://static.colruytgroup.com/images/500x500sq/std.lang.all/29/70/asset-2412970.jpg",
    "content": "36st",
    "walkRouteSequenceNumber": 1193,
    "price": {
      "basicPrice": 4.39,
      "recommendedQuantity": "1.0",
      "measurementUnitPrice": 17.56,
      "measurementUnit": "K",
      "isRedPrice": false,
      "pricePerUOM": 17.56,
      "activationDate": "11-03-2024",
      "recordSource": "Offline",
      "isPromoActive": "N",
      "priceChangeCode": "H"
    },
    "isAvailable": true,
    "isPriceAvailable": true,
    "inPromo": false,
    "gtin": [
      "08711000341254",
      "08711000341247"
    ],
    "topCategoryName": "Dranken",
    "topCategoryId": "354",
    "businessDomain": "RETAIL_BE",
    "IsPrivateLabel": false,
    "IsBiffe": false,
    "WeightconversionFactor": "0",
    "IsWeightArticle": false,
    "nutriscoreLabel": "B",
    "IsBio": false,
    "CountryOfOrigin": "NEDERLAND",
    "IsExclusivelySoldInLuxembourg": false,
    "OrderUnit": "P",
    "ShortName": "SENSEO EXTRA STRONG 36P",
    "IsNew": false,
    "RecentQuanityOfStockUnits": "10,1",
    "LongName": "SENSEO pads extra strong 36st",
    "AlcoholVolume": "0",
    "FicCode": "E"
  },
  {
    "productId": "341147",
    "technicalArticleNumber": "3741465",
    "commercialArticleNumber": "16365",
    "name": "whisky & cola 5%",
    "description": "*Ready to drink\n*5,0 % vol",
    "brand": "WILLIAM LAWSON'S",
    "seoBrand": "William Lawson's",
    "thumbNail": "https://static.colruytgroup.com/images/200x200/std.lang.all/30/72/asset-2943072.jpg",
    "fullImage": "https://static.colruytgroup.com/images/500x500/std.lang.all/30/72/asset-2943072.jpg",
    "squareImage": "https://static.colruytgroup.com/images/500x500sq/std.lang.all/30/72/asset-2943072.jpg",
    "content": "25cl",
    "walkRouteSequenceNumber": 794,
    "price": {
      "basicPrice": 1.99,
      "recommendedQuantity": "4.0",
      "measurementUnitPrice": 7.96,
      "measurementUnit": "L",
      "isRedPrice": false,
      "pricePerUOM": 7.96,
      "activationDate": "04-01-2024",
      "recordSource": "Offline",
      "isPromoActive": "N",
      "priceChangeCode": "H"
    },
    "isAvailable": true,
    "isPriceAvailable": true,
    "inPromo": false,
    "gtin": [
      "08710562005338",
      "08710562005321",
      "05010677783491",
      "05010677783484",
      "05010677780063",
      "05010677780056",
      "07640330380002",
      "07640330380019"
    ],
    "topCategoryName": "Dranken",
    "topCategoryId": "354",
    "businessDomain": "RETAIL_BE",
    "IsPrivateLabel": false,
    "IsBiffe": false,
    "WeightconversionFactor": "0",
    "IsWeightArticle": false,
    "IsBio": false,
    "CountryOfOrigin": "DUITSLAND",
    "IsExclusivelySoldInLuxembourg": false,
    "OrderUnit": "P",
    "ShortName": "WLAW WHISKY COLA 5% 25C",
    "IsNew": false,
    "EcoscoreLabel": "C",
    "RecentQuanityOfStockUnits": "24,1,4,24",
    "LongName": "WILLIAM LAWSON'S whisky & cola 5% 25cl",
    "AlcoholVolume": "5",
    "FicCode": "E",
    "EcoscoreValue": "45"
  },
  {
    "productId": "430891",
    "technicalArticleNumber": "3976796",
    "commercialArticleNumber": "3574",
    "name": "sap sinaasappel-aardbei",
    "description": "*Vers fruitsap\n*Sinaasappel-aardbei",
    "brand": "BONI",
    "seoBrand": "Boni Selection",
    "thumbNail": "https://static.colruytgroup.com/images/200x200/std.lang.all/90/35/asset-3349035.jpg",
    "fullImage": "https://static.colruytgroup.com/images/500x500/std.lang.all/90/35/asset-3349035.jpg",
    "squareImage": "https://static.colruytgroup.com/images/500x500sq/std.lang.all/90/35/asset-3349035.jpg",
    "content": "50cl",
    "walkRouteSequenceNumber": 5035,
    "price": {
      "basicPrice": 1.89,
      "recommendedQuantity": "1.0",
      "measurementUnitPrice": 3.78,
      "measurementUnit": "L",
      "isRedPrice": false,
      "pricePerUOM": 3.78,
      "activationDate": "22-03-2024",
      "recordSource": "Offline",
      "isPromoActive": "N",
      "priceChangeCode": "E"
    },
    "isAvailable": true,
    "isPriceAvailable": true,
    "inPromo": false,
    "gtin": [
      "15400141137207",
      "05400141137200"
    ],
    "topCategoryName": "Dranken",
    "topCategoryId": "354",
    "businessDomain": "RETAIL_BE",
    "IsPrivateLabel": true,
    "IsBiffe": false,
    "WeightconversionFactor": "0",
    "IsWeightArticle": false,
    "nutriscoreLabel": "C",
    "IsBio": false,
    "CountryOfOrigin": "BELGIË",
    "IsExclusivelySoldInLuxembourg": false,
    "OrderUnit": "P",
    "ShortName": "BONI SAP SINA-AARDB50CL",
    "IsNew": false,
    "EcoscoreLabel": "C",
    "RecentQuanityOfStockUnits": "1",
    "LongName": "BONI sap sinaasappel-aardbei 50cl",
    "FicCode": "I",
    "EcoscoreValue": "55"
  },
  {
    "productId": "293134",
    "technicalArticleNumber": "3682040",
    "commercialArticleNumber": "22684",
    "name": "caps Lungo Profondo 8",
    "description": "*Heel intense koffie\n*Verfijnd, vol aroma\n*Aluminium Caps",
    "brand": "L'OR ESPRESSO",
    "seoBrand": "L'Or Espresso",
    "thumbNail": "https://static.colruytgroup.com/images/200x200/std.lang.all/50/60/asset-1635060.jpg",
    "fullImage": "https://static.colruytgroup.com/images/500x500/std.lang.all/50/60/asset-1635060.jpg",
    "squareImage": "https://static.colruytgroup.com/images/500x500sq/std.lang.all/50/60/asset-1635060.jpg",
    "content": "20st",
    "walkRouteSequenceNumber": 1028,
    "price": {
      "basicPrice": 5.99,
      "recommendedQuantity": "1.0",
      "measurementUnitPrice": 57.6,
      "measurementUnit": "K",
      "isRedPrice": false,
      "pricePerUOM": 57.6,
      "activationDate": "26-02-2024",
      "recordSource": "Offline",
      "isPromoActive": "N",
      "priceChangeCode": "H"
    },
    "isAvailable": true,
    "isPriceAvailable": true,
    "inPromo": false,
    "gtin": [
      "08711000360330",
      "08711000360316",
      "85400141971466"
    ],
    "topCategoryName": "Dranken",
    "topCategoryId": "354",
    "businessDomain": "RETAIL_BE",
    "IsPrivateLabel": false,
    "IsBiffe": false,
    "WeightconversionFactor": "0",
    "IsWeightArticle": false,
    "nutriscoreLabel": "B",
    "IsBio": false,
    "CountryOfOrigin": "FRANKRIJK",
    "IsExclusivelySoldInLuxembourg": false,
    "OrderUnit": "P",
    "ShortName": "L OR LUN PROFONDO 20CAP",
    "IsNew": false,
    "RecentQuanityOfStockUnits": "2,1",
    "LongName": "L'OR ESPRESSO caps Lungo Profondo 8 20st",
    "AlcoholVolume": "0",
    "FicCode": "E"
  },
  {
    "productId": "217438",
    "technicalArticleNumber": "3504510",
    "commercialArticleNumber": "14251",
    "name": "amandeldrink ongeroosterd Z.S.",
    "description": "*België\n*Plantaardig",
    "brand": "ALPRO",
    "seoBrand": "Alpro",
    "thumbNail": "https://static.colruytgroup.com/images/200x200/std.lang.all/86/43/asset-3368643.jpg",
    "fullImage": "https://static.colruytgroup.com/images/500x500/std.lang.all/86/43/asset-3368643.jpg",
    "squareImage": "https://static.colruytgroup.com/images/500x500sq/std.lang.all/86/43/asset-3368643.jpg",
    "content": "1L",
    "walkRouteSequenceNumber": 6293,
    "price": {
      "basicPrice": 2.89,
      "recommendedQuantity": "4.0",
      "measurementUnitPrice": 2.89,
      "measurementUnit": "L",
      "isRedPrice": false,
      "pricePerUOM": 2.89,
      "activationDate": "18-03-2024",
      "recordSource": "Offline",
      "isPromoActive": "N",
      "priceChangeCode": "H"
    },
    "isAvailable": true,
    "isPriceAvailable": true,
    "inPromo": false,
    "gtin": [
      "05411188122661",
      "05411188122678",
      "85400141312825"
    ],
    "topCategoryName": "Zuivel",
    "topCategoryId": "65",
    "businessDomain": "RETAIL_BE",
    "IsPrivateLabel": false,
    "IsBiffe": false,
    "WeightconversionFactor": "0",
    "IsWeightArticle": false,
    "nutriscoreLabel": "B",
    "IsBio": false,
    "CountryOfOrigin": "VERENIGD KONINKRIJK",
    "IsExclusivelySoldInLuxembourg": false,
    "OrderUnit": "P",
    "ShortName": "ALPR.AMAN.ONGEZ.ONGER1L",
    "IsNew": false,
    "EcoscoreLabel": "B",
    "RecentQuanityOfStockUnits": "4,8,1",
    "LongName": "ALPRO amandeldrink ongeroosterd Z.S. 1L",
    "AlcoholVolume": "0",
    "FicCode": "E",
    "EcoscoreValue": "74"
  },
  {
    "productId": "873277",
    "technicalArticleNumber": "4727750",
    "commercialArticleNumber": "25865",
    "name": "Koffie gemalen dessert RFA",
    "description": "*Gemalen koffie\n*Dessert",
    "brand": "BONI",
    "seoBrand": "Boni Selection",
    "thumbNail": "https://static.colruytgroup.com/images/200x200/std.lang.all/45/28/asset-3334528.jpg",
    "fullImage": "https://static.colruytgroup.com/images/500x500/std.lang.all/45/28/asset-3334528.jpg",
    "squareImage": "https://static.colruytgroup.com/images/500x500sq/std.lang.all/45/28/asset-3334528.jpg",
    "content": "500g",
    "walkRouteSequenceNumber": 1134,
    "price": {
      "basicPrice": 3.53,
      "recommendedQuantity": "1.0",
      "measurementUnitPrice": 7.06,
      "measurementUnit": "K",
      "isRedPrice": false,
      "pricePerUOM": 7.06,
      "activationDate": "20-03-2024",
      "recordSource": "Folder",
      "isPromoActive": "N",
      "priceChangeCode": "L"
    },
    "isAvailable": true,
    "isPriceAvailable": true,
    "inPromo": false,
    "gtin": [
      "05400141929065",
      "15400141929062"
    ],
    "topCategoryName": "Dranken",
    "topCategoryId": "354",
    "businessDomain": "RETAIL_BE",
    "IsPrivateLabel": true,
    "IsBiffe": false,
    "WeightconversionFactor": "0",
    "IsWeightArticle": false,
    "nutriscoreLabel": "B",
    "IsBio": false,
    "CountryOfOrigin": "BELGIË",
    "IsExclusivelySoldInLuxembourg": false,
    "OrderUnit": "P",
    "ShortName": "BONI GEMAL.DESSERT 500G",
    "IsNew": false,
    "EcoscoreLabel": "C",
    "RecentQuanityOfStockUnits": "1,12",
    "LongName": "BONI Koffie gemalen dessert RFA 500g",
    "AlcoholVolume": "0",
    "FicCode": "I",
    "EcoscoreValue": "50"
  },
  {
    "productId": "1361",
    "technicalArticleNumber": "18725",
    "commercialArticleNumber": "18725",
    "name": "Hasseltse graanjenever 30%",
    "description": "*Jenever\n*30,0 % vol\n*Smaak: graan",
    "brand": "NOLENS",
    "seoBrand": "Nolens",
    "thumbNail": "https://static.colruytgroup.com/images/200x200/std.lang.all/54/03/asset-2195403.jpg",
    "fullImage": "https://static.colruytgroup.com/images/500x500/std.lang.all/54/03/asset-2195403.jpg",
    "squareImage": "https://static.colruytgroup.com/images/500x500sq/std.lang.all/54/03/asset-2195403.jpg",
    "content": "1L",
    "walkRouteSequenceNumber": 904,
    "price": {
      "basicPrice": 13.49,
      "recommendedQuantity": "1.0",
      "measurementUnitPrice": 13.49,
      "measurementUnit": "L",
      "isRedPrice": false,
      "pricePerUOM": 13.49,
      "activationDate": "14-02-2024",
      "recordSource": "Offline",
      "isPromoActive": "N",
      "priceChangeCode": "H"
    },
    "isAvailable": true,
    "isPriceAvailable": true,
    "inPromo": false,
    "gtin": [
      "15410293001325",
      "05410293001311"
    ],
    "topCategoryName": "Dranken",
    "topCategoryId": "354",
    "businessDomain": "RETAIL_BE",
    "IsPrivateLabel": false,
    "IsBiffe": false,
    "WeightconversionFactor": "0",
    "IsWeightArticle": false,
    "IsBio": false,
    "CountryOfOrigin": "BELGIË",
    "IsExclusivelySoldInLuxembourg": false,
    "OrderUnit": "P",
    "ShortName": "NOLENS HASSELT 30% 1L",
    "IsNew": false,
    "EcoscoreLabel": "D",
    "RecentQuanityOfStockUnits": "6,1",
    "LongName": "NOLENS Hasseltse graanjenever 30% 1L",
    "AlcoholVolume": "30",
    "FicCode": "E",
    "EcoscoreValue": "38"
  },
  {
    "productId": "158128",
    "technicalArticleNumber": "3244520",
    "commercialArticleNumber": "35955",
    "name": "Zero Sugar bak",
    "description": "*Bruisend\n*Met zoetstoffen\n*Bevat cafeïne",
    "brand": "COCA-COLA",
    "seoBrand": "Coca-Cola Zero Sugar",
    "thumbNail": "https://static.colruytgroup.com/images/200x200/std.lang.all/20/78/asset-552078.jpg",
    "fullImage": "https://static.colruytgroup.com/images/500x500/std.lang.all/20/78/asset-552078.jpg",
    "squareImage": "https://static.colruytgroup.com/images/500x500sq/std.lang.all/20/78/asset-552078.jpg",
    "content": "24x20cl",
    "walkRouteSequenceNumber": 4326,
    "price": {
      "basicPrice": 19.49,
      "recommendedQuantity": "1.0",
      "measurementUnitPrice": 4.07,
      "measurementUnit": "L",
      "isRedPrice": false,
      "pricePerUOM": 4.07,
      "activationDate": "02-03-2024",
      "recordSource": "Offline",
      "isPromoActive": "N",
      "priceChangeCode": "E"
    },
    "isAvailable": true,
    "isPriceAvailable": true,
    "inPromo": false,
    "gtin": [
      "05449000134394",
      "00000090357725"
    ],
    "topCategoryName": "Dranken",
    "topCategoryId": "354",
    "businessDomain": "RETAIL_BE",
    "IsPrivateLabel": false,
    "IsBiffe": false,
    "WeightconversionFactor": "0",
    "IsWeightArticle": false,
    "nutriscoreLabel": "C",
    "IsBio": false,
    "CountryOfOrigin": "BELGIË",
    "IsExclusivelySoldInLuxembourg": false,
    "OrderUnit": "P",
    "ShortName": "COCA ZERO 20CLX24",
    "IsNew": false,
    "RecentQuanityOfStockUnits": "1",
    "LongName": "COCA-COLA Zero Sugar bak 24x20cl",
    "AlcoholVolume": "0",
    "FicCode": "E",
    "DepositValue": [
      5
    ]
  },
  {
    "productId": "868668",
    "technicalArticleNumber": "4721941",
    "commercialArticleNumber": "16404",
    "name": "Energy+Jc.Aussie Style Lem.",
    "description": "*Energiedrank\n*Taurine/cafeïne\n*Suiker/zoetstoffen",
    "brand": "MONSTER",
    "seoBrand": "Monster",
    "thumbNail": "https://static.colruytgroup.com/images/200x200/std.lang.all/91/35/asset-3209135.jpg",
    "fullImage": "https://static.colruytgroup.com/images/500x500/std.lang.all/91/35/asset-3209135.jpg",
    "squareImage": "https://static.colruytgroup.com/images/500x500sq/std.lang.all/91/35/asset-3209135.jpg",
    "content": "50cl",
    "walkRouteSequenceNumber": 4686,
    "price": {
      "basicPrice": 1.69,
      "recommendedQuantity": "1.0",
      "quantityPrice": 1.62,
      "quantityPriceQuantity": "24.0",
      "measurementUnitPrice": 3.38,
      "measurementUnitQuantityPrice": 3.24,
      "measurementUnit": "L",
      "isRedPrice": false,
      "pricePerUOM": 3.38,
      "activationDate": "16-03-2024",
      "recordSource": "Offline",
      "isPromoActive": "N",
      "priceChangeCode": "L",
      "quantityPricePerUOM": 3.24,
      "quantityActivationDate": "16-03-2024",
      "quantityPriceChangeCode": "L"
    },
    "isAvailable": true,
    "isPriceAvailable": true,
    "inPromo": false,
    "gtin": [
      "05060947542969",
      "05060947542952"
    ],
    "topCategoryName": "Dranken",
    "topCategoryId": "354",
    "businessDomain": "RETAIL_BE",
    "IsPrivateLabel": false,
    "IsBiffe": false,
    "WeightconversionFactor": "0",
    "IsWeightArticle": false,
    "nutriscoreLabel": "E",
    "IsBio": false,
    "CountryOfOrigin": "BELGIË",
    "IsExclusivelySoldInLuxembourg": false,
    "OrderUnit": "P",
    "ShortName": "MONS AUSSI STYLE 50CL",
    "IsNew": false,
    "RecentQuanityOfStockUnits": "1,24",
    "LongName": "MONSTER Energy+Jc.Aussie Style Lem. 50cl",
    "AlcoholVolume": "0",
    "FicCode": "E"
  },
  {
    "productId": "144038",
    "technicalArticleNumber": "3287550",
    "commercialArticleNumber": "44534",
    "name": "Zero Indian tonic",
    "description": "*Bruisend\n*Met zoetstoffen\n*Bevat kinine",
    "brand": "SCHWEPPES",
    "seoBrand": "Schweppes Zero",
    "thumbNail": "https://static.colruytgroup.com/images/200x200/nl_be/01/64/asset-3270164.jpg",
    "fullImage": "https://static.colruytgroup.com/images/500x500/nl_be/01/64/asset-3270164.jpg",
    "squareImage": "https://static.colruytgroup.com/images/500x500sq/nl_be/01/64/asset-3270164.jpg",
    "content": "1,5L",
    "walkRouteSequenceNumber": 4290,
    "price": {
      "basicPrice": 2.19,
      "recommendedQuantity": "6.0",
      "measurementUnitPrice": 1.46,
      "measurementUnit": "L",
      "isRedPrice": false,
      "pricePerUOM": 1.46,
      "activationDate": "11-03-2024",
      "recordSource": "Offline",
      "isPromoActive": "N",
      "priceChangeCode": "H"
    },
    "isAvailable": true,
    "isPriceAvailable": true,
    "inPromo": false,
    "gtin": [
      "03124480001429",
      "05410221305061",
      "05410221105265"
    ],
    "topCategoryName": "Dranken",
    "topCategoryId": "354",
    "businessDomain": "RETAIL_BE",
    "IsPrivateLabel": false,
    "IsBiffe": false,
    "WeightconversionFactor": "0",
    "IsWeightArticle": false,
    "nutriscoreLabel": "C",
    "IsBio": false,
    "CountryOfOrigin": "FRANKRIJK",
    "IsExclusivelySoldInLuxembourg": false,
    "OrderUnit": "P",
    "ShortName": "SCHW ZERO TONIC 1.5L",
    "IsNew": false,
    "RecentQuanityOfStockUnits": "1,6",
    "LongName": "SCHWEPPES Zero Indian tonic 1,5L",
    "AlcoholVolume": "0",
    "FicCode": "E"
  },
  {
    "productId": "882060",
    "technicalArticleNumber": "4739796",
    "commercialArticleNumber": "6162",
    "name": "Rosso 0%",
    "description": "*Aperitief\n*Alcoholvrij",
    "brand": "BONGIORNO",
    "seoBrand": "Bongiorno",
    "thumbNail": "https://static.colruytgroup.com/images/200x200/std.lang.all/99/04/asset-3269904.jpg",
    "fullImage": "https://static.colruytgroup.com/images/500x500/std.lang.all/99/04/asset-3269904.jpg",
    "squareImage": "https://static.colruytgroup.com/images/500x500sq/std.lang.all/99/04/asset-3269904.jpg",
    "content": "6x10cl",
    "walkRouteSequenceNumber": 604,
    "price": {
      "basicPrice": 2.99,
      "recommendedQuantity": "1.0",
      "measurementUnitPrice": 4.99,
      "measurementUnit": "L",
      "isRedPrice": false,
      "pricePerUOM": 4.99,
      "activationDate": "14-02-2024",
      "isPromoActive": "N",
      "priceChangeCode": "E"
    },
    "isAvailable": true,
    "isPriceAvailable": true,
    "inPromo": false,
    "gtin": [
      "08018005974525",
      "08018005973627",
      "48018005973625"
    ],
    "topCategoryName": "Dranken",
    "topCategoryId": "354",
    "businessDomain": "RETAIL_BE",
    "IsPrivateLabel": false,
    "IsBiffe": false,
    "WeightconversionFactor": "0",
    "IsWeightArticle": false,
    "nutriscoreLabel": "E",
    "IsBio": false,
    "CountryOfOrigin": "ITALIË",
    "IsExclusivelySoldInLuxembourg": false,
    "OrderUnit": "P",
    "ShortName": "BONG ROSSO 0% 6X10CL",
    "IsNew": false,
    "RecentQuanityOfStockUnits": "4,1,1",
    "LongName": "BONGIORNO Rosso 0% 6x10cl",
    "FicCode": "E"
  },
  {
    "productId": "358985",
    "technicalArticleNumber": "3799647",
    "commercialArticleNumber": "12874",
    "name": "Pisang 15%",
    "description": "*Ready to serve\n*Basis voor cocktail\n*15,0%vol",
    "brand": "MARIE GALANTE",
    "seoBrand": "Marie Galante",
    "thumbNail": "https://static.colruytgroup.com/images/200x200/std.lang.all/44/73/asset-1684473.jpg",
    "fullImage": "https://static.colruytgroup.com/images/500x500/std.lang.all/44/73/asset-1684473.jpg",
    "squareImage": "https://static.colruytgroup.com/images/500x500sq/std.lang.all/44/73/asset-1684473.jpg",
    "content": "70cl",
    "walkRouteSequenceNumber": 875,
    "price": {
      "basicPrice": 6.45,
      "recommendedQuantity": "1.0",
      "measurementUnitPrice": 9.22,
      "measurementUnit": "L",
      "isRedPrice": false,
      "pricePerUOM": 9.22,
      "activationDate": "03-06-2023",
      "recordSource": "Offline",
      "isPromoActive": "N",
      "priceChangeCode": "E"
    },
    "isAvailable": true,
    "isPriceAvailable": true,
    "inPromo": false,
    "gtin": [
      "15400141105855",
      "05400141105858",
      "05400141194210",
      "15400141194217"
    ],
    "topCategoryName": "Dranken",
    "topCategoryId": "354",
    "businessDomain": "RETAIL_BE",
    "IsPrivateLabel": true,
    "IsBiffe": false,
    "WeightconversionFactor": "0",
    "IsWeightArticle": false,
    "IsBio": false,
    "CountryOfOrigin": "BELGIË",
    "IsExclusivelySoldInLuxembourg": false,
    "OrderUnit": "P",
    "ShortName": "M.GAL PISANG 15% 70CL",
    "IsNew": false,
    "EcoscoreLabel": "D",
    "RecentQuanityOfStockUnits": "6,1",
    "LongName": "MARIE GALANTE Pisang 15% 70cl",
    "AlcoholVolume": "14.7",
    "FicCode": "I",
    "EcoscoreValue": "30"
  },
  {
    "productId": "216296",
    "technicalArticleNumber": "3481794",
    "commercialArticleNumber": "11062",
    "name": "Earl Grey zwarte thee",
    "description": "*Zwarte thee",
    "brand": "BONI",
    "seoBrand": "Boni Selection",
    "thumbNail": "https://static.colruytgroup.com/images/200x200/std.lang.all/06/81/asset-3360681.jpg",
    "fullImage": "https://static.colruytgroup.com/images/500x500/std.lang.all/06/81/asset-3360681.jpg",
    "squareImage": "https://static.colruytgroup.com/images/500x500sq/std.lang.all/06/81/asset-3360681.jpg",
    "content": "25st",
    "walkRouteSequenceNumber": 1252,
    "price": {
      "basicPrice": 0.687,
      "recommendedQuantity": "1.0",
      "measurementUnitPrice": 13.74,
      "measurementUnit": "K",
      "isRedPrice": false,
      "pricePerUOM": 13.74,
      "activationDate": "14-02-2024",
      "recordSource": "Offline",
      "isPromoActive": "N",
      "priceChangeCode": "E"
    },
    "isAvailable": true,
    "isPriceAvailable": true,
    "inPromo": false,
    "gtin": [
      "05400141394337",
      "15400141819981",
      "15400141399513",
      "05400141399516"
    ],
    "topCategoryName": "Dranken",
    "topCategoryId": "354",
    "businessDomain": "RETAIL_BE",
    "IsPrivateLabel": true,
    "IsBiffe": false,
    "WeightconversionFactor": "0",
    "IsWeightArticle": false,
    "nutriscoreLabel": "B",
    "IsBio": false,
    "CountryOfOrigin": "INDIA",
    "IsExclusivelySoldInLuxembourg": false,
    "OrderUnit": "P",
    "ShortName": "BONI EARL GREY 25X2G",
    "IsNew": false,
    "EcoscoreLabel": "A",
    "RecentQuanityOfStockUnits": "1,12",
    "LongName": "BONI Earl Grey zwarte thee 25st",
    "AlcoholVolume": "0",
    "FicCode": "I",
    "EcoscoreValue": "93"
  },
  {
    "productId": "38014",
    "technicalArticleNumber": "1837856",
    "commercialArticleNumber": "19314",
    "name": "limonade sinaas brik",
    "description": "*Sinaasappeldrank\n*Uit sapconcentraat\n*Met 20 % vruchten\n*Zonder pulp",
    "brand": "EVERYDAY",
    "seoBrand": "Everyday",
    "thumbNail": "https://static.colruytgroup.com/images/200x200/std.lang.all/50/98/asset-1855098.jpg",
    "fullImage": "https://static.colruytgroup.com/images/500x500/std.lang.all/50/98/asset-1855098.jpg",
    "squareImage": "https://static.colruytgroup.com/images/500x500sq/std.lang.all/50/98/asset-1855098.jpg",
    "content": "10x20cl",
    "walkRouteSequenceNumber": 4086,
    "price": {
      "basicPrice": 1.99,
      "recommendedQuantity": "1.0",
      "measurementUnitPrice": 1,
      "measurementUnit": "L",
      "isRedPrice": false,
      "pricePerUOM": 1,
      "activationDate": "25-11-2023",
      "recordSource": "Offline",
      "isPromoActive": "N",
      "priceChangeCode": "L"
    },
    "isAvailable": true,
    "isPriceAvailable": true,
    "inPromo": false,
    "gtin": [
      "15400141907695",
      "05400141123944",
      "15400141988946"
    ],
    "topCategoryName": "Dranken",
    "topCategoryId": "354",
    "businessDomain": "RETAIL_BE",
    "IsPrivateLabel": true,
    "IsBiffe": false,
    "WeightconversionFactor": "0",
    "IsWeightArticle": false,
    "nutriscoreLabel": "E",
    "IsBio": false,
    "CountryOfOrigin": "NEDERLAND",
    "IsExclusivelySoldInLuxembourg": false,
    "OrderUnit": "P",
    "ShortName": "EVD SINAASLIMO 10X20CL",
    "IsNew": false,
    "RecentQuanityOfStockUnits": "3,1",
    "LongName": "EVERYDAY limonade sinaas brik 10x20cl",
    "AlcoholVolume": "0",
    "FicCode": "I"
  },
  {
    "productId": "689088",
    "technicalArticleNumber": "4414511",
    "commercialArticleNumber": "11765",
    "name": "blond 6,66%",
    "description": "*Blond bier\n*6,66 % vol",
    "brand": "DUVEL",
    "seoBrand": "Duvel",
    "thumbNail": "https://static.colruytgroup.com/images/200x200/std.lang.all/29/02/asset-2372902.jpg",
    "fullImage": "https://static.colruytgroup.com/images/500x500/std.lang.all/29/02/asset-2372902.jpg",
    "squareImage": "https://static.colruytgroup.com/images/500x500sq/std.lang.all/29/02/asset-2372902.jpg",
    "content": "6x33cl",
    "walkRouteSequenceNumber": 3698,
    "price": {
      "basicPrice": 9.58,
      "recommendedQuantity": "1.0",
      "measurementUnitPrice": 4.84,
      "measurementUnit": "L",
      "isRedPrice": false,
      "pricePerUOM": 4.84,
      "activationDate": "28-02-2024",
      "recordSource": "Offline",
      "isPromoActive": "N",
      "priceChangeCode": "E"
    },
    "isAvailable": true,
    "isPriceAvailable": true,
    "inPromo": false,
    "gtin": [
      "05400141946062",
      "05411681408002",
      "05411681407937"
    ],
    "topCategoryName": "Dranken",
    "topCategoryId": "354",
    "businessDomain": "RETAIL_BE",
    "IsPrivateLabel": false,
    "IsBiffe": false,
    "WeightconversionFactor": "0",
    "IsWeightArticle": false,
    "IsBio": false,
    "CountryOfOrigin": "BELGIË",
    "IsExclusivelySoldInLuxembourg": false,
    "OrderUnit": "P",
    "ShortName": "DUVE BLOND 6.66% 6X33CL",
    "IsNew": false,
    "EcoscoreLabel": "B",
    "RecentQuanityOfStockUnits": "1",
    "LongName": "DUVEL blond 6,66% 6x33cl",
    "AlcoholVolume": "6.66",
    "FicCode": "E",
    "DepositValue": [
      0.6
    ],
    "EcoscoreValue": "72"
  },
  {
    "productId": "1449",
    "technicalArticleNumber": "19633",
    "commercialArticleNumber": "19633",
    "name": "citroensap glas",
    "description": "*Smaak: citroen\n*40 % vruchtensap",
    "brand": "PULCO",
    "seoBrand": "Pulco",
    "thumbNail": "https://static.colruytgroup.com/images/200x200/std.lang.all/90/21/asset-2319021.jpg",
    "fullImage": "https://static.colruytgroup.com/images/500x500/std.lang.all/90/21/asset-2319021.jpg",
    "squareImage": "https://static.colruytgroup.com/images/500x500sq/std.lang.all/90/21/asset-2319021.jpg",
    "content": "70cl",
    "walkRouteSequenceNumber": 4032,
    "price": {
      "basicPrice": 4.99,
      "recommendedQuantity": "1.0",
      "measurementUnitPrice": 7.13,
      "measurementUnit": "L",
      "isRedPrice": false,
      "pricePerUOM": 7.13,
      "activationDate": "16-03-2024",
      "recordSource": "Offline",
      "isPromoActive": "N",
      "priceChangeCode": "L"
    },
    "isAvailable": true,
    "isPriceAvailable": true,
    "inPromo": false,
    "gtin": [
      "03225350000365",
      "03225350000501"
    ],
    "topCategoryName": "Dranken",
    "topCategoryId": "354",
    "businessDomain": "RETAIL_BE",
    "IsPrivateLabel": false,
    "IsBiffe": false,
    "WeightconversionFactor": "0",
    "IsWeightArticle": false,
    "nutriscoreLabel": "B",
    "IsBio": false,
    "CountryOfOrigin": "FRANKRIJK",
    "IsExclusivelySoldInLuxembourg": false,
    "OrderUnit": "P",
    "ShortName": "PULCO CITROEN 70CL",
    "IsNew": false,
    "EcoscoreLabel": "D",
    "RecentQuanityOfStockUnits": "1,12",
    "LongName": "PULCO citroensap glas 70cl",
    "AlcoholVolume": "0",
    "FicCode": "E",
    "EcoscoreValue": "21"
  },
  {
    "productId": "335875",
    "technicalArticleNumber": "3814594",
    "commercialArticleNumber": "51233",
    "name": "koffiefilters Deca RFA",
    "brand": "GRAINDOR",
    "seoBrand": "Graindor",
    "thumbNail": "https://static.colruytgroup.com/images/200x200/std.lang.all/52/92/asset-1545292.jpg",
    "fullImage": "https://static.colruytgroup.com/images/500x500/std.lang.all/52/92/asset-1545292.jpg",
    "squareImage": "https://static.colruytgroup.com/images/500x500sq/std.lang.all/52/92/asset-1545292.jpg",
    "content": "20st",
    "walkRouteSequenceNumber": 1207,
    "price": {
      "basicPrice": 4.5,
      "recommendedQuantity": "1.0",
      "measurementUnitPrice": 32.15,
      "measurementUnit": "K",
      "isRedPrice": false,
      "pricePerUOM": 32.15,
      "activationDate": "14-03-2024",
      "recordSource": "Offline",
      "isPromoActive": "N",
      "priceChangeCode": "E"
    },
    "isAvailable": true,
    "isPriceAvailable": true,
    "inPromo": false,
    "gtin": [
      "35400141035026",
      "15400141035022",
      "05400141035025"
    ],
    "topCategoryName": "Dranken",
    "topCategoryId": "354",
    "businessDomain": "RETAIL_BE",
    "IsPrivateLabel": true,
    "IsBiffe": false,
    "WeightconversionFactor": "0",
    "IsWeightArticle": false,
    "nutriscoreLabel": "B",
    "IsBio": false,
    "CountryOfOrigin": "BELGIË",
    "IsExclusivelySoldInLuxembourg": false,
    "OrderUnit": "P",
    "ShortName": "GRAI DECA RFA 20FILTERS",
    "IsNew": false,
    "EcoscoreLabel": "B",
    "RecentQuanityOfStockUnits": "1",
    "LongName": "GRAINDOR koffiefilters Deca RFA 20st",
    "AlcoholVolume": "0",
    "FicCode": "I",
    "EcoscoreValue": "61"
  },
  {
    "productId": "848849",
    "technicalArticleNumber": "4696187",
    "commercialArticleNumber": "30697",
    "name": "Bier blond alcoholvrij",
    "description": "*Blond bier\n*0 % vol",
    "brand": "CHOUFFE",
    "seoBrand": "Chouffe",
    "thumbNail": "https://static.colruytgroup.com/images/200x200/std.lang.all/48/53/asset-3444853.jpg",
    "fullImage": "https://static.colruytgroup.com/images/500x500/std.lang.all/48/53/asset-3444853.jpg",
    "squareImage": "https://static.colruytgroup.com/images/500x500sq/std.lang.all/48/53/asset-3444853.jpg",
    "content": "4x33cl",
    "walkRouteSequenceNumber": 3849,
    "price": {
      "basicPrice": 6.72,
      "recommendedQuantity": "1.0",
      "measurementUnitPrice": 5.1,
      "measurementUnit": "L",
      "isRedPrice": false,
      "pricePerUOM": 5.1,
      "activationDate": "28-02-2024",
      "recordSource": "Online",
      "isPromoActive": "N",
      "priceChangeCode": "E"
    },
    "isAvailable": true,
    "isPriceAvailable": true,
    "inPromo": false,
    "gtin": [
      "05410769802145",
      "05410769802077",
      "05400141869996"
    ],
    "topCategoryName": "Dranken",
    "topCategoryId": "354",
    "businessDomain": "RETAIL_BE",
    "IsPrivateLabel": false,
    "IsBiffe": false,
    "WeightconversionFactor": "0",
    "IsWeightArticle": false,
    "IsBio": false,
    "CountryOfOrigin": "BELGIË",
    "IsExclusivelySoldInLuxembourg": false,
    "OrderUnit": "P",
    "ShortName": "CHOU ALCOHOLVRIJ 4X33CL",
    "IsNew": false,
    "EcoscoreLabel": "D",
    "RecentQuanityOfStockUnits": "1",
    "LongName": "CHOUFFE Bier blond alcoholvrij 4x33cl",
    "AlcoholVolume": "0.4",
    "FicCode": "E",
    "DepositValue": [
      0.4
    ],
    "EcoscoreValue": "37"
  },
  {
    "productId": "877744",
    "technicalArticleNumber": "4733736",
    "commercialArticleNumber": "12857",
    "name": "Agrumes",
    "description": "*Bruisend",
    "brand": "FANTA",
    "seoBrand": "Fanta",
    "thumbNail": "https://static.colruytgroup.com/images/200x200/std.lang.all/72/36/asset-3277236.jpg",
    "fullImage": "https://static.colruytgroup.com/images/500x500/std.lang.all/72/36/asset-3277236.jpg",
    "squareImage": "https://static.colruytgroup.com/images/500x500sq/std.lang.all/72/36/asset-3277236.jpg",
    "content": "33cl",
    "walkRouteSequenceNumber": 4286,
    "price": {
      "basicPrice": 0.95,
      "recommendedQuantity": "6.0",
      "measurementUnitPrice": 2.88,
      "measurementUnit": "L",
      "isRedPrice": false,
      "pricePerUOM": 2.88,
      "activationDate": "14-03-2024",
      "recordSource": "Folder",
      "isPromoActive": "N",
      "priceChangeCode": "H"
    },
    "isAvailable": true,
    "isPriceAvailable": true,
    "inPromo": true,
    "promotion": [
      {
        "techPromoId": "100843COLR",
        "promotionId": "100843",
        "promotionType": "3",
        "isPersonalized": "N",
        "publicationStartDate": "13-03-2024",
        "publicationEndDate": "26-03-2024"
      }
    ],
    "gtin": [
      "05449000319623",
      "05449000319609",
      "05449000319616"
    ],
    "topCategoryName": "Dranken",
    "topCategoryId": "354",
    "businessDomain": "RETAIL_BE",
    "IsPrivateLabel": false,
    "IsBiffe": false,
    "WeightconversionFactor": "0",
    "IsWeightArticle": false,
    "nutriscoreLabel": "E",
    "IsBio": false,
    "CountryOfOrigin": "BELGIË",
    "IsExclusivelySoldInLuxembourg": false,
    "OrderUnit": "P",
    "ShortName": "FANT AGRUMES 33CL",
    "IsNew": false,
    "RecentQuanityOfStockUnits": "1,6,24",
    "LongName": "FANTA Agrumes 33cl",
    "AlcoholVolume": "0",
    "FicCode": "E"
  },
  {
    "productId": "185208",
    "technicalArticleNumber": "3456278",
    "commercialArticleNumber": "13328",
    "name": "pads mild",
    "description": "*Heel zachte koffie\n*Mild\n*Pads",
    "brand": "SENSEO",
    "seoBrand": "Senseo",
    "thumbNail": "https://static.colruytgroup.com/images/200x200/std.lang.all/29/69/asset-2412969.jpg",
    "fullImage": "https://static.colruytgroup.com/images/500x500/std.lang.all/29/69/asset-2412969.jpg",
    "squareImage": "https://static.colruytgroup.com/images/500x500sq/std.lang.all/29/69/asset-2412969.jpg",
    "content": "36st",
    "walkRouteSequenceNumber": 1194,
    "price": {
      "basicPrice": 4.69,
      "recommendedQuantity": "1.0",
      "measurementUnitPrice": 18.76,
      "measurementUnit": "K",
      "isRedPrice": false,
      "pricePerUOM": 18.76,
      "activationDate": "22-02-2024",
      "recordSource": "Offline",
      "isPromoActive": "N",
      "priceChangeCode": "E"
    },
    "isAvailable": true,
    "isPriceAvailable": true,
    "inPromo": false,
    "gtin": [
      "05410138042271",
      "05410138042264"
    ],
    "topCategoryName": "Dranken",
    "topCategoryId": "354",
    "businessDomain": "RETAIL_BE",
    "IsPrivateLabel": false,
    "IsBiffe": false,
    "WeightconversionFactor": "0",
    "IsWeightArticle": false,
    "nutriscoreLabel": "B",
    "IsBio": false,
    "CountryOfOrigin": "NEDERLAND",
    "IsExclusivelySoldInLuxembourg": false,
    "OrderUnit": "P",
    "ShortName": "SENSEO MILD 36ST 250G",
    "IsNew": false,
    "RecentQuanityOfStockUnits": "1,10",
    "LongName": "SENSEO pads mild 36st",
    "AlcoholVolume": "0",
    "FicCode": "E"
  },
  {
    "productId": "512929",
    "technicalArticleNumber": "4090047",
    "commercialArticleNumber": "8042",
    "name": "8 9,2%vol",
    "description": "*Trappistenbier\n*9,2 % vol\n*Nagisting op fles",
    "brand": "TRAPPISTES ROCHEFORT",
    "seoBrand": "Trappistes Rochefort",
    "thumbNail": "https://static.colruytgroup.com/images/200x200/std.lang.all/78/63/asset-1907863.jpg",
    "fullImage": "https://static.colruytgroup.com/images/500x500/std.lang.all/78/63/asset-1907863.jpg",
    "squareImage": "https://static.colruytgroup.com/images/500x500sq/std.lang.all/78/63/asset-1907863.jpg",
    "content": "4x33cl",
    "walkRouteSequenceNumber": 3620,
    "price": {
      "basicPrice": 6.76,
      "recommendedQuantity": "1.0",
      "measurementUnitPrice": 5.13,
      "measurementUnit": "L",
      "isRedPrice": false,
      "pricePerUOM": 5.13,
      "activationDate": "02-02-2024",
      "recordSource": "Offline",
      "isPromoActive": "N",
      "priceChangeCode": "E"
    },
    "isAvailable": true,
    "isPriceAvailable": true,
    "inPromo": false,
    "gtin": [
      "05412858000081",
      "05400141283808"
    ],
    "topCategoryName": "Dranken",
    "topCategoryId": "354",
    "businessDomain": "RETAIL_BE",
    "IsPrivateLabel": false,
    "IsBiffe": false,
    "WeightconversionFactor": "0",
    "IsWeightArticle": false,
    "IsBio": false,
    "CountryOfOrigin": "BELGIË",
    "IsExclusivelySoldInLuxembourg": false,
    "OrderUnit": "P",
    "ShortName": "ROCHEF 8 TRAP 4X33CL",
    "IsNew": false,
    "EcoscoreLabel": "B",
    "RecentQuanityOfStockUnits": "1",
    "LongName": "TRAPPISTES ROCHEFORT 8 9,2%vol 4x33cl",
    "AlcoholVolume": "9.2",
    "FicCode": "I",
    "DepositValue": [
      0.4
    ],
    "EcoscoreValue": "72"
  },
  {
    "productId": "219159",
    "technicalArticleNumber": "3487590",
    "commercialArticleNumber": "14344",
    "name": "Apple Cider 4,5% blik",
    "description": "*Cider\n*4,5 % vol",
    "brand": "SOMERSBY",
    "seoBrand": "Somersby",
    "thumbNail": "https://static.colruytgroup.com/images/200x200/std.lang.all/90/26/asset-2519026.jpg",
    "fullImage": "https://static.colruytgroup.com/images/500x500/std.lang.all/90/26/asset-2519026.jpg",
    "squareImage": "https://static.colruytgroup.com/images/500x500sq/std.lang.all/90/26/asset-2519026.jpg",
    "content": "33cl",
    "walkRouteSequenceNumber": 700,
    "price": {
      "basicPrice": 1.66,
      "recommendedQuantity": "6.0",
      "quantityPrice": 1.59,
      "quantityPriceQuantity": "24.0",
      "measurementUnitPrice": 5.04,
      "measurementUnitQuantityPrice": 4.82,
      "measurementUnit": "L",
      "isRedPrice": false,
      "pricePerUOM": 5.04,
      "activationDate": "17-02-2024",
      "recordSource": "Offline",
      "isPromoActive": "N",
      "priceChangeCode": "H",
      "quantityPricePerUOM": 4.82,
      "quantityActivationDate": "17-02-2024",
      "quantityPriceChangeCode": "H"
    },
    "isAvailable": true,
    "isPriceAvailable": true,
    "inPromo": false,
    "gtin": [
      "05740700992841",
      "05740700993701",
      "05740600987602"
    ],
    "topCategoryName": "Dranken",
    "topCategoryId": "354",
    "businessDomain": "RETAIL_BE",
    "IsPrivateLabel": false,
    "IsBiffe": false,
    "WeightconversionFactor": "0",
    "IsWeightArticle": false,
    "IsBio": false,
    "CountryOfOrigin": "ZWEDEN",
    "IsExclusivelySoldInLuxembourg": false,
    "OrderUnit": "P",
    "ShortName": "SOMERSBY APPELCIDER 33C",
    "IsNew": false,
    "EcoscoreLabel": "C",
    "RecentQuanityOfStockUnits": "1,24,6",
    "LongName": "SOMERSBY Apple Cider 4,5% blik 33cl",
    "AlcoholVolume": "4.5",
    "FicCode": "E",
    "EcoscoreValue": "45"
  },
  {
    "productId": "869207",
    "technicalArticleNumber": "4722359",
    "commercialArticleNumber": "17425",
    "name": "Isotonic Passionfruit",
    "brand": "AQUARIUS",
    "seoBrand": "Aquarius",
    "thumbNail": "https://static.colruytgroup.com/images/200x200/std.lang.all/76/11/asset-3237611.jpg",
    "fullImage": "https://static.colruytgroup.com/images/500x500/std.lang.all/76/11/asset-3237611.jpg",
    "squareImage": "https://static.colruytgroup.com/images/500x500sq/std.lang.all/76/11/asset-3237611.jpg",
    "content": "50cl",
    "walkRouteSequenceNumber": 4733,
    "price": {
      "basicPrice": 1.83,
      "recommendedQuantity": "6.0",
      "measurementUnitPrice": 3.66,
      "measurementUnit": "L",
      "isRedPrice": false,
      "pricePerUOM": 3.66,
      "activationDate": "13-01-2024",
      "recordSource": "Offline",
      "isPromoActive": "N",
      "priceChangeCode": "E"
    },
    "isAvailable": true,
    "isPriceAvailable": true,
    "inPromo": false,
    "gtin": [
      "05449000113320",
      "05449000113092",
      "05449000113085"
    ],
    "topCategoryName": "Dranken",
    "topCategoryId": "354",
    "businessDomain": "RETAIL_BE",
    "IsPrivateLabel": false,
    "IsBiffe": false,
    "WeightconversionFactor": "0",
    "IsWeightArticle": false,
    "nutriscoreLabel": "D",
    "IsBio": false,
    "CountryOfOrigin": "NEDERLAND",
    "IsExclusivelySoldInLuxembourg": false,
    "OrderUnit": "P",
    "ShortName": "AQUA ISOT.PASSIONFR50CL",
    "IsNew": false,
    "RecentQuanityOfStockUnits": "6,1,24",
    "LongName": "AQUARIUS Isotonic Passionfruit 50cl",
    "FicCode": "E"
  },
  {
    "productId": "586605",
    "technicalArticleNumber": "4242957",
    "commercialArticleNumber": "19797",
    "name": "pils 5,2% blik",
    "description": "*Pilsbier\n*5,2 % vol",
    "brand": "STELLA ARTOIS",
    "seoBrand": "Stella Artois",
    "thumbNail": "https://static.colruytgroup.com/images/200x200/std.lang.all/99/69/asset-2059969.jpg",
    "fullImage": "https://static.colruytgroup.com/images/500x500/std.lang.all/99/69/asset-2059969.jpg",
    "squareImage": "https://static.colruytgroup.com/images/500x500sq/std.lang.all/99/69/asset-2059969.jpg",
    "content": "50cl",
    "walkRouteSequenceNumber": 3836,
    "price": {
      "basicPrice": 1.49,
      "recommendedQuantity": "6.0",
      "measurementUnitPrice": 2.98,
      "measurementUnit": "L",
      "isRedPrice": false,
      "pricePerUOM": 2.98,
      "activationDate": "02-02-2024",
      "recordSource": "Offline",
      "isPromoActive": "N",
      "priceChangeCode": "E"
    },
    "isAvailable": true,
    "isPriceAvailable": true,
    "inPromo": false,
    "gtin": [
      "05410228260523",
      "05410228260509",
      "05410228260516"
    ],
    "topCategoryName": "Dranken",
    "topCategoryId": "354",
    "businessDomain": "RETAIL_BE",
    "IsPrivateLabel": false,
    "IsBiffe": false,
    "WeightconversionFactor": "0",
    "IsWeightArticle": false,
    "IsBio": false,
    "CountryOfOrigin": "BELGIË",
    "IsExclusivelySoldInLuxembourg": false,
    "OrderUnit": "P",
    "ShortName": "STEL PILS BLIK 50CL",
    "IsNew": false,
    "RecentQuanityOfStockUnits": "24,1,6",
    "LongName": "STELLA ARTOIS pils 5,2% blik 50cl",
    "AlcoholVolume": "5.2",
    "FicCode": "E"
  },
  {
    "productId": "213489",
    "technicalArticleNumber": "3502597",
    "commercialArticleNumber": "12417",
    "name": "oplos-ijskoffie Frappé",
    "description": "*Ijskoffie\n*Sterkte: Heel\nzachte koffie\n*Smaak: romig, vanille\n*Oploskoffie",
    "brand": "NESCAFÉ",
    "seoBrand": "Nescafé",
    "thumbNail": "https://static.colruytgroup.com/images/200x200/std.lang.all/29/93/asset-902993.jpg",
    "fullImage": "https://static.colruytgroup.com/images/500x500/std.lang.all/29/93/asset-902993.jpg",
    "squareImage": "https://static.colruytgroup.com/images/500x500sq/std.lang.all/29/93/asset-902993.jpg",
    "content": "10st",
    "walkRouteSequenceNumber": 1167,
    "price": {
      "basicPrice": 2.65,
      "recommendedQuantity": "1.0",
      "measurementUnitPrice": 18.93,
      "measurementUnit": "K",
      "isRedPrice": false,
      "pricePerUOM": 18.93,
      "activationDate": "23-03-2024",
      "recordSource": "Folder",
      "isPromoActive": "N",
      "priceChangeCode": "E"
    },
    "isAvailable": true,
    "isPriceAvailable": true,
    "inPromo": false,
    "gtin": [
      "07613035615687",
      "07613035615694",
      "07613036899758",
      "07613036899741"
    ],
    "topCategoryName": "Dranken",
    "topCategoryId": "354",
    "businessDomain": "RETAIL_BE",
    "IsPrivateLabel": false,
    "IsBiffe": false,
    "WeightconversionFactor": "0",
    "IsWeightArticle": false,
    "nutriscoreLabel": "D",
    "IsBio": false,
    "CountryOfOrigin": "DUITSLAND",
    "IsExclusivelySoldInLuxembourg": false,
    "OrderUnit": "P",
    "ShortName": "NESC NESCAF FRAPPE 10Z",
    "InSeason": true,
    "IsNew": false,
    "RecentQuanityOfStockUnits": "1",
    "LongName": "NESCAFÉ oplos-ijskoffie Frappé 10st",
    "AlcoholVolume": "0",
    "StartSeasonDate": "21/03/2018",
    "FicCode": "E"
  },
  {
    "productId": "143620",
    "technicalArticleNumber": "3300745",
    "commercialArticleNumber": "1992",
    "name": "Carta Oro Gold Rum 40%",
    "description": "*Spiced rum\n*Traditionele rum\n*Cuba",
    "brand": "BACARDÍ",
    "seoBrand": "Bacardí",
    "thumbNail": "https://static.colruytgroup.com/images/200x200/std.lang.all/52/23/asset-2825223.jpg",
    "fullImage": "https://static.colruytgroup.com/images/500x500/std.lang.all/52/23/asset-2825223.jpg",
    "squareImage": "https://static.colruytgroup.com/images/500x500sq/std.lang.all/52/23/asset-2825223.jpg",
    "content": "70cl",
    "walkRouteSequenceNumber": 812,
    "price": {
      "basicPrice": 19.99,
      "recommendedQuantity": "1.0",
      "measurementUnitPrice": 28.56,
      "measurementUnit": "L",
      "isRedPrice": false,
      "pricePerUOM": 28.56,
      "activationDate": "23-03-2024",
      "recordSource": "Offline",
      "isPromoActive": "N",
      "priceChangeCode": "H"
    },
    "isAvailable": true,
    "isPriceAvailable": true,
    "inPromo": true,
    "promotion": [
      {
        "techPromoId": "100908COLR",
        "promotionId": "100908",
        "promotionType": "0",
        "isPersonalized": "N",
        "publicationStartDate": "13-03-2024",
        "publicationEndDate": "26-03-2024"
      }
    ],
    "gtin": [
      "05410098616482",
      "05410098609736",
      "05010677028783",
      "05010677028899"
    ],
    "topCategoryName": "Dranken",
    "topCategoryId": "354",
    "businessDomain": "RETAIL_BE",
    "IsPrivateLabel": false,
    "IsBiffe": false,
    "WeightconversionFactor": "0",
    "IsWeightArticle": false,
    "IsBio": false,
    "CountryOfOrigin": "DUITSLAND",
    "IsExclusivelySoldInLuxembourg": false,
    "OrderUnit": "P",
    "ShortName": "BACARDI ORO 40 70CL",
    "IsNew": false,
    "EcoscoreLabel": "D",
    "RecentQuanityOfStockUnits": "1,6",
    "LongName": "BACARDÍ Carta Oro Gold Rum 40% 70cl",
    "AlcoholVolume": "40",
    "FicCode": "E",
    "EcoscoreValue": "38"
  },
  {
    "productId": "216063",
    "technicalArticleNumber": "3502659",
    "commercialArticleNumber": "12585",
    "name": "Tonic & Hibiscus",
    "description": "*Smaak: hibiscus\n*Bruisend\n*Florale tonic",
    "brand": "SCHWEPPES",
    "seoBrand": "Schweppes",
    "thumbNail": "https://static.colruytgroup.com/images/200x200/std.lang.all/26/20/asset-3222620.jpg",
    "fullImage": "https://static.colruytgroup.com/images/500x500/std.lang.all/26/20/asset-3222620.jpg",
    "squareImage": "https://static.colruytgroup.com/images/500x500sq/std.lang.all/26/20/asset-3222620.jpg",
    "content": "4x20cl",
    "walkRouteSequenceNumber": 763,
    "price": {
      "basicPrice": 5.19,
      "recommendedQuantity": "1.0",
      "measurementUnitPrice": 6.49,
      "measurementUnit": "L",
      "isRedPrice": false,
      "pricePerUOM": 6.49,
      "activationDate": "12-03-2024",
      "recordSource": "Offline",
      "isPromoActive": "N",
      "priceChangeCode": "H"
    },
    "isAvailable": true,
    "isPriceAvailable": true,
    "inPromo": false,
    "gtin": [
      "05410221308611",
      "05410221107559",
      "05410221205873",
      "05410221106453",
      "05410221006418",
      "00000054004412",
      "05410221205330"
    ],
    "topCategoryName": "Dranken",
    "topCategoryId": "354",
    "businessDomain": "RETAIL_BE",
    "IsPrivateLabel": false,
    "IsBiffe": false,
    "WeightconversionFactor": "0",
    "IsWeightArticle": false,
    "nutriscoreLabel": "D",
    "IsBio": false,
    "CountryOfOrigin": "SPANJE",
    "IsExclusivelySoldInLuxembourg": false,
    "OrderUnit": "P",
    "ShortName": "SCHW TONI.HIBISCUS4X20C",
    "IsNew": false,
    "RecentQuanityOfStockUnits": "1,6",
    "LongName": "SCHWEPPES Tonic & Hibiscus 4x20cl",
    "AlcoholVolume": "0",
    "FicCode": "E"
  },
  {
    "productId": "4207",
    "technicalArticleNumber": "1008427",
    "commercialArticleNumber": "19016",
    "name": "bitter Amer 21,0%vol",
    "description": "*Bitter\n*Aperitief\n*21,0 % vol",
    "brand": "PICON",
    "seoBrand": "Picon",
    "thumbNail": "https://static.colruytgroup.com/images/200x200/std.lang.all/81/86/asset-378186.jpg",
    "fullImage": "https://static.colruytgroup.com/images/500x500/std.lang.all/81/86/asset-378186.jpg",
    "squareImage": "https://static.colruytgroup.com/images/500x500sq/std.lang.all/81/86/asset-378186.jpg",
    "content": "70cl",
    "walkRouteSequenceNumber": 864,
    "price": {
      "basicPrice": 15.75,
      "recommendedQuantity": "1.0",
      "measurementUnitPrice": 22.5,
      "measurementUnit": "L",
      "isRedPrice": false,
      "pricePerUOM": 22.5,
      "activationDate": "03-02-2024",
      "recordSource": "Online",
      "isPromoActive": "N",
      "priceChangeCode": "H"
    },
    "isAvailable": true,
    "isPriceAvailable": true,
    "inPromo": false,
    "gtin": [
      "05010103234979",
      "05010103234986"
    ],
    "topCategoryName": "Dranken",
    "topCategoryId": "354",
    "businessDomain": "RETAIL_BE",
    "IsPrivateLabel": false,
    "IsBiffe": false,
    "WeightconversionFactor": "0",
    "IsWeightArticle": false,
    "IsBio": false,
    "CountryOfOrigin": "ITALIË",
    "IsExclusivelySoldInLuxembourg": false,
    "OrderUnit": "P",
    "ShortName": "AMER PICON 21GR 70CL",
    "IsNew": false,
    "EcoscoreLabel": "E",
    "RecentQuanityOfStockUnits": "1,6",
    "LongName": "PICON bitter Amer 21,0%vol 70cl",
    "AlcoholVolume": "21",
    "FicCode": "E",
    "EcoscoreValue": "18"
  },
  {
    "productId": "38517",
    "technicalArticleNumber": "1848952",
    "commercialArticleNumber": "5246",
    "name": "bruisend water",
    "description": "*Mineraalwater\n*Bruisend\n*Droogrest: 385 mg/l",
    "brand": "CHAUDFONTAINE",
    "seoBrand": "Chaudfontaine",
    "thumbNail": "https://static.colruytgroup.com/images/200x200/std.lang.all/14/08/asset-3251408.jpg",
    "fullImage": "https://static.colruytgroup.com/images/500x500/std.lang.all/14/08/asset-3251408.jpg",
    "squareImage": "https://static.colruytgroup.com/images/500x500sq/std.lang.all/14/08/asset-3251408.jpg",
    "content": "50cl",
    "walkRouteSequenceNumber": 3866,
    "price": {
      "basicPrice": 0.77,
      "recommendedQuantity": "6.0",
      "quantityPrice": 0.74,
      "quantityPriceQuantity": "24.0",
      "measurementUnitPrice": 1.54,
      "measurementUnitQuantityPrice": 1.48,
      "measurementUnit": "L",
      "isRedPrice": false,
      "pricePerUOM": 1.54,
      "activationDate": "29-02-2024",
      "recordSource": "Online",
      "isPromoActive": "N",
      "priceChangeCode": "E",
      "quantityPricePerUOM": 1.48,
      "quantityActivationDate": "29-02-2024",
      "quantityPriceChangeCode": "H"
    },
    "isAvailable": true,
    "isPriceAvailable": true,
    "inPromo": false,
    "gtin": [
      "05449000113412",
      "05449000111715",
      "05449000111739"
    ],
    "topCategoryName": "Dranken",
    "topCategoryId": "354",
    "businessDomain": "RETAIL_BE",
    "IsPrivateLabel": false,
    "IsBiffe": false,
    "WeightconversionFactor": "0",
    "IsWeightArticle": false,
    "nutriscoreLabel": "A",
    "IsBio": false,
    "CountryOfOrigin": "BELGIË",
    "IsExclusivelySoldInLuxembourg": false,
    "OrderUnit": "P",
    "ShortName": "CHAUD BRUISEND 50CL",
    "IsNew": false,
    "RecentQuanityOfStockUnits": "6,1,24",
    "LongName": "CHAUDFONTAINE bruisend water 50cl",
    "AlcoholVolume": "0",
    "FicCode": "E"
  },
  {
    "productId": "601056",
    "technicalArticleNumber": "4267150",
    "commercialArticleNumber": "20244",
    "name": "bruisend Lemon-Cactus",
    "description": "*Bruisende limonade\n*Smaak: citroen\ncactus\n*Met suiker en\nzoetstoffen",
    "brand": "SPA FRUIT",
    "seoBrand": "Spa Fruit",
    "thumbNail": "https://static.colruytgroup.com/images/200x200/std.lang.all/84/52/asset-2818452.jpg",
    "fullImage": "https://static.colruytgroup.com/images/500x500/std.lang.all/84/52/asset-2818452.jpg",
    "squareImage": "https://static.colruytgroup.com/images/500x500sq/std.lang.all/84/52/asset-2818452.jpg",
    "content": "1,25L",
    "walkRouteSequenceNumber": 4271,
    "price": {
      "basicPrice": 2.02,
      "recommendedQuantity": "4.0",
      "measurementUnitPrice": 1.62,
      "measurementUnit": "L",
      "isRedPrice": false,
      "pricePerUOM": 1.62,
      "activationDate": "14-03-2024",
      "recordSource": "Offline",
      "isPromoActive": "N",
      "priceChangeCode": "H"
    },
    "isAvailable": true,
    "isPriceAvailable": true,
    "inPromo": false,
    "gtin": [
      "05410013149101",
      "05410013149118",
      "05410013802006",
      "05410013802013"
    ],
    "topCategoryName": "Dranken",
    "topCategoryId": "354",
    "businessDomain": "RETAIL_BE",
    "IsPrivateLabel": false,
    "IsBiffe": false,
    "WeightconversionFactor": "0",
    "IsWeightArticle": false,
    "nutriscoreLabel": "C",
    "IsBio": false,
    "CountryOfOrigin": "BELGIË",
    "IsExclusivelySoldInLuxembourg": false,
    "OrderUnit": "P",
    "ShortName": "SPA FRUI BR.LE-CAC1.25L",
    "IsNew": false,
    "RecentQuanityOfStockUnits": "1,4",
    "LongName": "SPA FRUIT bruisend Lemon-Cactus 1,25L",
    "AlcoholVolume": "0",
    "FicCode": "E"
  },
  {
    "productId": "34203",
    "technicalArticleNumber": "1793147",
    "commercialArticleNumber": "6982",
    "name": "multivruchtensap PET",
    "description": "*Multivruchtensap\n*Uit sapconcentraat\n*Met 55 % vruchten\n*Met zoetstoffen\n*Zonder pulp",
    "brand": "TÖNISSTEINER",
    "seoBrand": "Tönissteiner",
    "thumbNail": "https://static.colruytgroup.com/images/200x200/std.lang.all/58/49/asset-335849.jpg",
    "fullImage": "https://static.colruytgroup.com/images/500x500/std.lang.all/58/49/asset-335849.jpg",
    "squareImage": "https://static.colruytgroup.com/images/500x500sq/std.lang.all/58/49/asset-335849.jpg",
    "content": "50cl",
    "walkRouteSequenceNumber": 4749,
    "price": {
      "basicPrice": 2.03,
      "recommendedQuantity": "6.0",
      "measurementUnitPrice": 4.06,
      "measurementUnit": "L",
      "isRedPrice": false,
      "pricePerUOM": 4.06,
      "activationDate": "09-03-2024",
      "recordSource": "Offline",
      "isPromoActive": "N",
      "priceChangeCode": "L"
    },
    "isAvailable": true,
    "isPriceAvailable": true,
    "inPromo": false,
    "gtin": [
      "04002968055210",
      "04002968055241",
      "04002968055258"
    ],
    "topCategoryName": "Dranken",
    "topCategoryId": "354",
    "businessDomain": "RETAIL_BE",
    "IsPrivateLabel": false,
    "IsBiffe": false,
    "WeightconversionFactor": "0",
    "IsWeightArticle": false,
    "nutriscoreLabel": "D",
    "IsBio": false,
    "CountryOfOrigin": "DUITSLAND",
    "IsExclusivelySoldInLuxembourg": false,
    "OrderUnit": "P",
    "ShortName": "TONI VRUCHTENKORF 50CL",
    "IsNew": false,
    "EcoscoreLabel": "C",
    "RecentQuanityOfStockUnits": "1,6,18",
    "LongName": "TÖNISSTEINER multivruchtensap PET 50cl",
    "AlcoholVolume": "0",
    "FicCode": "E",
    "EcoscoreValue": "43"
  },
  {
    "productId": "209737",
    "technicalArticleNumber": "3528010",
    "commercialArticleNumber": "11492",
    "name": "fruitsap 3 citrus pulp brik",
    "description": "*Sinaasappel, bloed-\nsinaasappel, roze\npompelmoes\n*100 % vruchten\n*Met pulp",
    "brand": "BONI",
    "seoBrand": "Boni Selection",
    "thumbNail": "https://static.colruytgroup.com/images/200x200/std.lang.all/41/63/asset-3224163.jpg",
    "fullImage": "https://static.colruytgroup.com/images/500x500/std.lang.all/41/63/asset-3224163.jpg",
    "squareImage": "https://static.colruytgroup.com/images/500x500sq/std.lang.all/41/63/asset-3224163.jpg",
    "content": "1L",
    "walkRouteSequenceNumber": 5024,
    "price": {
      "basicPrice": 2.09,
      "recommendedQuantity": "1.0",
      "measurementUnitPrice": 2.09,
      "measurementUnit": "L",
      "isRedPrice": false,
      "pricePerUOM": 2.09,
      "activationDate": "30-01-2024",
      "recordSource": "Offline",
      "isPromoActive": "N",
      "priceChangeCode": "E"
    },
    "isAvailable": true,
    "isPriceAvailable": true,
    "inPromo": false,
    "gtin": [
      "05400141135503",
      "15400141135500",
      "05400141403305"
    ],
    "topCategoryName": "Dranken",
    "topCategoryId": "354",
    "businessDomain": "RETAIL_BE",
    "IsPrivateLabel": true,
    "IsBiffe": false,
    "WeightconversionFactor": "0",
    "IsWeightArticle": false,
    "nutriscoreLabel": "C",
    "IsBio": false,
    "CountryOfOrigin": "BRAZILIË",
    "IsExclusivelySoldInLuxembourg": false,
    "OrderUnit": "P",
    "ShortName": "BONI 3 CITRUSVRUCHTEN1L",
    "InSeason": true,
    "IsNew": false,
    "EcoscoreLabel": "C",
    "RecentQuanityOfStockUnits": "1",
    "LongName": "BONI fruitsap 3 citrus pulp brik 1L",
    "AlcoholVolume": "0",
    "StartSeasonDate": "03/02/2021",
    "FicCode": "I",
    "EcoscoreValue": "58"
  },
  {
    "productId": "516202",
    "technicalArticleNumber": "4097169",
    "commercialArticleNumber": "8354",
    "name": "niet-br. Raspberry-Apple",
    "description": "*Mineraalwater\n*Niet-bruisend\n*Framboos en appel",
    "brand": "SPA TOUCH",
    "seoBrand": "Spa Touch",
    "thumbNail": "https://static.colruytgroup.com/images/200x200/std.lang.all/19/03/asset-2661903.jpg",
    "fullImage": "https://static.colruytgroup.com/images/500x500/std.lang.all/19/03/asset-2661903.jpg",
    "squareImage": "https://static.colruytgroup.com/images/500x500sq/std.lang.all/19/03/asset-2661903.jpg",
    "content": "50cl",
    "walkRouteSequenceNumber": 4037,
    "price": {
      "basicPrice": 0.92,
      "recommendedQuantity": "6.0",
      "quantityPrice": 0.88,
      "quantityPriceQuantity": "24.0",
      "measurementUnitPrice": 1.84,
      "measurementUnitQuantityPrice": 1.76,
      "measurementUnit": "L",
      "isRedPrice": false,
      "pricePerUOM": 1.84,
      "activationDate": "25-01-2024",
      "recordSource": "Online",
      "isPromoActive": "N",
      "priceChangeCode": "E",
      "quantityPricePerUOM": 1.76,
      "quantityActivationDate": "25-01-2024",
      "quantityPriceChangeCode": "H"
    },
    "isAvailable": true,
    "isPriceAvailable": true,
    "inPromo": false,
    "gtin": [
      "05410013185017",
      "05410013185000",
      "05410013185024"
    ],
    "topCategoryName": "Dranken",
    "topCategoryId": "354",
    "businessDomain": "RETAIL_BE",
    "IsPrivateLabel": false,
    "IsBiffe": false,
    "WeightconversionFactor": "0",
    "IsWeightArticle": false,
    "nutriscoreLabel": "A",
    "IsBio": false,
    "CountryOfOrigin": "BELGIË",
    "IsExclusivelySoldInLuxembourg": false,
    "OrderUnit": "P",
    "ShortName": "SPA TOUC RASP-APPLE50CL",
    "IsNew": false,
    "RecentQuanityOfStockUnits": "6,1,24",
    "LongName": "SPA TOUCH niet-br. Raspberry-Apple 50cl",
    "FicCode": "E"
  },
  {
    "productId": "448481",
    "technicalArticleNumber": "4024994",
    "commercialArticleNumber": "5315",
    "name": "0,0% blond",
    "description": "*Abdijbier\n*0 % vol",
    "brand": "LEFFE",
    "seoBrand": "Leffe",
    "thumbNail": "https://static.colruytgroup.com/images/200x200/std.lang.all/59/78/asset-1995978.jpg",
    "fullImage": "https://static.colruytgroup.com/images/500x500/std.lang.all/59/78/asset-1995978.jpg",
    "squareImage": "https://static.colruytgroup.com/images/500x500sq/std.lang.all/59/78/asset-1995978.jpg",
    "content": "6x33cl",
    "walkRouteSequenceNumber": 3856,
    "price": {
      "basicPrice": 7.92,
      "recommendedQuantity": "1.0",
      "measurementUnitPrice": 4,
      "measurementUnit": "L",
      "isRedPrice": false,
      "pricePerUOM": 4,
      "activationDate": "14-03-2024",
      "recordSource": "Online",
      "isPromoActive": "N",
      "priceChangeCode": "E"
    },
    "isAvailable": true,
    "isPriceAvailable": true,
    "inPromo": false,
    "gtin": [
      "05410228253525",
      "05410228253563"
    ],
    "topCategoryName": "Dranken",
    "topCategoryId": "354",
    "businessDomain": "RETAIL_BE",
    "IsPrivateLabel": false,
    "IsBiffe": false,
    "WeightconversionFactor": "0",
    "IsWeightArticle": false,
    "IsBio": false,
    "CountryOfOrigin": "BELGIË",
    "IsExclusivelySoldInLuxembourg": false,
    "OrderUnit": "P",
    "ShortName": "LEFF 0% BLOND 6X33CL",
    "IsNew": false,
    "RecentQuanityOfStockUnits": "1,4",
    "LongName": "LEFFE 0,0% blond 6x33cl",
    "AlcoholVolume": "0",
    "FicCode": "E",
    "DepositValue": [
      0.6
    ]
  },
  {
    "productId": "612258",
    "technicalArticleNumber": "4286095",
    "commercialArticleNumber": "20777",
    "name": "Pink",
    "description": "*Bruisende limonade\n*Met suiker en\nzoetstoffen\n*Bevat kinine",
    "brand": "SCHWEPPES",
    "seoBrand": "Schweppes",
    "thumbNail": "https://static.colruytgroup.com/images/200x200/std.lang.all/28/61/asset-3222861.jpg",
    "fullImage": "https://static.colruytgroup.com/images/500x500/std.lang.all/28/61/asset-3222861.jpg",
    "squareImage": "https://static.colruytgroup.com/images/500x500sq/std.lang.all/28/61/asset-3222861.jpg",
    "content": "33cl",
    "walkRouteSequenceNumber": 4283,
    "price": {
      "basicPrice": 1.04,
      "recommendedQuantity": "6.0",
      "measurementUnitPrice": 3.16,
      "measurementUnit": "L",
      "isRedPrice": false,
      "pricePerUOM": 3.16,
      "activationDate": "20-03-2024",
      "recordSource": "Offline",
      "isPromoActive": "N",
      "priceChangeCode": "H"
    },
    "isAvailable": true,
    "isPriceAvailable": true,
    "inPromo": false,
    "gtin": [
      "05410221307447",
      "05410221205729",
      "05410221107498",
      "05410221107528",
      "05410221205842",
      "05410221308581"
    ],
    "topCategoryName": "Dranken",
    "topCategoryId": "354",
    "businessDomain": "RETAIL_BE",
    "IsPrivateLabel": false,
    "IsBiffe": false,
    "WeightconversionFactor": "0",
    "IsWeightArticle": false,
    "nutriscoreLabel": "E",
    "IsBio": false,
    "CountryOfOrigin": "FRANKRIJK",
    "IsExclusivelySoldInLuxembourg": false,
    "OrderUnit": "P",
    "ShortName": "SCHW PINK 33CL",
    "IsNew": false,
    "RecentQuanityOfStockUnits": "6,1,24",
    "LongName": "SCHWEPPES Pink 33cl",
    "FicCode": "E"
  },
  {
    "productId": "780705",
    "technicalArticleNumber": "4575560",
    "commercialArticleNumber": "28765",
    "name": "Ice Tea Zero Green",
    "description": "*Ice tea\n*Groene theesmaak\n*Non-sparkling\n*Ijs thee\n*Soft drink",
    "brand": "LIPTON",
    "seoBrand": "Lipton",
    "thumbNail": "https://static.colruytgroup.com/images/200x200/std.lang.all/83/86/asset-2818386.jpg",
    "fullImage": "https://static.colruytgroup.com/images/500x500/std.lang.all/83/86/asset-2818386.jpg",
    "squareImage": "https://static.colruytgroup.com/images/500x500sq/std.lang.all/83/86/asset-2818386.jpg",
    "content": "33cl",
    "walkRouteSequenceNumber": 4201,
    "price": {
      "basicPrice": 0.89,
      "recommendedQuantity": "8.0",
      "measurementUnitPrice": 2.7,
      "measurementUnit": "L",
      "isRedPrice": false,
      "pricePerUOM": 2.7,
      "activationDate": "23-03-2024",
      "recordSource": "Offline",
      "isPromoActive": "N",
      "priceChangeCode": "H"
    },
    "isAvailable": true,
    "isPriceAvailable": true,
    "inPromo": false,
    "gtin": [
      "08711327549852",
      "08711327549913",
      "08711327550315"
    ],
    "topCategoryName": "Dranken",
    "topCategoryId": "354",
    "businessDomain": "RETAIL_BE",
    "IsPrivateLabel": false,
    "IsBiffe": false,
    "WeightconversionFactor": "0",
    "IsWeightArticle": false,
    "nutriscoreLabel": "C",
    "IsBio": false,
    "CountryOfOrigin": "BELGIË",
    "IsExclusivelySoldInLuxembourg": false,
    "OrderUnit": "P",
    "ShortName": "LIPT IT ZERO GREEN 33CL",
    "IsNew": false,
    "RecentQuanityOfStockUnits": "1,24,8",
    "LongName": "LIPTON Ice Tea Zero Green 33cl",
    "FicCode": "E"
  },
  {
    "productId": "843054",
    "technicalArticleNumber": "4688133",
    "commercialArticleNumber": "30633",
    "name": "bruisend Watermelon-Kiwi",
    "description": "*Mineraalwater\n*Bruisend\nSmaak: watermeloen-\nkiwi",
    "brand": "SPA TOUCH",
    "seoBrand": "Spa Touch",
    "thumbNail": "https://static.colruytgroup.com/images/200x200/std.lang.all/30/14/asset-3133014.jpg",
    "fullImage": "https://static.colruytgroup.com/images/500x500/std.lang.all/30/14/asset-3133014.jpg",
    "squareImage": "https://static.colruytgroup.com/images/500x500sq/std.lang.all/30/14/asset-3133014.jpg",
    "content": "50cl",
    "walkRouteSequenceNumber": 4042,
    "price": {
      "basicPrice": 0.78,
      "recommendedQuantity": "6.0",
      "quantityPrice": 0.75,
      "quantityPriceQuantity": "24.0",
      "measurementUnitPrice": 1.56,
      "measurementUnitQuantityPrice": 1.5,
      "measurementUnit": "L",
      "isRedPrice": false,
      "pricePerUOM": 1.56,
      "activationDate": "25-01-2024",
      "recordSource": "Online",
      "isPromoActive": "N",
      "priceChangeCode": "E",
      "quantityPricePerUOM": 1.5,
      "quantityActivationDate": "25-01-2024",
      "quantityPriceChangeCode": "H"
    },
    "isAvailable": true,
    "isPriceAvailable": true,
    "inPromo": false,
    "gtin": [
      "05410013163626",
      "05410013163602",
      "05410013163619"
    ],
    "topCategoryName": "Dranken",
    "topCategoryId": "354",
    "businessDomain": "RETAIL_BE",
    "IsPrivateLabel": false,
    "IsBiffe": false,
    "WeightconversionFactor": "0",
    "IsWeightArticle": false,
    "nutriscoreLabel": "A",
    "IsBio": false,
    "CountryOfOrigin": "BELGIË",
    "IsExclusivelySoldInLuxembourg": false,
    "OrderUnit": "P",
    "ShortName": "SPA TOUC BR.WAT-KIWI50C",
    "IsNew": false,
    "RecentQuanityOfStockUnits": "6,1,24",
    "LongName": "SPA TOUCH bruisend Watermelon-Kiwi 50cl",
    "FicCode": "E"
  },
  {
    "productId": "354645",
    "technicalArticleNumber": "3858509",
    "commercialArticleNumber": "41412",
    "name": "Deca pads",
    "description": "*pads\n*deca",
    "brand": "DOUWE EGBERTS",
    "seoBrand": "Douwe Egberts",
    "thumbNail": "https://static.colruytgroup.com/images/200x200/std.lang.all/18/84/asset-1481884.jpg",
    "fullImage": "https://static.colruytgroup.com/images/500x500/std.lang.all/18/84/asset-1481884.jpg",
    "squareImage": "https://static.colruytgroup.com/images/500x500sq/std.lang.all/18/84/asset-1481884.jpg",
    "content": "32st",
    "walkRouteSequenceNumber": 1197,
    "price": {
      "basicPrice": 4.89,
      "recommendedQuantity": "1.0",
      "measurementUnitPrice": 22.03,
      "measurementUnit": "K",
      "isRedPrice": false,
      "pricePerUOM": 22.03,
      "activationDate": "17-02-2024",
      "recordSource": "Offline",
      "isPromoActive": "N",
      "priceChangeCode": "E"
    },
    "isAvailable": true,
    "isPriceAvailable": true,
    "inPromo": false,
    "gtin": [
      "05410138044336",
      "05410138044343"
    ],
    "topCategoryName": "Dranken",
    "topCategoryId": "354",
    "businessDomain": "RETAIL_BE",
    "IsPrivateLabel": false,
    "IsBiffe": false,
    "WeightconversionFactor": "0",
    "IsWeightArticle": false,
    "nutriscoreLabel": "B",
    "IsBio": false,
    "CountryOfOrigin": "NEDERLAND",
    "IsExclusivelySoldInLuxembourg": false,
    "OrderUnit": "P",
    "ShortName": "D.E. DECA PADS 32ST",
    "IsNew": false,
    "RecentQuanityOfStockUnits": "1,10",
    "LongName": "DOUWE EGBERTS Deca pads 32st",
    "AlcoholVolume": "0",
    "FicCode": "E"
  },
  {
    "productId": "793099",
    "technicalArticleNumber": "4600805",
    "commercialArticleNumber": "6628",
    "name": "Ice Tea Green Mint-Lime",
    "description": "*Ice tea\n*Groene theesmaak\n*Non-sparkling\n*Ijs thee\n*Soft drink",
    "brand": "LIPTON",
    "seoBrand": "Lipton",
    "thumbNail": "https://static.colruytgroup.com/images/200x200/std.lang.all/83/90/asset-2818390.jpg",
    "fullImage": "https://static.colruytgroup.com/images/500x500/std.lang.all/83/90/asset-2818390.jpg",
    "squareImage": "https://static.colruytgroup.com/images/500x500sq/std.lang.all/83/90/asset-2818390.jpg",
    "content": "33cl",
    "walkRouteSequenceNumber": 4202,
    "price": {
      "basicPrice": 0.881,
      "recommendedQuantity": "6.0",
      "measurementUnitPrice": 2.68,
      "measurementUnit": "L",
      "isRedPrice": false,
      "pricePerUOM": 2.68,
      "activationDate": "09-03-2024",
      "recordSource": "Offline",
      "isPromoActive": "N",
      "priceChangeCode": "H"
    },
    "isAvailable": true,
    "isPriceAvailable": true,
    "inPromo": false,
    "gtin": [
      "08711327550186",
      "08711327549876",
      "08711327549838"
    ],
    "topCategoryName": "Dranken",
    "topCategoryId": "354",
    "businessDomain": "RETAIL_BE",
    "IsPrivateLabel": false,
    "IsBiffe": false,
    "WeightconversionFactor": "0",
    "IsWeightArticle": false,
    "IsBio": false,
    "CountryOfOrigin": "BELGIË",
    "IsExclusivelySoldInLuxembourg": false,
    "OrderUnit": "P",
    "ShortName": "LIPT GREEN MINT-LIM33CL",
    "IsNew": false,
    "RecentQuanityOfStockUnits": "6,24,1",
    "LongName": "LIPTON Ice Tea Green Mint-Lime 33cl",
    "FicCode": "E"
  },
  {
    "productId": "329631",
    "technicalArticleNumber": "3814464",
    "commercialArticleNumber": "51225",
    "name": "Bonen Mild RFA",
    "description": "*Sterkte: Heel\nzachte koffie\n*Smaak: mild\n*Koffiebonen",
    "brand": "GRAINDOR",
    "seoBrand": "Graindor",
    "thumbNail": "https://static.colruytgroup.com/images/200x200/std.lang.all/24/37/asset-2022437.jpg",
    "fullImage": "https://static.colruytgroup.com/images/500x500/std.lang.all/24/37/asset-2022437.jpg",
    "squareImage": "https://static.colruytgroup.com/images/500x500sq/std.lang.all/24/37/asset-2022437.jpg",
    "content": "1kg",
    "walkRouteSequenceNumber": 1008,
    "price": {
      "basicPrice": 12.99,
      "recommendedQuantity": "1.0",
      "quantityPrice": 12.47,
      "quantityPriceQuantity": "3.0",
      "measurementUnitPrice": 12.99,
      "measurementUnitQuantityPrice": 12.47,
      "measurementUnit": "K",
      "isRedPrice": false,
      "pricePerUOM": 12.99,
      "activationDate": "15-11-2023",
      "isPromoActive": "N",
      "priceChangeCode": "E",
      "quantityPricePerUOM": 12.47,
      "quantityActivationDate": "15-11-2023",
      "quantityPriceChangeCode": "E"
    },
    "isAvailable": true,
    "isPriceAvailable": true,
    "inPromo": false,
    "gtin": [
      "15400141034445",
      "05400141034448"
    ],
    "topCategoryName": "Dranken",
    "topCategoryId": "354",
    "businessDomain": "RETAIL_BE",
    "IsPrivateLabel": true,
    "IsBiffe": false,
    "WeightconversionFactor": "0",
    "IsWeightArticle": false,
    "nutriscoreLabel": "B",
    "IsBio": false,
    "CountryOfOrigin": "BELGIË",
    "IsExclusivelySoldInLuxembourg": false,
    "OrderUnit": "P",
    "ShortName": "RFA GRAI MILD BONEN 1KG",
    "IsNew": false,
    "EcoscoreLabel": "B",
    "RecentQuanityOfStockUnits": "8,1",
    "LongName": "GRAINDOR Bonen Mild RFA 1kg",
    "AlcoholVolume": "0",
    "FicCode": "I",
    "EcoscoreValue": "60"
  },
  {
    "productId": "843042",
    "technicalArticleNumber": "4688121",
    "commercialArticleNumber": "30632",
    "name": "bruisend Peach",
    "description": "*Mineraalwater\n*Bruisend\n*Smaak: perzik",
    "brand": "SPA TOUCH",
    "seoBrand": "Spa Touch",
    "thumbNail": "https://static.colruytgroup.com/images/200x200/std.lang.all/62/57/asset-3016257.jpg",
    "fullImage": "https://static.colruytgroup.com/images/500x500/std.lang.all/62/57/asset-3016257.jpg",
    "squareImage": "https://static.colruytgroup.com/images/500x500sq/std.lang.all/62/57/asset-3016257.jpg",
    "content": "50cl",
    "walkRouteSequenceNumber": 4041,
    "price": {
      "basicPrice": 0.94,
      "recommendedQuantity": "6.0",
      "quantityPrice": 0.86,
      "quantityPriceQuantity": "24.0",
      "measurementUnitPrice": 1.88,
      "measurementUnitQuantityPrice": 1.72,
      "measurementUnit": "L",
      "isRedPrice": false,
      "pricePerUOM": 1.88,
      "activationDate": "19-03-2024",
      "recordSource": "Offline",
      "isPromoActive": "N",
      "priceChangeCode": "L",
      "quantityPricePerUOM": 1.72,
      "quantityActivationDate": "19-03-2024",
      "quantityPriceChangeCode": "L"
    },
    "isAvailable": true,
    "isPriceAvailable": true,
    "inPromo": false,
    "gtin": [
      "05410013156611",
      "05410013156628",
      "05410013156604"
    ],
    "topCategoryName": "Dranken",
    "topCategoryId": "354",
    "businessDomain": "RETAIL_BE",
    "IsPrivateLabel": false,
    "IsBiffe": false,
    "WeightconversionFactor": "0",
    "IsWeightArticle": false,
    "nutriscoreLabel": "A",
    "IsBio": false,
    "CountryOfOrigin": "BELGIË",
    "IsExclusivelySoldInLuxembourg": false,
    "OrderUnit": "P",
    "ShortName": "SPA TOUC BRU.PEACH 50CL",
    "IsNew": false,
    "RecentQuanityOfStockUnits": "24,6,1",
    "LongName": "SPA TOUCH bruisend Peach 50cl",
    "AlcoholVolume": "0",
    "FicCode": "E"
  },
  {
    "productId": "854824",
    "technicalArticleNumber": "4703865",
    "commercialArticleNumber": "31274",
    "name": "volle chocomelk brik",
    "description": "*Volle melk",
    "brand": "FAIREBEL",
    "seoBrand": "Fairebel",
    "thumbNail": "https://static.colruytgroup.com/images/200x200/std.lang.all/08/59/asset-3150859.jpg",
    "fullImage": "https://static.colruytgroup.com/images/500x500/std.lang.all/08/59/asset-3150859.jpg",
    "squareImage": "https://static.colruytgroup.com/images/500x500sq/std.lang.all/08/59/asset-3150859.jpg",
    "content": "25cl",
    "walkRouteSequenceNumber": 6351,
    "price": {
      "basicPrice": 0.99,
      "recommendedQuantity": "1.0",
      "measurementUnitPrice": 3.96,
      "measurementUnit": "L",
      "isRedPrice": false,
      "pricePerUOM": 3.96,
      "activationDate": "14-11-2023",
      "recordSource": "Offline",
      "isPromoActive": "N",
      "priceChangeCode": "E"
    },
    "isAvailable": true,
    "isPriceAvailable": true,
    "inPromo": false,
    "gtin": [
      "05425027283505",
      "05425027283512"
    ],
    "topCategoryName": "Zuivel",
    "topCategoryId": "65",
    "businessDomain": "RETAIL_BE",
    "IsPrivateLabel": false,
    "IsBiffe": false,
    "WeightconversionFactor": "0",
    "IsWeightArticle": false,
    "IsBio": false,
    "CountryOfOrigin": "BELGIË",
    "IsExclusivelySoldInLuxembourg": false,
    "OrderUnit": "P",
    "ShortName": "FAIR CHOCO 25CL",
    "IsNew": false,
    "EcoscoreLabel": "D",
    "RecentQuanityOfStockUnits": "1,18",
    "LongName": "FAIREBEL volle chocomelk brik 25cl",
    "AlcoholVolume": "0",
    "FicCode": "E",
    "EcoscoreValue": "29"
  },
  {
    "productId": "655507",
    "technicalArticleNumber": "4355884",
    "commercialArticleNumber": "20495",
    "name": "No Sugar Bl.Tea Raspb-Mint",
    "brand": "FUZE TEA",
    "seoBrand": "Fuze Tea",
    "thumbNail": "https://static.colruytgroup.com/images/200x200/std.lang.all/12/94/asset-2261294.jpg",
    "fullImage": "https://static.colruytgroup.com/images/500x500/std.lang.all/12/94/asset-2261294.jpg",
    "squareImage": "https://static.colruytgroup.com/images/500x500sq/std.lang.all/12/94/asset-2261294.jpg",
    "content": "40cl",
    "walkRouteSequenceNumber": 4222,
    "price": {
      "basicPrice": 1.32,
      "recommendedQuantity": "4.0",
      "measurementUnitPrice": 3.3,
      "measurementUnit": "L",
      "isRedPrice": false,
      "pricePerUOM": 3.3,
      "activationDate": "14-03-2024",
      "recordSource": "Offline",
      "isPromoActive": "N",
      "priceChangeCode": "E"
    },
    "isAvailable": true,
    "isPriceAvailable": true,
    "inPromo": false,
    "gtin": [
      "05449000162946",
      "05449000162939",
      "05449000040350"
    ],
    "topCategoryName": "Dranken",
    "topCategoryId": "354",
    "businessDomain": "RETAIL_BE",
    "IsPrivateLabel": false,
    "IsBiffe": false,
    "WeightconversionFactor": "0",
    "IsWeightArticle": false,
    "nutriscoreLabel": "C",
    "IsBio": false,
    "CountryOfOrigin": "NEDERLAND",
    "IsExclusivelySoldInLuxembourg": false,
    "OrderUnit": "P",
    "ShortName": "FUZE RASP MINT NS 40CL",
    "IsNew": false,
    "RecentQuanityOfStockUnits": "1,24,4",
    "LongName": "FUZE TEA No Sugar Bl.Tea Raspb-Mint 40cl",
    "FicCode": "E"
  },
  {
    "productId": "868828",
    "technicalArticleNumber": "4721810",
    "commercialArticleNumber": "16055",
    "name": "Tripel 10%",
    "description": "*Abdijbier\n*Tripel\n*Blond\n*10 % vol",
    "brand": "PAIX DIEU",
    "seoBrand": "Paix Dieu",
    "thumbNail": "https://static.colruytgroup.com/images/200x200/std.lang.all/45/95/asset-3204595.jpg",
    "fullImage": "https://static.colruytgroup.com/images/500x500/std.lang.all/45/95/asset-3204595.jpg",
    "squareImage": "https://static.colruytgroup.com/images/500x500sq/std.lang.all/45/95/asset-3204595.jpg",
    "content": "4x33cl",
    "walkRouteSequenceNumber": 3685,
    "price": {
      "basicPrice": 9.16,
      "recommendedQuantity": "1.0",
      "quantityPrice": 8.79,
      "quantityPriceQuantity": "3.0",
      "measurementUnitPrice": 6.94,
      "measurementUnitQuantityPrice": 6.66,
      "measurementUnit": "L",
      "isRedPrice": false,
      "pricePerUOM": 6.94,
      "activationDate": "19-03-2024",
      "recordSource": "Offline",
      "isPromoActive": "N",
      "priceChangeCode": "L",
      "quantityPricePerUOM": 6.66,
      "quantityActivationDate": "19-03-2024",
      "quantityPriceChangeCode": "L"
    },
    "isAvailable": true,
    "isPriceAvailable": true,
    "inPromo": false,
    "gtin": [
      "05412983329026",
      "05400141801149"
    ],
    "topCategoryName": "Dranken",
    "topCategoryId": "354",
    "businessDomain": "RETAIL_BE",
    "IsPrivateLabel": false,
    "IsBiffe": false,
    "WeightconversionFactor": "0",
    "IsWeightArticle": false,
    "IsBio": false,
    "CountryOfOrigin": "BELGIË",
    "IsExclusivelySoldInLuxembourg": false,
    "OrderUnit": "P",
    "ShortName": "PAIX TRIPEL 10% 4X33CL",
    "IsNew": false,
    "EcoscoreLabel": "D",
    "RecentQuanityOfStockUnits": "1",
    "LongName": "PAIX DIEU Tripel 10% 4x33cl",
    "AlcoholVolume": "10",
    "FicCode": "E",
    "DepositValue": [
      2
    ],
    "EcoscoreValue": "37"
  },
  {
    "productId": "1300",
    "technicalArticleNumber": "19132",
    "commercialArticleNumber": "19132",
    "name": "likeur 17,0%vol",
    "description": "*Ready to serve\n*Passoa\n*Basis voor cocktail\n*17,0 % vol",
    "brand": "PASSOÃ",
    "seoBrand": "Passoã",
    "thumbNail": "https://static.colruytgroup.com/images/200x200/std.lang.all/17/75/asset-2711775.jpg",
    "fullImage": "https://static.colruytgroup.com/images/500x500/std.lang.all/17/75/asset-2711775.jpg",
    "squareImage": "https://static.colruytgroup.com/images/500x500sq/std.lang.all/17/75/asset-2711775.jpg",
    "content": "70cl",
    "walkRouteSequenceNumber": 876,
    "price": {
      "basicPrice": 13.99,
      "recommendedQuantity": "1.0",
      "measurementUnitPrice": 19.99,
      "measurementUnit": "L",
      "isRedPrice": false,
      "pricePerUOM": 19.99,
      "activationDate": "19-03-2024",
      "recordSource": "Folder",
      "isPromoActive": "Y",
      "priceChangeCode": "L"
    },
    "isAvailable": true,
    "isPriceAvailable": true,
    "inPromo": false,
    "gtin": [
      "03035540001740",
      "03035540001757",
      "05413976003992"
    ],
    "topCategoryName": "Dranken",
    "topCategoryId": "354",
    "businessDomain": "RETAIL_BE",
    "IsPrivateLabel": false,
    "IsBiffe": false,
    "WeightconversionFactor": "0",
    "IsWeightArticle": false,
    "IsBio": false,
    "CountryOfOrigin": "NEDERLAND",
    "IsExclusivelySoldInLuxembourg": false,
    "OrderUnit": "P",
    "ShortName": "PASSOA 17% 70CL",
    "IsNew": false,
    "EcoscoreLabel": "E",
    "RecentQuanityOfStockUnits": "1,6",
    "LongName": "PASSOÃ likeur 17,0%vol 70cl",
    "AlcoholVolume": "17",
    "FicCode": "E",
    "EcoscoreValue": "18"
  },
  {
    "productId": "440917",
    "technicalArticleNumber": "3980249",
    "commercialArticleNumber": "2016",
    "name": "rode bietensap",
    "description": "*Rode bietensap\n*Puur sap\n*Met 100% vruchten\n*Zonder pulp",
    "brand": "BONI",
    "seoBrand": "Boni Selection",
    "thumbNail": "https://ecgproductmw.colruytgroup.com/ecgproductmw/noPicForArticle_2.jpg",
    "fullImage": "https://ecgproductmw.colruytgroup.com/ecgproductmw/noPicForArticle_5.jpg",
    "squareImage": "https://ecgproductmw.colruytgroup.com/ecgproductmw/noPicForArticle_5.jpg",
    "content": "50cl",
    "walkRouteSequenceNumber": 4748,
    "price": {
      "basicPrice": 1.65,
      "recommendedQuantity": "1.0",
      "quantityPrice": 1.52,
      "quantityPriceQuantity": "12.0",
      "measurementUnitPrice": 3.3,
      "measurementUnitQuantityPrice": 3.04,
      "measurementUnit": "L",
      "isRedPrice": false,
      "pricePerUOM": 3.3,
      "activationDate": "14-03-2024",
      "isPromoActive": "N",
      "priceChangeCode": "H",
      "quantityPricePerUOM": 3.04,
      "quantityActivationDate": "14-03-2024",
      "quantityPriceChangeCode": "H"
    },
    "isAvailable": true,
    "isPriceAvailable": true,
    "inPromo": false,
    "gtin": [
      "05400141114560",
      "15400141114567"
    ],
    "topCategoryName": "Dranken",
    "topCategoryId": "354",
    "businessDomain": "RETAIL_BE",
    "IsPrivateLabel": true,
    "IsBiffe": false,
    "WeightconversionFactor": "0",
    "IsWeightArticle": false,
    "nutriscoreLabel": "B",
    "IsBio": false,
    "CountryOfOrigin": "BELGIË",
    "IsExclusivelySoldInLuxembourg": false,
    "OrderUnit": "P",
    "ShortName": "BONI RODE BIETSAP 50CL",
    "IsNew": false,
    "EcoscoreLabel": "C",
    "RecentQuanityOfStockUnits": "1,12",
    "LongName": "BONI rode bietensap 50cl",
    "FicCode": "I",
    "EcoscoreValue": "59"
  },
  {
    "productId": "243502",
    "technicalArticleNumber": "3546477",
    "commercialArticleNumber": "41591",
    "name": "caps Nesquik",
    "description": "*Warme Chocolade\n*LegendarischNesquik\n*Melkachtige choco\n*16 Capsules",
    "brand": "NESCAFÉ DOLCE GUSTO",
    "seoBrand": "Nestlé Nescafé Dolce Gusto Nesquik",
    "thumbNail": "https://static.colruytgroup.com/images/200x200/std.lang.all/47/49/asset-1094749.jpg",
    "fullImage": "https://static.colruytgroup.com/images/500x500/std.lang.all/47/49/asset-1094749.jpg",
    "squareImage": "https://static.colruytgroup.com/images/500x500sq/std.lang.all/47/49/asset-1094749.jpg",
    "content": "16st",
    "walkRouteSequenceNumber": 1112,
    "price": {
      "basicPrice": 5.49,
      "recommendedQuantity": "1.0",
      "quantityPrice": 4.34,
      "quantityPriceQuantity": "2.0",
      "measurementUnitPrice": 21.45,
      "measurementUnitQuantityPrice": 16.96,
      "measurementUnit": "K",
      "isRedPrice": false,
      "pricePerUOM": 21.45,
      "activationDate": "23-03-2024",
      "recordSource": "Offline",
      "isPromoActive": "N",
      "priceChangeCode": "E",
      "quantityPricePerUOM": 16.96,
      "quantityActivationDate": "23-03-2024",
      "quantityPriceChangeCode": "L"
    },
    "isAvailable": true,
    "isPriceAvailable": true,
    "inPromo": false,
    "gtin": [
      "07613033112997",
      "07613033162183",
      "07613033469558"
    ],
    "topCategoryName": "Dranken",
    "topCategoryId": "354",
    "businessDomain": "RETAIL_BE",
    "IsPrivateLabel": false,
    "IsBiffe": false,
    "WeightconversionFactor": "0",
    "IsWeightArticle": false,
    "nutriscoreLabel": "E",
    "IsBio": false,
    "CountryOfOrigin": "SPANJE",
    "IsExclusivelySoldInLuxembourg": false,
    "OrderUnit": "P",
    "ShortName": "DG.NESQUIK CHOC16C",
    "IsNew": false,
    "RecentQuanityOfStockUnits": "1,3",
    "LongName": "NESCAFÉ DOLCE GUSTO caps Nesquik 16st",
    "AlcoholVolume": "0",
    "FicCode": "E"
  },
  {
    "productId": "384868",
    "technicalArticleNumber": "3834793",
    "commercialArticleNumber": "40498",
    "name": "0,0% pils",
    "description": "*Pils\n*0 % vol",
    "brand": "JUPILER",
    "seoBrand": "Jupiler 0.0%",
    "thumbNail": "https://static.colruytgroup.com/images/200x200/std.lang.all/77/45/asset-1507745.jpg",
    "fullImage": "https://static.colruytgroup.com/images/500x500/std.lang.all/77/45/asset-1507745.jpg",
    "squareImage": "https://static.colruytgroup.com/images/500x500sq/std.lang.all/77/45/asset-1507745.jpg",
    "content": "6x25cl",
    "walkRouteSequenceNumber": 3861,
    "price": {
      "basicPrice": 4.56,
      "recommendedQuantity": "1.0",
      "measurementUnitPrice": 3.04,
      "measurementUnit": "L",
      "isRedPrice": false,
      "pricePerUOM": 3.04,
      "activationDate": "26-02-2024",
      "recordSource": "Online",
      "isPromoActive": "N",
      "priceChangeCode": "E"
    },
    "isAvailable": true,
    "isPriceAvailable": true,
    "inPromo": false,
    "gtin": [
      "05410228238263",
      "05410228231318"
    ],
    "topCategoryName": "Dranken",
    "topCategoryId": "354",
    "businessDomain": "RETAIL_BE",
    "IsPrivateLabel": false,
    "IsBiffe": false,
    "WeightconversionFactor": "0",
    "IsWeightArticle": false,
    "nutriscoreLabel": "C",
    "IsBio": false,
    "CountryOfOrigin": "BELGIË",
    "IsExclusivelySoldInLuxembourg": false,
    "OrderUnit": "P",
    "ShortName": "JUPI 0.0% 6X25CL",
    "IsNew": false,
    "RecentQuanityOfStockUnits": "1,4",
    "LongName": "JUPILER 0,0% pils 6x25cl",
    "AlcoholVolume": "0",
    "FicCode": "E",
    "DepositValue": [
      0.6
    ]
  },
  {
    "productId": "335926",
    "technicalArticleNumber": "3814350",
    "commercialArticleNumber": "51206",
    "name": "Gemalen espresso RFA",
    "description": "*Sterke: heel\nintense koffie\n*Smaak: sterk,\nkrachtig\n*Gemalen koffie",
    "brand": "GRAINDOR",
    "seoBrand": "Graindor",
    "thumbNail": "https://static.colruytgroup.com/images/200x200/std.lang.all/40/32/asset-3124032.jpg",
    "fullImage": "https://static.colruytgroup.com/images/500x500/std.lang.all/40/32/asset-3124032.jpg",
    "squareImage": "https://static.colruytgroup.com/images/500x500sq/std.lang.all/40/32/asset-3124032.jpg",
    "content": "500g",
    "walkRouteSequenceNumber": 1086,
    "price": {
      "basicPrice": 4.78,
      "recommendedQuantity": "1.0",
      "measurementUnitPrice": 9.56,
      "measurementUnit": "K",
      "isRedPrice": false,
      "pricePerUOM": 9.56,
      "activationDate": "20-03-2024",
      "recordSource": "Folder",
      "isPromoActive": "N",
      "priceChangeCode": "L"
    },
    "isAvailable": true,
    "isPriceAvailable": true,
    "inPromo": false,
    "gtin": [
      "05400141033045"
    ],
    "topCategoryName": "Dranken",
    "topCategoryId": "354",
    "businessDomain": "RETAIL_BE",
    "IsPrivateLabel": true,
    "IsBiffe": false,
    "WeightconversionFactor": "0",
    "IsWeightArticle": false,
    "nutriscoreLabel": "B",
    "IsBio": false,
    "CountryOfOrigin": "BELGIË",
    "IsExclusivelySoldInLuxembourg": false,
    "OrderUnit": "P",
    "ShortName": "RFA GRAI ESPRS VAC500G",
    "IsNew": false,
    "EcoscoreLabel": "C",
    "RecentQuanityOfStockUnits": "1",
    "LongName": "GRAINDOR Gemalen espresso RFA 500g",
    "AlcoholVolume": "0",
    "FicCode": "I",
    "EcoscoreValue": "58"
  },
  {
    "productId": "880585",
    "technicalArticleNumber": "4737824",
    "commercialArticleNumber": "32347",
    "name": "+gratis flesje Ypra",
    "description": "*Sterk blond bier\n*8,8 % vol\n*Met gratis flesje\nYpra blond 6% 33cl\n*Beperkte voorraad",
    "brand": "TRIPEL LEFORT",
    "seoBrand": "Tripel Lefort",
    "thumbNail": "https://static.colruytgroup.com/images/200x200/std.lang.all/99/03/asset-3269903.jpg",
    "fullImage": "https://static.colruytgroup.com/images/500x500/std.lang.all/99/03/asset-3269903.jpg",
    "squareImage": "https://static.colruytgroup.com/images/500x500sq/std.lang.all/99/03/asset-3269903.jpg",
    "content": "6x33cl",
    "walkRouteSequenceNumber": 3712,
    "price": {
      "basicPrice": 9.28,
      "recommendedQuantity": "1.0",
      "quantityPrice": 8.54,
      "quantityPriceQuantity": "3.0",
      "measurementUnitPrice": 4.69,
      "measurementUnitQuantityPrice": 4.32,
      "measurementUnit": "L",
      "isRedPrice": false,
      "pricePerUOM": 4.69,
      "activationDate": "13-03-2024",
      "recordSource": "Offline",
      "isPromoActive": "N",
      "priceChangeCode": "E",
      "quantityPricePerUOM": 4.32,
      "quantityActivationDate": "13-03-2024",
      "quantityPriceChangeCode": "E"
    },
    "isAvailable": true,
    "isPriceAvailable": true,
    "inPromo": true,
    "promotion": [
      {
        "techPromoId": "100949COLR",
        "promotionId": "100949",
        "promotionType": "0",
        "isPersonalized": "N",
        "publicationStartDate": "13-03-2024",
        "publicationEndDate": "26-03-2024"
      }
    ],
    "gtin": [
      "05400141578737"
    ],
    "topCategoryName": "Dranken",
    "topCategoryId": "354",
    "businessDomain": "RETAIL_BE",
    "IsPrivateLabel": false,
    "IsBiffe": false,
    "WeightconversionFactor": "0",
    "IsWeightArticle": false,
    "IsBio": false,
    "CountryOfOrigin": "BELGIË",
    "IsExclusivelySoldInLuxembourg": false,
    "OrderUnit": "P",
    "ShortName": "LEFO +GR.FLES YPRA6X33C",
    "IsNew": false,
    "RecentQuanityOfStockUnits": "1",
    "LongName": "TRIPEL LEFORT +gratis flesje Ypra 6x33cl",
    "AlcoholVolume": "8.8",
    "FicCode": "E",
    "DepositValue": [
      0.7
    ]
  },
  {
    "productId": "610208",
    "technicalArticleNumber": "4283014",
    "commercialArticleNumber": "16862",
    "name": "DG marrakesh style tea",
    "description": "*Intens muntig",
    "brand": "NESCAFE",
    "seoBrand": "Nescafé Dolce Gusto",
    "thumbNail": "https://static.colruytgroup.com/images/200x200/std.lang.all/62/88/asset-2136288.jpg",
    "fullImage": "https://static.colruytgroup.com/images/500x500/std.lang.all/62/88/asset-2136288.jpg",
    "squareImage": "https://static.colruytgroup.com/images/500x500sq/std.lang.all/62/88/asset-2136288.jpg",
    "content": "16st",
    "walkRouteSequenceNumber": 1111,
    "price": {
      "basicPrice": 5.49,
      "recommendedQuantity": "1.0",
      "measurementUnitPrice": 66.96,
      "measurementUnit": "K",
      "isRedPrice": false,
      "pricePerUOM": 66.96,
      "activationDate": "23-02-2024",
      "recordSource": "Offline",
      "isPromoActive": "N",
      "priceChangeCode": "L"
    },
    "isAvailable": true,
    "isPriceAvailable": true,
    "inPromo": false,
    "gtin": [
      "07613038901756",
      "07613038901763"
    ],
    "topCategoryName": "Dranken",
    "topCategoryId": "354",
    "businessDomain": "RETAIL_BE",
    "IsPrivateLabel": false,
    "IsBiffe": false,
    "WeightconversionFactor": "0",
    "IsWeightArticle": false,
    "nutriscoreLabel": "C",
    "IsBio": false,
    "CountryOfOrigin": "SPANJE",
    "IsExclusivelySoldInLuxembourg": false,
    "OrderUnit": "P",
    "ShortName": "NESC DG MARRA TEA16CUPS",
    "IsNew": false,
    "RecentQuanityOfStockUnits": "3,1",
    "LongName": "NESCAFE DG marrakesh style tea 16st",
    "FicCode": "E"
  },
  {
    "productId": "603981",
    "technicalArticleNumber": "4272519",
    "commercialArticleNumber": "22995",
    "name": "caps Espresso Roast",
    "description": "*Espresso koffie\n*Tonen van karamel\n*Intensiteit 11\n*10 capsules",
    "brand": "STARBUCKS",
    "seoBrand": "Starbucks By Nespresso",
    "thumbNail": "https://static.colruytgroup.com/images/200x200/std.lang.all/71/47/asset-3447147.jpg",
    "fullImage": "https://static.colruytgroup.com/images/500x500/std.lang.all/71/47/asset-3447147.jpg",
    "squareImage": "https://static.colruytgroup.com/images/500x500sq/std.lang.all/71/47/asset-3447147.jpg",
    "content": "10st",
    "walkRouteSequenceNumber": 1039,
    "price": {
      "basicPrice": 4.29,
      "recommendedQuantity": "1.0",
      "quantityPrice": 2.49,
      "quantityPriceQuantity": "4.0",
      "measurementUnitPrice": 75.27,
      "measurementUnitQuantityPrice": 43.69,
      "measurementUnit": "K",
      "isRedPrice": false,
      "pricePerUOM": 75.27,
      "activationDate": "23-03-2024",
      "recordSource": "Offline",
      "isPromoActive": "N",
      "priceChangeCode": "E",
      "quantityPricePerUOM": 43.69,
      "quantityActivationDate": "23-03-2024",
      "quantityPriceChangeCode": "E"
    },
    "isAvailable": true,
    "isPriceAvailable": true,
    "inPromo": false,
    "gtin": [
      "07613037048049",
      "07613036961622"
    ],
    "topCategoryName": "Dranken",
    "topCategoryId": "354",
    "businessDomain": "RETAIL_BE",
    "IsPrivateLabel": false,
    "IsBiffe": false,
    "WeightconversionFactor": "0",
    "IsWeightArticle": false,
    "nutriscoreLabel": "B",
    "IsBio": false,
    "CountryOfOrigin": "ZWITSERLAND",
    "IsExclusivelySoldInLuxembourg": false,
    "OrderUnit": "P",
    "ShortName": "STAR ESPRES.ROAST10CAPS",
    "IsNew": false,
    "RecentQuanityOfStockUnits": "1,12",
    "LongName": "STARBUCKS caps Espresso Roast 10st",
    "FicCode": "E"
  },
  {
    "productId": "25542",
    "technicalArticleNumber": "1958437",
    "commercialArticleNumber": "22157",
    "name": "Pads Mild",
    "description": "*Heel zachte koffie\n*Milde aciditeit\n*Pads",
    "brand": "EVERYDAY",
    "seoBrand": "Everyday",
    "thumbNail": "https://static.colruytgroup.com/images/200x200/std.lang.all/96/44/asset-1039644.jpg",
    "fullImage": "https://static.colruytgroup.com/images/500x500/std.lang.all/96/44/asset-1039644.jpg",
    "squareImage": "https://static.colruytgroup.com/images/500x500sq/std.lang.all/96/44/asset-1039644.jpg",
    "content": "36st",
    "walkRouteSequenceNumber": 1209,
    "price": {
      "basicPrice": 3.55,
      "recommendedQuantity": "1.0",
      "measurementUnitPrice": 14.09,
      "measurementUnit": "K",
      "isRedPrice": false,
      "pricePerUOM": 14.09,
      "activationDate": "14-03-2024",
      "isPromoActive": "N",
      "priceChangeCode": "H"
    },
    "isAvailable": true,
    "isPriceAvailable": true,
    "inPromo": false,
    "gtin": [
      "05400141261608",
      "15400141905561"
    ],
    "topCategoryName": "Dranken",
    "topCategoryId": "354",
    "businessDomain": "RETAIL_BE",
    "IsPrivateLabel": true,
    "IsBiffe": false,
    "WeightconversionFactor": "0",
    "IsWeightArticle": false,
    "nutriscoreLabel": "B",
    "IsBio": false,
    "CountryOfOrigin": "BELGIË",
    "IsExclusivelySoldInLuxembourg": false,
    "OrderUnit": "P",
    "ShortName": "EVD MILD 36 PADS",
    "IsNew": false,
    "EcoscoreLabel": "C",
    "RecentQuanityOfStockUnits": "1,10",
    "LongName": "EVERYDAY Pads Mild 36st",
    "AlcoholVolume": "0",
    "FicCode": "I",
    "EcoscoreValue": "50"
  },
  {
    "productId": "61942",
    "technicalArticleNumber": "2776421",
    "commercialArticleNumber": "21633",
    "name": "0,0% Rosée blik",
    "description": "*Alcoholvrij bier",
    "brand": "HOEGAARDEN",
    "seoBrand": "Hoegaarden",
    "thumbNail": "https://static.colruytgroup.com/images/200x200/std.lang.all/18/19/asset-2451819.jpg",
    "fullImage": "https://static.colruytgroup.com/images/500x500/std.lang.all/18/19/asset-2451819.jpg",
    "squareImage": "https://static.colruytgroup.com/images/500x500sq/std.lang.all/18/19/asset-2451819.jpg",
    "content": "33cl",
    "walkRouteSequenceNumber": 3841,
    "price": {
      "basicPrice": 1.38,
      "recommendedQuantity": "6.0",
      "measurementUnitPrice": 4.19,
      "measurementUnit": "L",
      "isRedPrice": false,
      "pricePerUOM": 4.19,
      "activationDate": "23-03-2024",
      "recordSource": "Offline",
      "isPromoActive": "N",
      "priceChangeCode": "H"
    },
    "isAvailable": true,
    "isPriceAvailable": true,
    "inPromo": false,
    "gtin": [
      "05410228287889",
      "05410228243571",
      "05410228287728",
      "05410228205845",
      "05410228243526",
      "05410228243564"
    ],
    "topCategoryName": "Dranken",
    "topCategoryId": "354",
    "businessDomain": "RETAIL_BE",
    "IsPrivateLabel": false,
    "IsBiffe": false,
    "WeightconversionFactor": "0",
    "IsWeightArticle": false,
    "nutriscoreLabel": "D",
    "IsBio": false,
    "CountryOfOrigin": "BELGIË",
    "IsExclusivelySoldInLuxembourg": false,
    "OrderUnit": "P",
    "ShortName": "HOEG ROSEE 0% BLIK 33CL",
    "InSeason": true,
    "IsNew": false,
    "RecentQuanityOfStockUnits": "6,1,24",
    "LongName": "HOEGAARDEN 0,0% Rosée blik 33cl",
    "AlcoholVolume": "0",
    "StartSeasonDate": "27/11/2012",
    "FicCode": "E"
  },
  {
    "productId": "477971",
    "technicalArticleNumber": "4004085",
    "commercialArticleNumber": "4640",
    "name": "Apple & Berry Juice",
    "description": "*vers sap",
    "brand": "INNOCENT",
    "seoBrand": "Innocent",
    "thumbNail": "https://static.colruytgroup.com/images/200x200/std.lang.all/84/67/asset-1648467.jpg",
    "fullImage": "https://static.colruytgroup.com/images/500x500/std.lang.all/84/67/asset-1648467.jpg",
    "squareImage": "https://static.colruytgroup.com/images/500x500sq/std.lang.all/84/67/asset-1648467.jpg",
    "content": "90cl",
    "walkRouteSequenceNumber": 5046,
    "price": {
      "basicPrice": 3.19,
      "recommendedQuantity": "1.0",
      "quantityPrice": 2.39,
      "quantityPriceQuantity": "2.0",
      "measurementUnitPrice": 3.55,
      "measurementUnitQuantityPrice": 2.66,
      "measurementUnit": "L",
      "isRedPrice": false,
      "pricePerUOM": 3.55,
      "activationDate": "21-03-2024",
      "recordSource": "Offline",
      "isPromoActive": "N",
      "priceChangeCode": "E",
      "quantityPricePerUOM": 2.66,
      "quantityActivationDate": "21-03-2024",
      "quantityPriceChangeCode": "H"
    },
    "isAvailable": true,
    "isPriceAvailable": true,
    "inPromo": false,
    "gtin": [
      "05038862132039",
      "05038862139731"
    ],
    "topCategoryName": "Dranken",
    "topCategoryId": "354",
    "businessDomain": "RETAIL_BE",
    "IsPrivateLabel": false,
    "IsBiffe": false,
    "WeightconversionFactor": "0",
    "IsWeightArticle": false,
    "nutriscoreLabel": "C",
    "IsBio": false,
    "CountryOfOrigin": "NEDERLAND",
    "IsExclusivelySoldInLuxembourg": false,
    "OrderUnit": "P",
    "ShortName": "INNO APP-BER JUICE 90CL",
    "IsNew": false,
    "EcoscoreLabel": "C",
    "RecentQuanityOfStockUnits": "1",
    "LongName": "INNOCENT Apple & Berry Juice 90cl",
    "FicCode": "E",
    "EcoscoreValue": "59"
  },
  {
    "productId": "81356",
    "technicalArticleNumber": "2953809",
    "commercialArticleNumber": "2815",
    "name": "bonen dessert Délice",
    "description": "*Intense koffie\n*Rond, complex, rijk\n*Koffiebonen",
    "brand": "JACQMOTTE",
    "seoBrand": "Jacqmotte",
    "thumbNail": "https://static.colruytgroup.com/images/200x200/std.lang.all/75/48/asset-2717548.jpg",
    "fullImage": "https://static.colruytgroup.com/images/500x500/std.lang.all/75/48/asset-2717548.jpg",
    "squareImage": "https://static.colruytgroup.com/images/500x500sq/std.lang.all/75/48/asset-2717548.jpg",
    "content": "500g",
    "walkRouteSequenceNumber": 1019,
    "price": {
      "basicPrice": 9.98,
      "recommendedQuantity": "1.0",
      "measurementUnitPrice": 19.96,
      "measurementUnit": "K",
      "isRedPrice": false,
      "pricePerUOM": 19.96,
      "activationDate": "15-03-2024",
      "recordSource": "Offline",
      "isPromoActive": "N",
      "priceChangeCode": "L"
    },
    "isAvailable": true,
    "isPriceAvailable": true,
    "inPromo": false,
    "gtin": [
      "05410138036003",
      "05410138053291"
    ],
    "topCategoryName": "Dranken",
    "topCategoryId": "354",
    "businessDomain": "RETAIL_BE",
    "IsPrivateLabel": false,
    "IsBiffe": false,
    "WeightconversionFactor": "0",
    "IsWeightArticle": false,
    "nutriscoreLabel": "B",
    "IsBio": false,
    "CountryOfOrigin": "POLEN",
    "IsExclusivelySoldInLuxembourg": false,
    "OrderUnit": "P",
    "ShortName": "JACQ BONEN DESS.DEL500G",
    "IsNew": false,
    "RecentQuanityOfStockUnits": "1,6",
    "LongName": "JACQMOTTE bonen dessert Délice 500g",
    "AlcoholVolume": "0",
    "FicCode": "E"
  },
  {
    "productId": "101907",
    "technicalArticleNumber": "3092363",
    "commercialArticleNumber": "41619",
    "name": "alcoholvrij aperitief pisang",
    "description": "*Ready to serve\n*Basis voor cocktail\n*Alcoholvrij",
    "brand": "FUNNY",
    "seoBrand": "Funny",
    "thumbNail": "https://static.colruytgroup.com/images/200x200/std.lang.all/77/81/asset-3137781.jpg",
    "fullImage": "https://static.colruytgroup.com/images/500x500/std.lang.all/77/81/asset-3137781.jpg",
    "squareImage": "https://static.colruytgroup.com/images/500x500sq/std.lang.all/77/81/asset-3137781.jpg",
    "content": "70cl",
    "walkRouteSequenceNumber": 593,
    "price": {
      "basicPrice": 5.09,
      "recommendedQuantity": "1.0",
      "measurementUnitPrice": 7.28,
      "measurementUnit": "L",
      "isRedPrice": false,
      "pricePerUOM": 7.28,
      "activationDate": "23-03-2024",
      "recordSource": "Offline",
      "isPromoActive": "N",
      "priceChangeCode": "H"
    },
    "isAvailable": true,
    "isPriceAvailable": true,
    "inPromo": false,
    "gtin": [
      "15411353621019",
      "05411353621012"
    ],
    "topCategoryName": "Dranken",
    "topCategoryId": "354",
    "businessDomain": "RETAIL_BE",
    "IsPrivateLabel": false,
    "IsBiffe": false,
    "WeightconversionFactor": "0",
    "IsWeightArticle": false,
    "nutriscoreLabel": "E",
    "IsBio": false,
    "CountryOfOrigin": "BELGIË",
    "IsExclusivelySoldInLuxembourg": false,
    "OrderUnit": "P",
    "ShortName": "FUNNY PISAN ALC VRY 70C",
    "IsNew": false,
    "RecentQuanityOfStockUnits": "1,6",
    "LongName": "FUNNY alcoholvrij aperitief pisang 70cl",
    "AlcoholVolume": "0",
    "FicCode": "E"
  },
  {
    "productId": "35384",
    "technicalArticleNumber": "1781865",
    "commercialArticleNumber": "6005",
    "name": "Rosée framboos 3%",
    "description": "*Fruitbier\n*3 % vol\n*Smaak: framboos",
    "brand": "HOEGAARDEN",
    "seoBrand": "Hoegaarden",
    "thumbNail": "https://static.colruytgroup.com/images/200x200/std.lang.all/53/73/asset-2875373.jpg",
    "fullImage": "https://static.colruytgroup.com/images/500x500/std.lang.all/53/73/asset-2875373.jpg",
    "squareImage": "https://static.colruytgroup.com/images/500x500sq/std.lang.all/53/73/asset-2875373.jpg",
    "content": "8x25cl",
    "walkRouteSequenceNumber": 3782,
    "price": {
      "basicPrice": 6.21,
      "recommendedQuantity": "1.0",
      "measurementUnitPrice": 3.11,
      "measurementUnit": "L",
      "isRedPrice": false,
      "pricePerUOM": 3.11,
      "activationDate": "23-03-2024",
      "recordSource": "Folder",
      "isPromoActive": "N",
      "priceChangeCode": "E"
    },
    "isAvailable": true,
    "isPriceAvailable": true,
    "inPromo": false,
    "gtin": [
      "05400141060058",
      "05410228221500",
      "05410228193340",
      "05410228221487",
      "05410228193128"
    ],
    "topCategoryName": "Dranken",
    "topCategoryId": "354",
    "businessDomain": "RETAIL_BE",
    "IsPrivateLabel": false,
    "IsBiffe": false,
    "WeightconversionFactor": "0",
    "IsWeightArticle": false,
    "IsBio": false,
    "CountryOfOrigin": "BELGIË",
    "IsExclusivelySoldInLuxembourg": false,
    "OrderUnit": "P",
    "ShortName": "HOEG WITBIER ROSE 8X25C",
    "InSeason": true,
    "IsNew": false,
    "RecentQuanityOfStockUnits": "1,3",
    "LongName": "HOEGAARDEN Rosée framboos 3% 8x25cl",
    "AlcoholVolume": "3",
    "StartSeasonDate": "20/12/2007",
    "FicCode": "I",
    "DepositValue": [
      0.8
    ]
  },
  {
    "productId": "1855",
    "technicalArticleNumber": "22228",
    "commercialArticleNumber": "22228",
    "name": "rozenbottel framboos infus.",
    "description": "*kruideninfusie\n*Rozenbottel,\nframboos",
    "brand": "LIPTON",
    "seoBrand": "Lipton",
    "thumbNail": "https://static.colruytgroup.com/images/200x200/std.lang.all/77/29/asset-2037729.jpg",
    "fullImage": "https://static.colruytgroup.com/images/500x500/std.lang.all/77/29/asset-2037729.jpg",
    "squareImage": "https://static.colruytgroup.com/images/500x500sq/std.lang.all/77/29/asset-2037729.jpg",
    "content": "20st",
    "walkRouteSequenceNumber": 1269,
    "price": {
      "basicPrice": 3.29,
      "recommendedQuantity": "2.0",
      "measurementUnitPrice": 65.8,
      "measurementUnit": "K",
      "isRedPrice": false,
      "pricePerUOM": 65.8,
      "activationDate": "28-02-2024",
      "isPromoActive": "N",
      "priceChangeCode": "E"
    },
    "isAvailable": true,
    "isPriceAvailable": true,
    "inPromo": false,
    "gtin": [
      "05400141289022",
      "07615200030226",
      "08711200774616",
      "08711327518599",
      "08711327518605"
    ],
    "topCategoryName": "Dranken",
    "topCategoryId": "354",
    "businessDomain": "RETAIL_BE",
    "IsPrivateLabel": false,
    "IsBiffe": false,
    "WeightconversionFactor": "0",
    "IsWeightArticle": false,
    "nutriscoreLabel": "B",
    "IsBio": false,
    "CountryOfOrigin": "POLEN",
    "IsExclusivelySoldInLuxembourg": false,
    "OrderUnit": "P",
    "ShortName": "LIPT ROZEB-FRAMBOOS20ST",
    "IsNew": false,
    "EcoscoreLabel": "B",
    "RecentQuanityOfStockUnits": "2,1,12",
    "LongName": "LIPTON rozenbottel framboos infus. 20st",
    "AlcoholVolume": "0",
    "FicCode": "E",
    "EcoscoreValue": "79"
  },
  {
    "productId": "279485",
    "technicalArticleNumber": "3647032",
    "commercialArticleNumber": "41347",
    "name": "groene thee puur natuur",
    "description": "*Groene thee",
    "brand": "TWININGS",
    "seoBrand": "Twinings",
    "thumbNail": "https://static.colruytgroup.com/images/200x200/std.lang.all/80/75/asset-1178075.jpg",
    "fullImage": "https://static.colruytgroup.com/images/500x500/std.lang.all/80/75/asset-1178075.jpg",
    "squareImage": "https://static.colruytgroup.com/images/500x500sq/std.lang.all/80/75/asset-1178075.jpg",
    "content": "25st",
    "walkRouteSequenceNumber": 1244,
    "price": {
      "basicPrice": 5.15,
      "recommendedQuantity": "1.0",
      "measurementUnitPrice": 139.19,
      "measurementUnit": "K",
      "isRedPrice": false,
      "pricePerUOM": 139.19,
      "activationDate": "22-03-2024",
      "recordSource": "Offline",
      "isPromoActive": "N",
      "priceChangeCode": "H"
    },
    "isAvailable": true,
    "isPriceAvailable": true,
    "inPromo": false,
    "gtin": [
      "05055953902463",
      "05055953950716"
    ],
    "topCategoryName": "Dranken",
    "topCategoryId": "354",
    "businessDomain": "RETAIL_BE",
    "IsPrivateLabel": false,
    "IsBiffe": false,
    "WeightconversionFactor": "0",
    "IsWeightArticle": false,
    "nutriscoreLabel": "B",
    "IsBio": false,
    "CountryOfOrigin": "INDIA",
    "IsExclusivelySoldInLuxembourg": false,
    "OrderUnit": "P",
    "ShortName": "TWIN GR.THEE 25B. 37.5G",
    "IsNew": false,
    "EcoscoreLabel": "B",
    "RecentQuanityOfStockUnits": "1,12",
    "LongName": "TWININGS groene thee puur natuur 25st",
    "AlcoholVolume": "0",
    "FicCode": "E",
    "EcoscoreValue": "79"
  },
  {
    "productId": "657387",
    "technicalArticleNumber": "4358792",
    "commercialArticleNumber": "23975",
    "name": "caps Caffè Verona",
    "brand": "STARBUCKS",
    "seoBrand": "Starbucks",
    "thumbNail": "https://static.colruytgroup.com/images/200x200/std.lang.all/71/50/asset-3447150.jpg",
    "fullImage": "https://static.colruytgroup.com/images/500x500/std.lang.all/71/50/asset-3447150.jpg",
    "squareImage": "https://static.colruytgroup.com/images/500x500sq/std.lang.all/71/50/asset-3447150.jpg",
    "content": "10st",
    "walkRouteSequenceNumber": 1040,
    "price": {
      "basicPrice": 4.29,
      "recommendedQuantity": "1.0",
      "quantityPrice": 2.49,
      "quantityPriceQuantity": "4.0",
      "measurementUnitPrice": 78,
      "measurementUnitQuantityPrice": 45.28,
      "measurementUnit": "K",
      "isRedPrice": false,
      "pricePerUOM": 78,
      "activationDate": "23-03-2024",
      "recordSource": "Offline",
      "isPromoActive": "N",
      "priceChangeCode": "E",
      "quantityPricePerUOM": 45.28,
      "quantityActivationDate": "23-03-2024",
      "quantityPriceChangeCode": "E"
    },
    "isAvailable": true,
    "isPriceAvailable": true,
    "inPromo": false,
    "gtin": [
      "07613036958967",
      "07613037048742"
    ],
    "topCategoryName": "Dranken",
    "topCategoryId": "354",
    "businessDomain": "RETAIL_BE",
    "IsPrivateLabel": false,
    "IsBiffe": false,
    "WeightconversionFactor": "0",
    "IsWeightArticle": false,
    "nutriscoreLabel": "B",
    "IsBio": false,
    "CountryOfOrigin": "ZWITSERLAND",
    "IsExclusivelySoldInLuxembourg": false,
    "OrderUnit": "P",
    "ShortName": "STAR CAFFE VERONA 10CAP",
    "IsNew": false,
    "RecentQuanityOfStockUnits": "12,1",
    "LongName": "STARBUCKS caps Caffè Verona 10st",
    "FicCode": "E"
  },
  {
    "productId": "597",
    "technicalArticleNumber": "5657",
    "commercialArticleNumber": "5657",
    "name": "koffieroom cups",
    "description": "*Vetgehalte: 10 %\n*Niet-opklopbaar",
    "brand": "GRAINDOR",
    "seoBrand": "Graindor",
    "thumbNail": "https://static.colruytgroup.com/images/200x200/std.lang.all/26/53/asset-2282653.jpg",
    "fullImage": "https://static.colruytgroup.com/images/500x500/std.lang.all/26/53/asset-2282653.jpg",
    "squareImage": "https://static.colruytgroup.com/images/500x500sq/std.lang.all/26/53/asset-2282653.jpg",
    "content": "240x9,8ml",
    "walkRouteSequenceNumber": 6372,
    "price": {
      "basicPrice": 15.89,
      "recommendedQuantity": "1.0",
      "measurementUnitPrice": 6.76,
      "measurementUnit": "L",
      "isRedPrice": false,
      "pricePerUOM": 6.76,
      "activationDate": "09-01-2024",
      "isPromoActive": "N",
      "priceChangeCode": "H"
    },
    "isAvailable": true,
    "isPriceAvailable": true,
    "inPromo": false,
    "gtin": [
      "05400141035414",
      "05400141252309",
      "05400141354508",
      "05400141819274"
    ],
    "topCategoryName": "Zuivel",
    "topCategoryId": "65",
    "businessDomain": "RETAIL_BE",
    "IsPrivateLabel": true,
    "IsBiffe": false,
    "WeightconversionFactor": "0",
    "IsWeightArticle": false,
    "nutriscoreLabel": "D",
    "IsBio": false,
    "CountryOfOrigin": "BELGIË",
    "IsExclusivelySoldInLuxembourg": false,
    "OrderUnit": "P",
    "ShortName": "HC GRAI K.ROOM240X9.8ML",
    "IsNew": false,
    "EcoscoreLabel": "B",
    "RecentQuanityOfStockUnits": "1",
    "LongName": "GRAINDOR koffieroom cups 240x9,8ml",
    "AlcoholVolume": "0",
    "FicCode": "I",
    "EcoscoreValue": "62"
  },
  {
    "productId": "17221",
    "technicalArticleNumber": "1458095",
    "commercialArticleNumber": "5663",
    "name": "pils 5% blik",
    "description": "*Pilsbier\n*5 % vol",
    "brand": "CRISTAL ALKEN",
    "seoBrand": "Cristal Alken",
    "thumbNail": "https://static.colruytgroup.com/images/200x200/std.lang.all/12/94/asset-2531294.jpg",
    "fullImage": "https://static.colruytgroup.com/images/500x500/std.lang.all/12/94/asset-2531294.jpg",
    "squareImage": "https://static.colruytgroup.com/images/500x500sq/std.lang.all/12/94/asset-2531294.jpg",
    "content": "33cl",
    "walkRouteSequenceNumber": 3829,
    "price": {
      "basicPrice": 1.13,
      "recommendedQuantity": "6.0",
      "measurementUnitPrice": 3.43,
      "measurementUnit": "L",
      "isRedPrice": false,
      "pricePerUOM": 3.43,
      "activationDate": "13-03-2024",
      "recordSource": "Offline",
      "isPromoActive": "Y",
      "priceChangeCode": "E"
    },
    "isAvailable": true,
    "isPriceAvailable": true,
    "inPromo": true,
    "promotion": [
      {
        "techPromoId": "100963COLR",
        "promotionId": "100963",
        "promotionType": "3",
        "isPersonalized": "N",
        "publicationStartDate": "13-03-2024",
        "publicationEndDate": "26-03-2024"
      }
    ],
    "gtin": [
      "05410078235542",
      "05410078235559",
      "05410263924947",
      "05410078235566",
      "05410263925012"
    ],
    "topCategoryName": "Dranken",
    "topCategoryId": "354",
    "businessDomain": "RETAIL_BE",
    "IsPrivateLabel": false,
    "IsBiffe": false,
    "WeightconversionFactor": "0",
    "IsWeightArticle": false,
    "IsBio": false,
    "CountryOfOrigin": "BELGIË",
    "IsExclusivelySoldInLuxembourg": false,
    "OrderUnit": "P",
    "ShortName": "CRIS PILS 5% BLIK 33CL",
    "IsNew": false,
    "EcoscoreLabel": "B",
    "RecentQuanityOfStockUnits": "24,6,1",
    "LongName": "CRISTAL ALKEN pils 5% blik 33cl",
    "AlcoholVolume": "5",
    "FicCode": "E",
    "EcoscoreValue": "69"
  },
  {
    "productId": "451483",
    "technicalArticleNumber": "4024109",
    "commercialArticleNumber": "5268",
    "name": "Plat water glas",
    "description": "*Natuurlijk mineraalwater\n*Niet-bruisend\n*Droogrest: 385 mg/l\n*Geschikt voor babyvoeding",
    "brand": "CHAUDFONTAINE",
    "seoBrand": "Chaudfontaine",
    "thumbNail": "https://static.colruytgroup.com/images/200x200/std.lang.all/27/35/asset-2402735.jpg",
    "fullImage": "https://static.colruytgroup.com/images/500x500/std.lang.all/27/35/asset-2402735.jpg",
    "squareImage": "https://static.colruytgroup.com/images/500x500sq/std.lang.all/27/35/asset-2402735.jpg",
    "content": "6x1L",
    "walkRouteSequenceNumber": 3876,
    "price": {
      "basicPrice": 5.28,
      "recommendedQuantity": "1.0",
      "measurementUnitPrice": 0.88,
      "measurementUnit": "L",
      "isRedPrice": false,
      "pricePerUOM": 0.88,
      "activationDate": "29-02-2024",
      "recordSource": "Online",
      "isPromoActive": "N",
      "priceChangeCode": "E"
    },
    "isAvailable": true,
    "isPriceAvailable": true,
    "inPromo": false,
    "gtin": [
      "05449000127716",
      "05449000113351"
    ],
    "topCategoryName": "Dranken",
    "topCategoryId": "354",
    "businessDomain": "RETAIL_BE",
    "IsPrivateLabel": false,
    "IsBiffe": false,
    "WeightconversionFactor": "0",
    "IsWeightArticle": false,
    "nutriscoreLabel": "A",
    "IsBio": false,
    "CountryOfOrigin": "BELGIË",
    "IsExclusivelySoldInLuxembourg": false,
    "OrderUnit": "P",
    "ShortName": "CHAU PLAT GLAS 6X1L",
    "IsNew": false,
    "RecentQuanityOfStockUnits": "1",
    "LongName": "CHAUDFONTAINE Plat water glas 6x1L",
    "AlcoholVolume": "0",
    "FicCode": "E",
    "DepositValue": [
      3.5
    ]
  },
  {
    "productId": "42662",
    "technicalArticleNumber": "2489454",
    "commercialArticleNumber": "38087",
    "name": "Caractère 12,0%vol",
    "description": "*Amberbier\n*12 % vol",
    "brand": "BUSH",
    "seoBrand": "Bush",
    "thumbNail": "https://static.colruytgroup.com/images/200x200/std.lang.all/90/66/asset-1779066.jpg",
    "fullImage": "https://static.colruytgroup.com/images/500x500/std.lang.all/90/66/asset-1779066.jpg",
    "squareImage": "https://static.colruytgroup.com/images/500x500sq/std.lang.all/90/66/asset-1779066.jpg",
    "content": "6x33cl",
    "walkRouteSequenceNumber": 3772,
    "price": {
      "basicPrice": 11.04,
      "recommendedQuantity": "1.0",
      "quantityPrice": 10.6,
      "quantityPriceQuantity": "3.0",
      "measurementUnitPrice": 5.58,
      "measurementUnitQuantityPrice": 5.36,
      "measurementUnit": "L",
      "isRedPrice": false,
      "pricePerUOM": 5.58,
      "activationDate": "14-03-2024",
      "recordSource": "Folder",
      "isPromoActive": "N",
      "priceChangeCode": "L",
      "quantityPricePerUOM": 5.36,
      "quantityActivationDate": "14-03-2024",
      "quantityPriceChangeCode": "L"
    },
    "isAvailable": true,
    "isPriceAvailable": true,
    "inPromo": true,
    "promotion": [
      {
        "techPromoId": "100950COLR",
        "promotionId": "100950",
        "promotionType": "3",
        "isPersonalized": "N",
        "publicationStartDate": "13-03-2024",
        "publicationEndDate": "26-03-2024"
      }
    ],
    "gtin": [
      "05411551300818",
      "05400141005714"
    ],
    "topCategoryName": "Dranken",
    "topCategoryId": "354",
    "businessDomain": "RETAIL_BE",
    "IsPrivateLabel": false,
    "IsBiffe": false,
    "WeightconversionFactor": "0",
    "IsWeightArticle": false,
    "IsBio": false,
    "CountryOfOrigin": "BELGIË",
    "IsExclusivelySoldInLuxembourg": false,
    "OrderUnit": "P",
    "ShortName": "BUSH CARACTERE 6X33CL",
    "IsNew": false,
    "EcoscoreLabel": "D",
    "RecentQuanityOfStockUnits": "1",
    "LongName": "BUSH Caractère 12,0%vol 6x33cl",
    "AlcoholVolume": "12",
    "FicCode": "E",
    "DepositValue": [
      0.6
    ],
    "EcoscoreValue": "37"
  },
  {
    "productId": "875973",
    "technicalArticleNumber": "4730904",
    "commercialArticleNumber": "32244",
    "name": "Rubus Framboise 7,0%",
    "description": "*Fruitbier\n*Framboos\n*7,0 % vol",
    "brand": "KASTEEL",
    "seoBrand": "Kasteel",
    "thumbNail": "https://static.colruytgroup.com/images/200x200/std.lang.all/54/49/asset-3225449.jpg",
    "fullImage": "https://static.colruytgroup.com/images/500x500/std.lang.all/54/49/asset-3225449.jpg",
    "squareImage": "https://static.colruytgroup.com/images/500x500sq/std.lang.all/54/49/asset-3225449.jpg",
    "content": "6x33cl",
    "walkRouteSequenceNumber": 3813,
    "price": {
      "basicPrice": 9.54,
      "recommendedQuantity": "1.0",
      "measurementUnitPrice": 4.82,
      "measurementUnit": "L",
      "isRedPrice": false,
      "pricePerUOM": 4.82,
      "activationDate": "22-03-2024",
      "recordSource": "Offline",
      "isPromoActive": "N",
      "priceChangeCode": "L"
    },
    "isAvailable": true,
    "isPriceAvailable": true,
    "inPromo": false,
    "gtin": [
      "05400141512496",
      "05411081009854"
    ],
    "topCategoryName": "Dranken",
    "topCategoryId": "354",
    "businessDomain": "RETAIL_BE",
    "IsPrivateLabel": false,
    "IsBiffe": false,
    "WeightconversionFactor": "0",
    "IsWeightArticle": false,
    "IsBio": false,
    "CountryOfOrigin": "BELGIË",
    "IsExclusivelySoldInLuxembourg": false,
    "OrderUnit": "P",
    "ShortName": "KAST RUBUS FRAMB.6X33CL",
    "IsNew": false,
    "EcoscoreLabel": "D",
    "RecentQuanityOfStockUnits": "1",
    "LongName": "KASTEEL Rubus Framboise 7,0% 6x33cl",
    "AlcoholVolume": "7",
    "FicCode": "E",
    "DepositValue": [
      0.6
    ],
    "EcoscoreValue": "37"
  },
  {
    "productId": "778667",
    "technicalArticleNumber": "4572299",
    "commercialArticleNumber": "28543",
    "name": "bruisend Mango-Grapefruit",
    "description": "*Bruisende limonade\n*Smaak: mango\npompelmoes\n*Met suiker en\nzoetstoffen",
    "brand": "SPA FRUIT",
    "seoBrand": "Spa Fruit",
    "thumbNail": "https://static.colruytgroup.com/images/200x200/std.lang.all/83/79/asset-2818379.jpg",
    "fullImage": "https://static.colruytgroup.com/images/500x500/std.lang.all/83/79/asset-2818379.jpg",
    "squareImage": "https://static.colruytgroup.com/images/500x500sq/std.lang.all/83/79/asset-2818379.jpg",
    "content": "25cl",
    "walkRouteSequenceNumber": 4254,
    "price": {
      "basicPrice": 0.81,
      "recommendedQuantity": "4.0",
      "quantityPrice": 0.745,
      "quantityPriceQuantity": "24.0",
      "measurementUnitPrice": 3.24,
      "measurementUnitQuantityPrice": 2.98,
      "measurementUnit": "L",
      "isRedPrice": false,
      "pricePerUOM": 3.24,
      "activationDate": "01-03-2024",
      "recordSource": "Online",
      "isPromoActive": "N",
      "priceChangeCode": "H",
      "quantityPricePerUOM": 2.98,
      "quantityActivationDate": "01-03-2024",
      "quantityPriceChangeCode": "H"
    },
    "isAvailable": true,
    "isPriceAvailable": true,
    "inPromo": false,
    "gtin": [
      "05410013808510",
      "05410013808503",
      "05410013808527"
    ],
    "topCategoryName": "Dranken",
    "topCategoryId": "354",
    "businessDomain": "RETAIL_BE",
    "IsPrivateLabel": false,
    "IsBiffe": false,
    "WeightconversionFactor": "0",
    "IsWeightArticle": false,
    "nutriscoreLabel": "C",
    "IsBio": false,
    "CountryOfOrigin": "BELGIË",
    "IsExclusivelySoldInLuxembourg": false,
    "OrderUnit": "P",
    "ShortName": "SPA FRUI BR.MAN-GRAP25C",
    "IsNew": false,
    "RecentQuanityOfStockUnits": "4,1,24",
    "LongName": "SPA FRUIT bruisend Mango-Grapefruit 25cl",
    "FicCode": "E"
  },
  {
    "productId": "680995",
    "technicalArticleNumber": "4400427",
    "commercialArticleNumber": "24612",
    "name": "0,0% pils blik",
    "description": "*Pilsbier\n*0 % vol",
    "brand": "STELLA ARTOIS",
    "seoBrand": "Stella Artois",
    "thumbNail": "https://static.colruytgroup.com/images/200x200/std.lang.all/65/87/asset-3016587.jpg",
    "fullImage": "https://static.colruytgroup.com/images/500x500/std.lang.all/65/87/asset-3016587.jpg",
    "squareImage": "https://static.colruytgroup.com/images/500x500sq/std.lang.all/65/87/asset-3016587.jpg",
    "content": "33cl",
    "walkRouteSequenceNumber": 3858,
    "price": {
      "basicPrice": 1.16,
      "recommendedQuantity": "6.0",
      "measurementUnitPrice": 3.52,
      "measurementUnit": "L",
      "isRedPrice": false,
      "pricePerUOM": 3.52,
      "activationDate": "26-02-2024",
      "recordSource": "Offline",
      "isPromoActive": "N",
      "priceChangeCode": "E"
    },
    "isAvailable": true,
    "isPriceAvailable": true,
    "inPromo": false,
    "gtin": [
      "05410228277064",
      "05410228277118",
      "05410228277132"
    ],
    "topCategoryName": "Dranken",
    "topCategoryId": "354",
    "businessDomain": "RETAIL_BE",
    "IsPrivateLabel": false,
    "IsBiffe": false,
    "WeightconversionFactor": "0",
    "IsWeightArticle": false,
    "IsBio": false,
    "CountryOfOrigin": "BELGIË",
    "IsExclusivelySoldInLuxembourg": false,
    "OrderUnit": "P",
    "ShortName": "STEL 0.0% PILS BLIK33CL",
    "IsNew": false,
    "RecentQuanityOfStockUnits": "1,6,24",
    "LongName": "STELLA ARTOIS 0,0% pils blik 33cl",
    "FicCode": "E"
  },
  {
    "productId": "59479",
    "technicalArticleNumber": "2179623",
    "commercialArticleNumber": "6226",
    "name": "witbier 4,9%",
    "description": "*Witbier\n*4,9 % vol",
    "brand": "HOEGAARDEN",
    "seoBrand": "Hoegaarden",
    "thumbNail": "https://static.colruytgroup.com/images/200x200/std.lang.all/53/74/asset-2875374.jpg",
    "fullImage": "https://static.colruytgroup.com/images/500x500/std.lang.all/53/74/asset-2875374.jpg",
    "squareImage": "https://static.colruytgroup.com/images/500x500sq/std.lang.all/53/74/asset-2875374.jpg",
    "content": "8x25cl",
    "walkRouteSequenceNumber": 3802,
    "price": {
      "basicPrice": 6.54,
      "recommendedQuantity": "1.0",
      "measurementUnitPrice": 3.27,
      "measurementUnit": "L",
      "isRedPrice": false,
      "pricePerUOM": 3.27,
      "activationDate": "23-03-2024",
      "recordSource": "Offline",
      "isPromoActive": "N",
      "priceChangeCode": "H"
    },
    "isAvailable": true,
    "isPriceAvailable": true,
    "inPromo": false,
    "gtin": [
      "00540014162269",
      "05410228219644",
      "05410228219637"
    ],
    "topCategoryName": "Dranken",
    "topCategoryId": "354",
    "businessDomain": "RETAIL_BE",
    "IsPrivateLabel": false,
    "IsBiffe": false,
    "WeightconversionFactor": "0",
    "IsWeightArticle": false,
    "IsBio": false,
    "CountryOfOrigin": "BELGIË",
    "IsExclusivelySoldInLuxembourg": false,
    "OrderUnit": "P",
    "ShortName": "HOEG WITBIER 8X25CL",
    "IsNew": false,
    "RecentQuanityOfStockUnits": "3,1",
    "LongName": "HOEGAARDEN witbier 4,9% 8x25cl",
    "AlcoholVolume": "4.9",
    "FicCode": "I",
    "DepositValue": [
      0.8
    ]
  },
  {
    "productId": "602579",
    "technicalArticleNumber": "4270071",
    "commercialArticleNumber": "22875",
    "name": "Antioxydant",
    "brand": "INNOCENT SUPER SMOOTHIE",
    "seoBrand": "Innocent Super Smoothie",
    "thumbNail": "https://static.colruytgroup.com/images/200x200/std.lang.all/97/33/asset-2139733.jpg",
    "fullImage": "https://static.colruytgroup.com/images/500x500/std.lang.all/97/33/asset-2139733.jpg",
    "squareImage": "https://static.colruytgroup.com/images/500x500sq/std.lang.all/97/33/asset-2139733.jpg",
    "content": "30cl",
    "walkRouteSequenceNumber": 5031,
    "price": {
      "basicPrice": 2.69,
      "recommendedQuantity": "1.0",
      "quantityPrice": 1.42,
      "quantityPriceQuantity": "2.0",
      "measurementUnitPrice": 8.97,
      "measurementUnitQuantityPrice": 4.74,
      "measurementUnit": "L",
      "isRedPrice": false,
      "pricePerUOM": 8.97,
      "activationDate": "19-03-2024",
      "recordSource": "Offline",
      "isPromoActive": "N",
      "priceChangeCode": "E",
      "quantityPricePerUOM": 4.74,
      "quantityActivationDate": "19-03-2024",
      "quantityPriceChangeCode": "L"
    },
    "isAvailable": true,
    "isPriceAvailable": true,
    "inPromo": false,
    "gtin": [
      "05038862233354",
      "05038862239127"
    ],
    "topCategoryName": "Dranken",
    "topCategoryId": "354",
    "businessDomain": "RETAIL_BE",
    "IsPrivateLabel": false,
    "IsBiffe": false,
    "WeightconversionFactor": "0",
    "IsWeightArticle": false,
    "IsBio": false,
    "CountryOfOrigin": "VERENIGD KONINKRIJK",
    "IsExclusivelySoldInLuxembourg": false,
    "OrderUnit": "P",
    "ShortName": "INNO SUSM ANTIOXYD.30CL",
    "IsNew": false,
    "EcoscoreLabel": "C",
    "RecentQuanityOfStockUnits": "1,8",
    "LongName": "INNOCENT SUPER SMOOTHIE Antioxydant 30cl",
    "FicCode": "E",
    "EcoscoreValue": "53"
  },
  {
    "productId": "330842",
    "technicalArticleNumber": "3808128",
    "commercialArticleNumber": "42147",
    "name": "Reload",
    "brand": "VITAMIN WELL",
    "seoBrand": "Vitamin Well",
    "thumbNail": "https://static.colruytgroup.com/images/200x200/std.lang.all/80/82/asset-2078082.jpg",
    "fullImage": "https://static.colruytgroup.com/images/500x500/std.lang.all/80/82/asset-2078082.jpg",
    "squareImage": "https://static.colruytgroup.com/images/500x500sq/std.lang.all/80/82/asset-2078082.jpg",
    "content": "50cl",
    "walkRouteSequenceNumber": 4718,
    "price": {
      "basicPrice": 1.75,
      "recommendedQuantity": "1.0",
      "measurementUnitPrice": 3.5,
      "measurementUnit": "L",
      "isRedPrice": false,
      "pricePerUOM": 3.5,
      "activationDate": "28-02-2024",
      "recordSource": "Online",
      "isPromoActive": "N",
      "priceChangeCode": "E"
    },
    "isAvailable": true,
    "isPriceAvailable": true,
    "inPromo": false,
    "gtin": [
      "07350042716531",
      "07350042718702",
      "27350042716535",
      "27350042718799"
    ],
    "topCategoryName": "Dranken",
    "topCategoryId": "354",
    "businessDomain": "RETAIL_BE",
    "IsPrivateLabel": false,
    "IsBiffe": false,
    "WeightconversionFactor": "0",
    "IsWeightArticle": false,
    "nutriscoreLabel": "C",
    "IsBio": false,
    "CountryOfOrigin": "ZWEDEN",
    "IsExclusivelySoldInLuxembourg": false,
    "OrderUnit": "P",
    "ShortName": "VIWE RELOAD 50CL",
    "InSeason": true,
    "IsNew": false,
    "RecentQuanityOfStockUnits": "1,12",
    "LongName": "VITAMIN WELL Reload 50cl",
    "AlcoholVolume": "0",
    "StartSeasonDate": "12/12/2018",
    "FicCode": "E"
  },
  {
    "productId": "799244",
    "technicalArticleNumber": "4612479",
    "commercialArticleNumber": "10012",
    "name": "Cappuccino PET",
    "brand": "STARBUCKS",
    "seoBrand": "Starbucks",
    "thumbNail": "https://static.colruytgroup.com/images/200x200/std.lang.all/41/49/asset-2854149.jpg",
    "fullImage": "https://static.colruytgroup.com/images/500x500/std.lang.all/41/49/asset-2854149.jpg",
    "squareImage": "https://static.colruytgroup.com/images/500x500sq/std.lang.all/41/49/asset-2854149.jpg",
    "content": "22cl",
    "walkRouteSequenceNumber": 5979,
    "price": {
      "basicPrice": 2.09,
      "recommendedQuantity": "1.0",
      "measurementUnitPrice": 9.5,
      "measurementUnit": "L",
      "isRedPrice": false,
      "pricePerUOM": 9.5,
      "activationDate": "23-03-2024",
      "recordSource": "Offline",
      "isPromoActive": "N",
      "priceChangeCode": "L"
    },
    "isAvailable": true,
    "isPriceAvailable": true,
    "inPromo": false,
    "gtin": [
      "05711953145476"
    ],
    "topCategoryName": "Zuivel",
    "topCategoryId": "65",
    "businessDomain": "RETAIL_BE",
    "IsPrivateLabel": false,
    "IsBiffe": false,
    "WeightconversionFactor": "0",
    "IsWeightArticle": false,
    "IsBio": false,
    "CountryOfOrigin": "DENEMARKEN",
    "IsExclusivelySoldInLuxembourg": false,
    "OrderUnit": "P",
    "ShortName": "STAR CAPPUCCINO PET22CL",
    "IsNew": false,
    "EcoscoreLabel": "C",
    "RecentQuanityOfStockUnits": "8,1",
    "LongName": "STARBUCKS Cappuccino PET 22cl",
    "FicCode": "E",
    "EcoscoreValue": "57"
  },
  {
    "productId": "18537",
    "technicalArticleNumber": "1654501",
    "commercialArticleNumber": "6290",
    "name": "sojadrink Light",
    "description": "*België\n*Plantaardig\n*Met toegevoegde\nvitamines",
    "brand": "ALPRO",
    "seoBrand": "Alpro",
    "thumbNail": "https://static.colruytgroup.com/images/200x200/std.lang.all/86/41/asset-3368641.jpg",
    "fullImage": "https://static.colruytgroup.com/images/500x500/std.lang.all/86/41/asset-3368641.jpg",
    "squareImage": "https://static.colruytgroup.com/images/500x500sq/std.lang.all/86/41/asset-3368641.jpg",
    "content": "1L",
    "walkRouteSequenceNumber": 6282,
    "price": {
      "basicPrice": 1.99,
      "recommendedQuantity": "6.0",
      "measurementUnitPrice": 1.99,
      "measurementUnit": "L",
      "isRedPrice": false,
      "pricePerUOM": 1.99,
      "activationDate": "18-03-2024",
      "recordSource": "Offline",
      "isPromoActive": "Y",
      "priceChangeCode": "H"
    },
    "isAvailable": true,
    "isPriceAvailable": true,
    "inPromo": true,
    "promotion": [
      {
        "techPromoId": "100834COLR",
        "promotionId": "100834",
        "promotionType": "4",
        "isPersonalized": "N",
        "publicationStartDate": "13-03-2024",
        "publicationEndDate": "26-03-2024"
      }
    ],
    "gtin": [
      "05400141037548",
      "05411188117087",
      "05411188117070",
      "05411188115519",
      "05411188115526"
    ],
    "topCategoryName": "Zuivel",
    "topCategoryId": "65",
    "businessDomain": "RETAIL_BE",
    "IsPrivateLabel": false,
    "IsBiffe": false,
    "WeightconversionFactor": "0",
    "IsWeightArticle": false,
    "nutriscoreLabel": "A",
    "IsBio": false,
    "CountryOfOrigin": "BELGIË",
    "IsExclusivelySoldInLuxembourg": false,
    "OrderUnit": "P",
    "ShortName": "ALPR SOJADRINK LIGHT 1L",
    "IsNew": false,
    "EcoscoreLabel": "A",
    "RecentQuanityOfStockUnits": "12,6,1",
    "LongName": "ALPRO sojadrink Light 1L",
    "AlcoholVolume": "0",
    "FicCode": "E",
    "EcoscoreValue": "83"
  },
  {
    "productId": "1286",
    "technicalArticleNumber": "19041",
    "commercialArticleNumber": "19041",
    "name": "White 19%",
    "description": "*Porto wit\n*Aperitief\n*19,0 % vol",
    "brand": "AMURO",
    "seoBrand": "Porto Amuro",
    "thumbNail": "https://static.colruytgroup.com/images/200x200/std.lang.all/50/28/asset-395028.jpg",
    "fullImage": "https://static.colruytgroup.com/images/500x500/std.lang.all/50/28/asset-395028.jpg",
    "squareImage": "https://static.colruytgroup.com/images/500x500sq/std.lang.all/50/28/asset-395028.jpg",
    "content": "75cl",
    "walkRouteSequenceNumber": 713,
    "price": {
      "basicPrice": 6.79,
      "recommendedQuantity": "1.0",
      "measurementUnitPrice": 9.06,
      "measurementUnit": "L",
      "isRedPrice": false,
      "pricePerUOM": 9.06,
      "activationDate": "17-01-2024",
      "isPromoActive": "N",
      "priceChangeCode": "H"
    },
    "isAvailable": true,
    "isPriceAvailable": true,
    "inPromo": false,
    "gtin": [
      "05400141190410",
      "15601355000169"
    ],
    "topCategoryName": "Dranken",
    "topCategoryId": "354",
    "businessDomain": "RETAIL_BE",
    "IsPrivateLabel": true,
    "IsBiffe": false,
    "WeightconversionFactor": "0",
    "IsWeightArticle": false,
    "IsBio": false,
    "CountryOfOrigin": "PORTUGAL",
    "IsExclusivelySoldInLuxembourg": false,
    "OrderUnit": "P",
    "ShortName": "AMURO PORTO WHITE 75CL",
    "IsNew": false,
    "EcoscoreLabel": "C",
    "RecentQuanityOfStockUnits": "6,1",
    "LongName": "AMURO White 19% 75cl",
    "AlcoholVolume": "19",
    "FicCode": "I",
    "EcoscoreValue": "40"
  },
  {
    "productId": "18537",
    "technicalArticleNumber": "1654501",
    "commercialArticleNumber": "6290",
    "name": "sojadrink Light",
    "description": "*België\n*Plantaardig\n*Met toegevoegde\nvitamines",
    "brand": "ALPRO",
    "seoBrand": "Alpro",
    "thumbNail": "https://static.colruytgroup.com/images/200x200/std.lang.all/86/41/asset-3368641.jpg",
    "fullImage": "https://static.colruytgroup.com/images/500x500/std.lang.all/86/41/asset-3368641.jpg",
    "squareImage": "https://static.colruytgroup.com/images/500x500sq/std.lang.all/86/41/asset-3368641.jpg",
    "content": "1L",
    "walkRouteSequenceNumber": 6282,
    "price": {
      "basicPrice": 1.99,
      "recommendedQuantity": "6.0",
      "measurementUnitPrice": 1.99,
      "measurementUnit": "L",
      "isRedPrice": false,
      "pricePerUOM": 1.99,
      "activationDate": "18-03-2024",
      "recordSource": "Offline",
      "isPromoActive": "Y",
      "priceChangeCode": "H"
    },
    "isAvailable": true,
    "isPriceAvailable": true,
    "inPromo": true,
    "promotion": [
      {
        "techPromoId": "100834COLR",
        "promotionId": "100834",
        "promotionType": "4",
        "isPersonalized": "N",
        "publicationStartDate": "13-03-2024",
        "publicationEndDate": "26-03-2024"
      }
    ],
    "gtin": [
      "05400141037548",
      "05411188117087",
      "05411188117070",
      "05411188115519",
      "05411188115526"
    ],
    "topCategoryName": "Zuivel",
    "topCategoryId": "65",
    "businessDomain": "RETAIL_BE",
    "IsPrivateLabel": false,
    "IsBiffe": false,
    "WeightconversionFactor": "0",
    "IsWeightArticle": false,
    "nutriscoreLabel": "A",
    "IsBio": false,
    "CountryOfOrigin": "BELGIË",
    "IsExclusivelySoldInLuxembourg": false,
    "OrderUnit": "P",
    "ShortName": "ALPR SOJADRINK LIGHT 1L",
    "IsNew": false,
    "EcoscoreLabel": "A",
    "RecentQuanityOfStockUnits": "12,6,1",
    "LongName": "ALPRO sojadrink Light 1L",
    "AlcoholVolume": "0",
    "FicCode": "E",
    "EcoscoreValue": "83"
  },
  {
    "productId": "1746",
    "technicalArticleNumber": "22375",
    "commercialArticleNumber": "22375",
    "name": "koffie Highland bio",
    "description": "*Sterkte: intense\nkoffie\n*Smaak: krachtig,\nzacht\n*Gemalen koffie",
    "brand": "OXFAM FAIRTRADE",
    "seoBrand": "Oxfam Fair Trade",
    "thumbNail": "https://static.colruytgroup.com/images/200x200/std.lang.all/68/21/asset-2706821.jpg",
    "fullImage": "https://static.colruytgroup.com/images/500x500/std.lang.all/68/21/asset-2706821.jpg",
    "squareImage": "https://static.colruytgroup.com/images/500x500sq/std.lang.all/68/21/asset-2706821.jpg",
    "content": "250g",
    "walkRouteSequenceNumber": 1132,
    "price": {
      "basicPrice": 5.15,
      "recommendedQuantity": "1.0",
      "measurementUnitPrice": 20.6,
      "measurementUnit": "K",
      "isRedPrice": false,
      "pricePerUOM": 20.6,
      "activationDate": "18-03-2024",
      "recordSource": "Offline",
      "isPromoActive": "N",
      "priceChangeCode": "H"
    },
    "isAvailable": true,
    "isPriceAvailable": true,
    "inPromo": false,
    "gtin": [
      "05400141037456",
      "05400164120043",
      "05400164220040",
      "05400164220255",
      "05400164222075"
    ],
    "topCategoryName": "Dranken",
    "topCategoryId": "354",
    "businessDomain": "RETAIL_BE",
    "IsPrivateLabel": false,
    "IsBiffe": false,
    "WeightconversionFactor": "0",
    "IsWeightArticle": false,
    "nutriscoreLabel": "B",
    "IsBio": true,
    "CountryOfOrigin": "BELGIË",
    "IsExclusivelySoldInLuxembourg": false,
    "OrderUnit": "P",
    "ShortName": "OXF FT BIO KOFFIE 250GR",
    "IsNew": false,
    "EcoscoreLabel": "B",
    "RecentQuanityOfStockUnits": "1",
    "LongName": "OXFAM FAIRTRADE koffie Highland bio 250g",
    "AlcoholVolume": "0",
    "FicCode": "E",
    "EcoscoreValue": "76"
  },
  {
    "productId": "293123",
    "technicalArticleNumber": "3682028",
    "commercialArticleNumber": "22682",
    "name": "caps Lungo Eleg. 06",
    "description": "*Heel intense koffie\n*Verfijnd, vol aroma\n*Aluminium Caps",
    "brand": "L'OR ESPRESSO",
    "seoBrand": "L'Or Espresso",
    "thumbNail": "https://static.colruytgroup.com/images/200x200/std.lang.all/53/27/asset-1635327.jpg",
    "fullImage": "https://static.colruytgroup.com/images/500x500/std.lang.all/53/27/asset-1635327.jpg",
    "squareImage": "https://static.colruytgroup.com/images/500x500sq/std.lang.all/53/27/asset-1635327.jpg",
    "content": "20st",
    "walkRouteSequenceNumber": 1048,
    "price": {
      "basicPrice": 5.99,
      "recommendedQuantity": "1.0",
      "measurementUnitPrice": 57.6,
      "measurementUnit": "K",
      "isRedPrice": false,
      "pricePerUOM": 57.6,
      "activationDate": "26-02-2024",
      "recordSource": "Offline",
      "isPromoActive": "N",
      "priceChangeCode": "E"
    },
    "isAvailable": true,
    "isPriceAvailable": true,
    "inPromo": false,
    "gtin": [
      "08711000377239",
      "08711000377246",
      "75400141971469"
    ],
    "topCategoryName": "Dranken",
    "topCategoryId": "354",
    "businessDomain": "RETAIL_BE",
    "IsPrivateLabel": false,
    "IsBiffe": false,
    "WeightconversionFactor": "0",
    "IsWeightArticle": false,
    "nutriscoreLabel": "B",
    "IsBio": false,
    "CountryOfOrigin": "FRANKRIJK",
    "IsExclusivelySoldInLuxembourg": false,
    "OrderUnit": "P",
    "ShortName": "L OR LUN ELEGANTE 20CAP",
    "IsNew": false,
    "RecentQuanityOfStockUnits": "1,2",
    "LongName": "L'OR ESPRESSO caps Lungo Eleg. 06 20st",
    "AlcoholVolume": "0",
    "FicCode": "E"
  },
  {
    "productId": "869940",
    "technicalArticleNumber": "4723388",
    "commercialArticleNumber": "20590",
    "name": "No Sugar Gr.Tea Blueb-Lav.",
    "description": "*Ice Tea\n*Niet-bruisend\n*Smaak: blauwe bes,\nlavendel\n*Bevat zoetstoffen",
    "brand": "FUZE TEA",
    "seoBrand": "Fuze Tea",
    "thumbNail": "https://static.colruytgroup.com/images/200x200/std.lang.all/91/37/asset-3209137.jpg",
    "fullImage": "https://static.colruytgroup.com/images/500x500/std.lang.all/91/37/asset-3209137.jpg",
    "squareImage": "https://static.colruytgroup.com/images/500x500sq/std.lang.all/91/37/asset-3209137.jpg",
    "content": "40cl",
    "walkRouteSequenceNumber": 4215,
    "price": {
      "basicPrice": 1.32,
      "recommendedQuantity": "4.0",
      "measurementUnitPrice": 3.3,
      "measurementUnit": "L",
      "isRedPrice": false,
      "pricePerUOM": 3.3,
      "activationDate": "14-03-2024",
      "recordSource": "Offline",
      "isPromoActive": "N",
      "priceChangeCode": "E"
    },
    "isAvailable": true,
    "isPriceAvailable": true,
    "inPromo": false,
    "gtin": [
      "05449000067227",
      "05449000067241",
      "05449000067234"
    ],
    "topCategoryName": "Dranken",
    "topCategoryId": "354",
    "businessDomain": "RETAIL_BE",
    "IsPrivateLabel": false,
    "IsBiffe": false,
    "WeightconversionFactor": "0",
    "IsWeightArticle": false,
    "nutriscoreLabel": "C",
    "IsBio": false,
    "CountryOfOrigin": "LUXEMBURG",
    "IsExclusivelySoldInLuxembourg": false,
    "OrderUnit": "P",
    "ShortName": "FUZE NS BLUEB-LAVEN40CL",
    "IsNew": false,
    "RecentQuanityOfStockUnits": "24,4,1",
    "LongName": "FUZE TEA No Sugar Gr.Tea Blueb-Lav. 40cl",
    "FicCode": "E"
  },
  {
    "productId": "9855",
    "technicalArticleNumber": "1346615",
    "commercialArticleNumber": "22209",
    "name": "Green tea Bright citrus",
    "description": "*Groene thee\n*Citroen",
    "brand": "LIPTON",
    "seoBrand": "Lipton",
    "thumbNail": "https://static.colruytgroup.com/images/200x200/std.lang.all/16/99/asset-1481699.jpg",
    "fullImage": "https://static.colruytgroup.com/images/500x500/std.lang.all/16/99/asset-1481699.jpg",
    "squareImage": "https://static.colruytgroup.com/images/500x500sq/std.lang.all/16/99/asset-1481699.jpg",
    "content": "20st",
    "walkRouteSequenceNumber": 1272,
    "price": {
      "basicPrice": 2.49,
      "recommendedQuantity": "1.0",
      "measurementUnitPrice": 95.77,
      "measurementUnit": "K",
      "isRedPrice": false,
      "pricePerUOM": 95.77,
      "activationDate": "11-03-2024",
      "recordSource": "Offline",
      "isPromoActive": "N",
      "priceChangeCode": "H"
    },
    "isAvailable": true,
    "isPriceAvailable": true,
    "inPromo": false,
    "gtin": [
      "08711327518612",
      "08711327518629",
      "03228881074904",
      "05410033804165",
      "08711200769629"
    ],
    "topCategoryName": "Dranken",
    "topCategoryId": "354",
    "businessDomain": "RETAIL_BE",
    "IsPrivateLabel": false,
    "IsBiffe": false,
    "WeightconversionFactor": "0",
    "IsWeightArticle": false,
    "nutriscoreLabel": "B",
    "IsBio": false,
    "CountryOfOrigin": "POLEN",
    "IsExclusivelySoldInLuxembourg": false,
    "OrderUnit": "P",
    "ShortName": "LIPT GR.TEA CITRUS 20ST",
    "InSeason": true,
    "IsNew": false,
    "EcoscoreLabel": "B",
    "RecentQuanityOfStockUnits": "1,12",
    "LongName": "LIPTON Green tea Bright citrus 20st",
    "AlcoholVolume": "0",
    "StartSeasonDate": "10/07/2008",
    "FicCode": "E",
    "EcoscoreValue": "79"
  },
  {
    "productId": "55789",
    "technicalArticleNumber": "2306947",
    "commercialArticleNumber": "8638",
    "name": "roze pompelmoessap pulp",
    "description": "*Roze pompelmoessap\n*Puur sap\n*100 % vruchten\n*Met pulp",
    "brand": "BONI",
    "seoBrand": "Boni Selection",
    "thumbNail": "https://static.colruytgroup.com/images/200x200/std.lang.all/69/76/asset-1666976.jpg",
    "fullImage": "https://static.colruytgroup.com/images/500x500/std.lang.all/69/76/asset-1666976.jpg",
    "squareImage": "https://static.colruytgroup.com/images/500x500sq/std.lang.all/69/76/asset-1666976.jpg",
    "content": "1L",
    "walkRouteSequenceNumber": 5023,
    "price": {
      "basicPrice": 3.45,
      "recommendedQuantity": "1.0",
      "quantityPrice": 3.31,
      "quantityPriceQuantity": "6.0",
      "measurementUnitPrice": 3.45,
      "measurementUnitQuantityPrice": 3.31,
      "measurementUnit": "L",
      "isRedPrice": false,
      "pricePerUOM": 3.45,
      "activationDate": "15-03-2024",
      "isPromoActive": "N",
      "priceChangeCode": "H",
      "quantityPricePerUOM": 3.31,
      "quantityActivationDate": "15-03-2024",
      "quantityPriceChangeCode": "H"
    },
    "isAvailable": true,
    "isPriceAvailable": true,
    "inPromo": false,
    "gtin": [
      "05400141038408",
      "05400141297317",
      "15400141297314",
      "05400141046373"
    ],
    "topCategoryName": "Dranken",
    "topCategoryId": "354",
    "businessDomain": "RETAIL_BE",
    "IsPrivateLabel": true,
    "IsBiffe": false,
    "WeightconversionFactor": "0",
    "IsWeightArticle": false,
    "nutriscoreLabel": "B",
    "IsBio": false,
    "CountryOfOrigin": "ZUID-AFRIKA",
    "IsExclusivelySoldInLuxembourg": false,
    "OrderUnit": "P",
    "ShortName": "BONI POMPELMOESSAP 1L",
    "IsNew": false,
    "EcoscoreLabel": "E",
    "RecentQuanityOfStockUnits": "1",
    "LongName": "BONI roze pompelmoessap pulp 1L",
    "AlcoholVolume": "0",
    "FicCode": "I",
    "EcoscoreValue": "3"
  },
  {
    "productId": "706607",
    "technicalArticleNumber": "4443603",
    "commercialArticleNumber": "16369",
    "name": "caps Espresso Forti.10 RFA",
    "brand": "GRAINDOR",
    "seoBrand": "Graindor",
    "thumbNail": "https://static.colruytgroup.com/images/200x200/std.lang.all/31/87/asset-2513187.jpg",
    "fullImage": "https://static.colruytgroup.com/images/500x500/std.lang.all/31/87/asset-2513187.jpg",
    "squareImage": "https://static.colruytgroup.com/images/500x500sq/std.lang.all/31/87/asset-2513187.jpg",
    "content": "20st",
    "walkRouteSequenceNumber": 1042,
    "price": {
      "basicPrice": 5.68,
      "recommendedQuantity": "1.0",
      "quantityPrice": 5.23,
      "quantityPriceQuantity": "3.0",
      "measurementUnitPrice": 54.62,
      "measurementUnitQuantityPrice": 50.29,
      "measurementUnit": "K",
      "isRedPrice": false,
      "pricePerUOM": 54.62,
      "activationDate": "15-02-2024",
      "isPromoActive": "N",
      "priceChangeCode": "H",
      "quantityPricePerUOM": 50.29,
      "quantityActivationDate": "15-02-2024",
      "quantityPriceChangeCode": "H"
    },
    "isAvailable": true,
    "isPriceAvailable": true,
    "inPromo": false,
    "gtin": [
      "05400141719536",
      "15400141719533"
    ],
    "topCategoryName": "Dranken",
    "topCategoryId": "354",
    "businessDomain": "RETAIL_BE",
    "IsPrivateLabel": true,
    "IsBiffe": false,
    "WeightconversionFactor": "0",
    "IsWeightArticle": false,
    "nutriscoreLabel": "B",
    "IsBio": false,
    "CountryOfOrigin": "BELGIË",
    "IsExclusivelySoldInLuxembourg": false,
    "OrderUnit": "P",
    "ShortName": "GRDR ESPR.FORTI.RF20CAP",
    "IsNew": false,
    "EcoscoreLabel": "C",
    "RecentQuanityOfStockUnits": "1,6",
    "LongName": "GRAINDOR caps Espresso Forti.10 RFA 20st",
    "AlcoholVolume": "0",
    "FicCode": "I",
    "EcoscoreValue": "59"
  },
  {
    "productId": "1288",
    "technicalArticleNumber": "19044",
    "commercialArticleNumber": "19044",
    "name": "sherry Fino dry",
    "description": "*Sherry\n*Aperitief\n*15,0 % vol",
    "brand": "DOMECQ",
    "seoBrand": "Domecq",
    "thumbNail": "https://static.colruytgroup.com/images/200x200/std.lang.all/44/13/asset-3414413.jpg",
    "fullImage": "https://static.colruytgroup.com/images/500x500/std.lang.all/44/13/asset-3414413.jpg",
    "squareImage": "https://static.colruytgroup.com/images/500x500sq/std.lang.all/44/13/asset-3414413.jpg",
    "content": "75cl",
    "walkRouteSequenceNumber": 707,
    "price": {
      "basicPrice": 6.99,
      "recommendedQuantity": "1.0",
      "measurementUnitPrice": 9.32,
      "measurementUnit": "L",
      "isRedPrice": false,
      "pricePerUOM": 9.32,
      "activationDate": "13-03-2024",
      "recordSource": "Offline",
      "isPromoActive": "N",
      "priceChangeCode": "E"
    },
    "isAvailable": true,
    "isPriceAvailable": true,
    "inPromo": false,
    "gtin": [
      "08410023094108",
      "08410023094726",
      "08410024010534",
      "18410023094105",
      "55410024011188"
    ],
    "topCategoryName": "Dranken",
    "topCategoryId": "354",
    "businessDomain": "RETAIL_BE",
    "IsPrivateLabel": false,
    "IsBiffe": false,
    "WeightconversionFactor": "0",
    "IsWeightArticle": false,
    "IsBio": false,
    "CountryOfOrigin": "SPANJE",
    "IsExclusivelySoldInLuxembourg": false,
    "OrderUnit": "P",
    "ShortName": "DOMECQ FIN DRY SHER 75C",
    "InSeason": true,
    "IsNew": false,
    "EcoscoreLabel": "D",
    "RecentQuanityOfStockUnits": "6,1",
    "LongName": "DOMECQ sherry Fino dry 75cl",
    "AlcoholVolume": "15",
    "StartSeasonDate": "08/06/2017",
    "FicCode": "E",
    "EcoscoreValue": "27"
  },
  {
    "productId": "465049",
    "technicalArticleNumber": "3965256",
    "commercialArticleNumber": "2779",
    "name": "bruine rum 37,5%",
    "description": "*Amber rum\n*Traditionele rum",
    "brand": "EVERYDAY",
    "seoBrand": "Everyday",
    "thumbNail": "https://static.colruytgroup.com/images/200x200/std.lang.all/94/87/asset-1639487.jpg",
    "fullImage": "https://static.colruytgroup.com/images/500x500/std.lang.all/94/87/asset-1639487.jpg",
    "squareImage": "https://static.colruytgroup.com/images/500x500sq/std.lang.all/94/87/asset-1639487.jpg",
    "content": "70cl",
    "walkRouteSequenceNumber": 818,
    "price": {
      "basicPrice": 12.59,
      "recommendedQuantity": "1.0",
      "measurementUnitPrice": 17.99,
      "measurementUnit": "L",
      "isRedPrice": false,
      "pricePerUOM": 17.99,
      "activationDate": "29-12-2023",
      "recordSource": "Offline",
      "isPromoActive": "N",
      "priceChangeCode": "H"
    },
    "isAvailable": true,
    "isPriceAvailable": true,
    "inPromo": false,
    "gtin": [
      "05400141072310",
      "15400141072317"
    ],
    "topCategoryName": "Dranken",
    "topCategoryId": "354",
    "businessDomain": "RETAIL_BE",
    "IsPrivateLabel": true,
    "IsBiffe": false,
    "WeightconversionFactor": "0",
    "IsWeightArticle": false,
    "IsBio": false,
    "CountryOfOrigin": "FRANKRIJK",
    "IsExclusivelySoldInLuxembourg": false,
    "OrderUnit": "P",
    "ShortName": "EVD BRUINE RUM 37.5%",
    "IsNew": false,
    "EcoscoreLabel": "C",
    "RecentQuanityOfStockUnits": "1,6",
    "LongName": "EVERYDAY bruine rum 37,5% 70cl",
    "AlcoholVolume": "37.5",
    "FicCode": "I",
    "EcoscoreValue": "51"
  },
  {
    "productId": "25440",
    "technicalArticleNumber": "1958398",
    "commercialArticleNumber": "19456",
    "name": "agrumsiroop",
    "description": "*Smaak: citrus\n*1/8 siroop -\n7/8 water\n*7 % vruchtensap",
    "brand": "BONI",
    "seoBrand": "Boni Selection",
    "thumbNail": "https://static.colruytgroup.com/images/200x200/std.lang.all/66/20/asset-3026620.jpg",
    "fullImage": "https://static.colruytgroup.com/images/500x500/std.lang.all/66/20/asset-3026620.jpg",
    "squareImage": "https://static.colruytgroup.com/images/500x500sq/std.lang.all/66/20/asset-3026620.jpg",
    "content": "75cl",
    "walkRouteSequenceNumber": 4015,
    "price": {
      "basicPrice": 3.69,
      "recommendedQuantity": "1.0",
      "quantityPrice": 3.54,
      "quantityPriceQuantity": "6.0",
      "measurementUnitPrice": 4.92,
      "measurementUnitQuantityPrice": 4.72,
      "measurementUnit": "L",
      "isRedPrice": false,
      "pricePerUOM": 4.92,
      "activationDate": "12-03-2024",
      "isPromoActive": "N",
      "priceChangeCode": "E",
      "quantityPricePerUOM": 4.72,
      "quantityActivationDate": "12-03-2024",
      "quantityPriceChangeCode": "H"
    },
    "isAvailable": true,
    "isPriceAvailable": true,
    "inPromo": false,
    "gtin": [
      "15400141796435",
      "15400141290780",
      "05400141393156",
      "05400141074086",
      "05400141796438",
      "15400141819899"
    ],
    "topCategoryName": "Dranken",
    "topCategoryId": "354",
    "businessDomain": "RETAIL_BE",
    "IsPrivateLabel": true,
    "IsBiffe": false,
    "WeightconversionFactor": "0",
    "IsWeightArticle": false,
    "nutriscoreLabel": "E",
    "IsBio": false,
    "CountryOfOrigin": "FRANKRIJK",
    "IsExclusivelySoldInLuxembourg": false,
    "OrderUnit": "P",
    "ShortName": "BONI AGRUMESSIROOP 75CL",
    "IsNew": false,
    "EcoscoreLabel": "A",
    "RecentQuanityOfStockUnits": "6,1",
    "LongName": "BONI agrumsiroop 75cl",
    "AlcoholVolume": "0",
    "FicCode": "I",
    "EcoscoreValue": "99"
  },
  {
    "productId": "858991",
    "technicalArticleNumber": "4709291",
    "commercialArticleNumber": "31756",
    "name": "plantaardig haverdrink",
    "description": "*Plantaardig",
    "brand": "CAMPINA",
    "seoBrand": "Campina",
    "thumbNail": "https://static.colruytgroup.com/images/200x200/std.lang.all/47/11/asset-3194711.jpg",
    "fullImage": "https://static.colruytgroup.com/images/500x500/std.lang.all/47/11/asset-3194711.jpg",
    "squareImage": "https://static.colruytgroup.com/images/500x500sq/std.lang.all/47/11/asset-3194711.jpg",
    "content": "1L",
    "walkRouteSequenceNumber": 6262,
    "price": {
      "basicPrice": 2.49,
      "recommendedQuantity": "1.0",
      "measurementUnitPrice": 2.49,
      "measurementUnit": "L",
      "isRedPrice": false,
      "pricePerUOM": 2.49,
      "activationDate": "13-03-2024",
      "isPromoActive": "Y",
      "priceChangeCode": "E"
    },
    "isAvailable": true,
    "isPriceAvailable": true,
    "inPromo": true,
    "promotion": [
      {
        "techPromoId": "100836COLR",
        "promotionId": "100836",
        "promotionType": "4",
        "isPersonalized": "N",
        "publicationStartDate": "13-03-2024",
        "publicationEndDate": "26-03-2024"
      }
    ],
    "gtin": [
      "05410438045767",
      "05410438045774"
    ],
    "topCategoryName": "Zuivel",
    "topCategoryId": "65",
    "businessDomain": "RETAIL_BE",
    "IsPrivateLabel": false,
    "IsBiffe": false,
    "WeightconversionFactor": "0",
    "IsWeightArticle": false,
    "nutriscoreLabel": "A",
    "IsBio": false,
    "CountryOfOrigin": "PORTUGAL",
    "IsExclusivelySoldInLuxembourg": false,
    "OrderUnit": "P",
    "ShortName": "CAMP PLANTAARDI.HAVER1L",
    "IsNew": false,
    "EcoscoreLabel": "C",
    "RecentQuanityOfStockUnits": "6,1",
    "LongName": "CAMPINA plantaardig haverdrink 1L",
    "AlcoholVolume": "0",
    "FicCode": "E",
    "EcoscoreValue": "52"
  },
  {
    "productId": "93424",
    "technicalArticleNumber": "2868831",
    "commercialArticleNumber": "2554",
    "name": "Limoncello 28%",
    "description": "*Likeur\n*Digestief\n*28,0 % vol",
    "brand": "CAMINITI GIUSEPPE",
    "seoBrand": "Caminiti Giuseppe",
    "thumbNail": "https://static.colruytgroup.com/images/200x200/std.lang.all/38/39/asset-363839.jpg",
    "fullImage": "https://static.colruytgroup.com/images/500x500/std.lang.all/38/39/asset-363839.jpg",
    "squareImage": "https://static.colruytgroup.com/images/500x500sq/std.lang.all/38/39/asset-363839.jpg",
    "content": "70cl",
    "walkRouteSequenceNumber": 938,
    "price": {
      "basicPrice": 13.79,
      "recommendedQuantity": "1.0",
      "measurementUnitPrice": 19.7,
      "measurementUnit": "L",
      "isRedPrice": false,
      "pricePerUOM": 19.7,
      "activationDate": "16-01-2024",
      "recordSource": "Offline",
      "isPromoActive": "N",
      "priceChangeCode": "H"
    },
    "isAvailable": true,
    "isPriceAvailable": true,
    "inPromo": false,
    "gtin": [
      "08000296002681",
      "08000296002698",
      "05430000760041",
      "05430000760034"
    ],
    "topCategoryName": "Dranken",
    "topCategoryId": "354",
    "businessDomain": "RETAIL_BE",
    "IsPrivateLabel": false,
    "IsBiffe": false,
    "WeightconversionFactor": "0",
    "IsWeightArticle": false,
    "IsBio": false,
    "CountryOfOrigin": "ITALIË",
    "IsExclusivelySoldInLuxembourg": false,
    "OrderUnit": "P",
    "ShortName": "CAGI LIMONCELLO 28%70CL",
    "IsNew": false,
    "RecentQuanityOfStockUnits": "1,6",
    "LongName": "CAMINITI GIUSEPPE Limoncello 28% 70cl",
    "AlcoholVolume": "28",
    "FicCode": "E"
  },
  {
    "productId": "17755",
    "technicalArticleNumber": "1761495",
    "commercialArticleNumber": "22256",
    "name": "Mint infusion",
    "description": "*Thee-infusie\n*Munt",
    "brand": "LIPTON",
    "seoBrand": "Lipton",
    "thumbNail": "https://static.colruytgroup.com/images/200x200/std.lang.all/17/01/asset-1481701.jpg",
    "fullImage": "https://static.colruytgroup.com/images/500x500/std.lang.all/17/01/asset-1481701.jpg",
    "squareImage": "https://static.colruytgroup.com/images/500x500sq/std.lang.all/17/01/asset-1481701.jpg",
    "content": "20st",
    "walkRouteSequenceNumber": 1265,
    "price": {
      "basicPrice": 3.19,
      "recommendedQuantity": "1.0",
      "measurementUnitPrice": 145,
      "measurementUnit": "K",
      "isRedPrice": false,
      "pricePerUOM": 145,
      "activationDate": "06-03-2024",
      "recordSource": "Offline",
      "isPromoActive": "N",
      "priceChangeCode": "L"
    },
    "isAvailable": true,
    "isPriceAvailable": true,
    "inPromo": false,
    "gtin": [
      "08722700089131",
      "08722700701477",
      "08711327514942",
      "08711327515048"
    ],
    "topCategoryName": "Dranken",
    "topCategoryId": "354",
    "businessDomain": "RETAIL_BE",
    "IsPrivateLabel": false,
    "IsBiffe": false,
    "WeightconversionFactor": "0",
    "IsWeightArticle": false,
    "nutriscoreLabel": "B",
    "IsBio": false,
    "CountryOfOrigin": "POLEN",
    "IsExclusivelySoldInLuxembourg": false,
    "OrderUnit": "P",
    "ShortName": "LIPTON PYRAMID MUNT20ST",
    "IsNew": false,
    "EcoscoreLabel": "B",
    "RecentQuanityOfStockUnits": "12,1",
    "LongName": "LIPTON Mint infusion 20st",
    "AlcoholVolume": "0",
    "FicCode": "E",
    "EcoscoreValue": "79"
  },
  {
    "productId": "10464",
    "technicalArticleNumber": "1129423",
    "commercialArticleNumber": "5024",
    "name": "abdijbier blond 7,0%vol",
    "description": "*Abdijbier\n*7 % vol\n*Nagisting op fles",
    "brand": "POSTEL",
    "seoBrand": "Postel",
    "thumbNail": "https://static.colruytgroup.com/images/200x200/std.lang.all/89/99/asset-2198999.jpg",
    "fullImage": "https://static.colruytgroup.com/images/500x500/std.lang.all/89/99/asset-2198999.jpg",
    "squareImage": "https://static.colruytgroup.com/images/500x500sq/std.lang.all/89/99/asset-2198999.jpg",
    "content": "6x33cl",
    "walkRouteSequenceNumber": 3612,
    "price": {
      "basicPrice": 5.79,
      "recommendedQuantity": "1.0",
      "measurementUnitPrice": 2.93,
      "measurementUnit": "L",
      "isRedPrice": false,
      "pricePerUOM": 2.93,
      "activationDate": "29-11-2023",
      "recordSource": "Online",
      "isPromoActive": "N",
      "priceChangeCode": "E"
    },
    "isAvailable": true,
    "isPriceAvailable": true,
    "inPromo": true,
    "promotion": [
      {
        "techPromoId": "100951COLR",
        "promotionId": "100951",
        "promotionType": "3",
        "isPersonalized": "N",
        "publicationStartDate": "13-03-2024",
        "publicationEndDate": "26-03-2024"
      }
    ],
    "gtin": [
      "05411098700034",
      "05400141050240",
      "05411098724030"
    ],
    "topCategoryName": "Dranken",
    "topCategoryId": "354",
    "businessDomain": "RETAIL_BE",
    "IsPrivateLabel": false,
    "IsBiffe": false,
    "WeightconversionFactor": "0",
    "IsWeightArticle": false,
    "IsBio": false,
    "CountryOfOrigin": "BELGIË",
    "IsExclusivelySoldInLuxembourg": false,
    "OrderUnit": "P",
    "ShortName": "POSTEL BLOND 6X33CL",
    "IsNew": false,
    "RecentQuanityOfStockUnits": "1",
    "LongName": "POSTEL abdijbier blond 7,0%vol 6x33cl",
    "AlcoholVolume": "7",
    "FicCode": "I",
    "DepositValue": [
      0.6
    ]
  },
  {
    "productId": "873279",
    "technicalArticleNumber": "4727752",
    "commercialArticleNumber": "25897",
    "name": "Koffie gemalen moka RFA",
    "description": "*Gemalen koffie\n*Moka",
    "brand": "BONI",
    "seoBrand": "Boni Selection",
    "thumbNail": "https://static.colruytgroup.com/images/200x200/std.lang.all/91/69/asset-3329169.jpg",
    "fullImage": "https://static.colruytgroup.com/images/500x500/std.lang.all/91/69/asset-3329169.jpg",
    "squareImage": "https://static.colruytgroup.com/images/500x500sq/std.lang.all/91/69/asset-3329169.jpg",
    "content": "500g",
    "walkRouteSequenceNumber": 1135,
    "price": {
      "basicPrice": 3.73,
      "recommendedQuantity": "1.0",
      "measurementUnitPrice": 7.46,
      "measurementUnit": "K",
      "isRedPrice": false,
      "pricePerUOM": 7.46,
      "activationDate": "20-03-2024",
      "recordSource": "Folder",
      "isPromoActive": "N",
      "priceChangeCode": "L"
    },
    "isAvailable": true,
    "isPriceAvailable": true,
    "inPromo": false,
    "gtin": [
      "05400141929072",
      "15400141929079"
    ],
    "topCategoryName": "Dranken",
    "topCategoryId": "354",
    "businessDomain": "RETAIL_BE",
    "IsPrivateLabel": true,
    "IsBiffe": false,
    "WeightconversionFactor": "0",
    "IsWeightArticle": false,
    "nutriscoreLabel": "B",
    "IsBio": false,
    "CountryOfOrigin": "BELGIË",
    "IsExclusivelySoldInLuxembourg": false,
    "OrderUnit": "P",
    "ShortName": "BONI GEMALEN MOKA 500G",
    "IsNew": false,
    "EcoscoreLabel": "C",
    "RecentQuanityOfStockUnits": "12,1",
    "LongName": "BONI Koffie gemalen moka RFA 500g",
    "AlcoholVolume": "0",
    "FicCode": "I",
    "EcoscoreValue": "50"
  },
  {
    "productId": "453930",
    "technicalArticleNumber": "4017970",
    "commercialArticleNumber": "5074",
    "name": "Sinaas",
    "description": "* fruitsap\nsinaas/appel",
    "brand": "BONI",
    "seoBrand": "Boni Selection",
    "thumbNail": "https://static.colruytgroup.com/images/200x200/std.lang.all/91/36/asset-1809136.jpg",
    "fullImage": "https://static.colruytgroup.com/images/500x500/std.lang.all/91/36/asset-1809136.jpg",
    "squareImage": "https://static.colruytgroup.com/images/500x500sq/std.lang.all/91/36/asset-1809136.jpg",
    "content": "1,5L",
    "walkRouteSequenceNumber": 4063,
    "price": {
      "basicPrice": 1.39,
      "recommendedQuantity": "6.0",
      "quantityPrice": 1.33,
      "quantityPriceQuantity": "18.0",
      "measurementUnitPrice": 0.93,
      "measurementUnitQuantityPrice": 0.89,
      "measurementUnit": "L",
      "isRedPrice": false,
      "pricePerUOM": 0.93,
      "activationDate": "17-11-2023",
      "isPromoActive": "N",
      "priceChangeCode": "E",
      "quantityPricePerUOM": 0.89,
      "quantityActivationDate": "17-11-2023",
      "quantityPriceChangeCode": "E"
    },
    "isAvailable": true,
    "isPriceAvailable": true,
    "inPromo": false,
    "gtin": [
      "05400141237641",
      "15400141237648"
    ],
    "topCategoryName": "Dranken",
    "topCategoryId": "354",
    "businessDomain": "RETAIL_BE",
    "IsPrivateLabel": true,
    "IsBiffe": false,
    "WeightconversionFactor": "0",
    "IsWeightArticle": false,
    "nutriscoreLabel": "D",
    "IsBio": false,
    "CountryOfOrigin": "FRANKRIJK",
    "IsExclusivelySoldInLuxembourg": false,
    "OrderUnit": "P",
    "ShortName": "BONI SINAAS 1.5L",
    "IsNew": false,
    "RecentQuanityOfStockUnits": "1,6",
    "LongName": "BONI Sinaas 1,5L",
    "FicCode": "I"
  },
  {
    "productId": "28678",
    "technicalArticleNumber": "1981700",
    "commercialArticleNumber": "19682",
    "name": "limoensap glas",
    "description": "*Smaak: limoen\n*Sap van 8 limoenen",
    "brand": "REALIME",
    "seoBrand": "Realime",
    "thumbNail": "https://static.colruytgroup.com/images/200x200/std.lang.all/20/81/asset-2782081.jpg",
    "fullImage": "https://static.colruytgroup.com/images/500x500/std.lang.all/20/81/asset-2782081.jpg",
    "squareImage": "https://static.colruytgroup.com/images/500x500sq/std.lang.all/20/81/asset-2782081.jpg",
    "content": "25cl",
    "walkRouteSequenceNumber": 4031,
    "price": {
      "basicPrice": 1.99,
      "recommendedQuantity": "1.0",
      "quantityPrice": 1.83,
      "quantityPriceQuantity": "12.0",
      "measurementUnitPrice": 7.96,
      "measurementUnitQuantityPrice": 7.32,
      "measurementUnit": "L",
      "isRedPrice": false,
      "pricePerUOM": 7.96,
      "activationDate": "17-01-2024",
      "isPromoActive": "N",
      "priceChangeCode": "E",
      "quantityPricePerUOM": 7.32,
      "quantityActivationDate": "17-01-2024",
      "quantityPriceChangeCode": "H"
    },
    "isAvailable": true,
    "isPriceAvailable": true,
    "inPromo": false,
    "gtin": [
      "05410233747002",
      "05410233740003"
    ],
    "topCategoryName": "Dranken",
    "topCategoryId": "354",
    "businessDomain": "RETAIL_BE",
    "IsPrivateLabel": false,
    "IsBiffe": false,
    "WeightconversionFactor": "0",
    "IsWeightArticle": false,
    "nutriscoreLabel": "A",
    "IsBio": false,
    "CountryOfOrigin": "BELGIË",
    "IsExclusivelySoldInLuxembourg": false,
    "OrderUnit": "P",
    "ShortName": "REALIME LIMOENSAP 25CL",
    "IsNew": false,
    "EcoscoreLabel": "D",
    "RecentQuanityOfStockUnits": "1",
    "LongName": "REALIME limoensap glas 25cl",
    "AlcoholVolume": "0",
    "FicCode": "E",
    "EcoscoreValue": "23"
  },
  {
    "productId": "1875",
    "technicalArticleNumber": "26281",
    "commercialArticleNumber": "26281",
    "name": "Karnemelk gesuikerd",
    "brand": "BALADE",
    "seoBrand": "Balade",
    "thumbNail": "https://static.colruytgroup.com/images/200x200/nl_be/64/48/asset-3226448.jpg",
    "fullImage": "https://static.colruytgroup.com/images/500x500/nl_be/64/48/asset-3226448.jpg",
    "squareImage": "https://static.colruytgroup.com/images/500x500sq/nl_be/64/48/asset-3226448.jpg",
    "content": "1L",
    "walkRouteSequenceNumber": 5740,
    "price": {
      "basicPrice": 3.29,
      "recommendedQuantity": "1.0",
      "quantityPrice": 2.63,
      "quantityPriceQuantity": "2.0",
      "measurementUnitPrice": 3.29,
      "measurementUnitQuantityPrice": 2.63,
      "measurementUnit": "L",
      "isRedPrice": false,
      "pricePerUOM": 3.29,
      "activationDate": "14-03-2024",
      "recordSource": "Offline",
      "isPromoActive": "N",
      "priceChangeCode": "E",
      "quantityPricePerUOM": 2.63,
      "quantityActivationDate": "14-03-2024",
      "quantityPriceChangeCode": "E"
    },
    "isAvailable": true,
    "isPriceAvailable": true,
    "inPromo": false,
    "gtin": [
      "05411396039881",
      "05411156009673",
      "05411156009703",
      "05411396039874"
    ],
    "topCategoryName": "Zuivel",
    "topCategoryId": "65",
    "businessDomain": "RETAIL_BE",
    "IsPrivateLabel": false,
    "IsBiffe": false,
    "WeightconversionFactor": "0",
    "IsWeightArticle": false,
    "nutriscoreLabel": "D",
    "IsBio": false,
    "CountryOfOrigin": "LUXEMBURG",
    "IsExclusivelySoldInLuxembourg": false,
    "OrderUnit": "P",
    "ShortName": "BALA KARNEMELK SUIKER1L",
    "IsNew": false,
    "RecentQuanityOfStockUnits": "1,8",
    "LongName": "BALADE Karnemelk gesuikerd 1L",
    "AlcoholVolume": "0",
    "FicCode": "E"
  },
  {
    "productId": "596933",
    "technicalArticleNumber": "4259177",
    "commercialArticleNumber": "22821",
    "name": "tonic Premium Indian",
    "description": "*Bruisend\n*Bevat kinine\n*Neutrale tonic",
    "brand": "FEVER-TREE",
    "seoBrand": "Fever-Tree",
    "thumbNail": "https://static.colruytgroup.com/images/200x200/std.lang.all/12/73/asset-2091273.jpg",
    "fullImage": "https://static.colruytgroup.com/images/500x500/std.lang.all/12/73/asset-2091273.jpg",
    "squareImage": "https://static.colruytgroup.com/images/500x500sq/std.lang.all/12/73/asset-2091273.jpg",
    "content": "50cl",
    "walkRouteSequenceNumber": 760,
    "price": {
      "basicPrice": 2.89,
      "recommendedQuantity": "1.0",
      "measurementUnitPrice": 5.78,
      "measurementUnit": "L",
      "isRedPrice": false,
      "pricePerUOM": 5.78,
      "activationDate": "02-01-2024",
      "recordSource": "Offline",
      "isPromoActive": "N",
      "priceChangeCode": "E"
    },
    "isAvailable": true,
    "isPriceAvailable": true,
    "inPromo": false,
    "gtin": [
      "05060108450263",
      "05060108450270"
    ],
    "topCategoryName": "Dranken",
    "topCategoryId": "354",
    "businessDomain": "RETAIL_BE",
    "IsPrivateLabel": false,
    "IsBiffe": false,
    "WeightconversionFactor": "0",
    "IsWeightArticle": false,
    "nutriscoreLabel": "E",
    "IsBio": false,
    "CountryOfOrigin": "VERENIGD KONINKRIJK",
    "IsExclusivelySoldInLuxembourg": false,
    "OrderUnit": "P",
    "ShortName": "FEVT PR.INDIA.TONIC50CL",
    "IsNew": false,
    "RecentQuanityOfStockUnits": "8,1",
    "LongName": "FEVER-TREE tonic Premium Indian 50cl",
    "FicCode": "E"
  },
  {
    "productId": "692306",
    "technicalArticleNumber": "4419801",
    "commercialArticleNumber": "25640",
    "name": "Ice Tea Mango-Passionfr. PET",
    "description": "*Ice tea\n*Zwarte theesmaak\n*Non-sparkling\n*Ijs thee\n*Soft drink",
    "brand": "LIPTON",
    "seoBrand": "Lipton",
    "thumbNail": "https://static.colruytgroup.com/images/200x200/std.lang.all/30/89/asset-2413089.jpg",
    "fullImage": "https://static.colruytgroup.com/images/500x500/std.lang.all/30/89/asset-2413089.jpg",
    "squareImage": "https://static.colruytgroup.com/images/500x500sq/std.lang.all/30/89/asset-2413089.jpg",
    "content": "33cl",
    "walkRouteSequenceNumber": 4212,
    "price": {
      "basicPrice": 1.17,
      "recommendedQuantity": "4.0",
      "quantityPrice": 1.12,
      "quantityPriceQuantity": "24.0",
      "measurementUnitPrice": 3.55,
      "measurementUnitQuantityPrice": 3.4,
      "measurementUnit": "L",
      "isRedPrice": false,
      "pricePerUOM": 3.55,
      "activationDate": "20-03-2024",
      "recordSource": "Offline",
      "isPromoActive": "N",
      "priceChangeCode": "L",
      "quantityPricePerUOM": 3.4,
      "quantityActivationDate": "20-03-2024",
      "quantityPriceChangeCode": "L"
    },
    "isAvailable": true,
    "isPriceAvailable": true,
    "inPromo": false,
    "gtin": [
      "08711327505322",
      "08711327505339",
      "08711327505490"
    ],
    "topCategoryName": "Dranken",
    "topCategoryId": "354",
    "businessDomain": "RETAIL_BE",
    "IsPrivateLabel": false,
    "IsBiffe": false,
    "WeightconversionFactor": "0",
    "IsWeightArticle": false,
    "nutriscoreLabel": "D",
    "IsBio": false,
    "CountryOfOrigin": "BELGIË",
    "IsExclusivelySoldInLuxembourg": false,
    "OrderUnit": "P",
    "ShortName": "LIPT IT MAN-PASS.PET33C",
    "IsNew": false,
    "RecentQuanityOfStockUnits": "4,1,24",
    "LongName": "LIPTON Ice Tea Mango-Passionfr. PET 33cl",
    "FicCode": "E"
  },
  {
    "productId": "778661",
    "technicalArticleNumber": "4572293",
    "commercialArticleNumber": "28541",
    "name": "bruisend Lemon-Cactus",
    "description": "*Bruisende limonade\n*Smaak: citroen\ncactus\n*Met suiker en\nzoetstoffen",
    "brand": "SPA FRUIT",
    "seoBrand": "Spa Fruit",
    "thumbNail": "https://static.colruytgroup.com/images/200x200/std.lang.all/83/78/asset-2818378.jpg",
    "fullImage": "https://static.colruytgroup.com/images/500x500/std.lang.all/83/78/asset-2818378.jpg",
    "squareImage": "https://static.colruytgroup.com/images/500x500sq/std.lang.all/83/78/asset-2818378.jpg",
    "content": "25cl",
    "walkRouteSequenceNumber": 4253,
    "price": {
      "basicPrice": 0.81,
      "recommendedQuantity": "4.0",
      "quantityPrice": 0.745,
      "quantityPriceQuantity": "24.0",
      "measurementUnitPrice": 3.24,
      "measurementUnitQuantityPrice": 2.98,
      "measurementUnit": "L",
      "isRedPrice": false,
      "pricePerUOM": 3.24,
      "activationDate": "19-03-2024",
      "recordSource": "Online",
      "isPromoActive": "N",
      "priceChangeCode": "E",
      "quantityPricePerUOM": 2.98,
      "quantityActivationDate": "19-03-2024",
      "quantityPriceChangeCode": "E"
    },
    "isAvailable": true,
    "isPriceAvailable": true,
    "inPromo": false,
    "gtin": [
      "05410013813521",
      "05410013813507",
      "05410013813514"
    ],
    "topCategoryName": "Dranken",
    "topCategoryId": "354",
    "businessDomain": "RETAIL_BE",
    "IsPrivateLabel": false,
    "IsBiffe": false,
    "WeightconversionFactor": "0",
    "IsWeightArticle": false,
    "nutriscoreLabel": "C",
    "IsBio": false,
    "CountryOfOrigin": "BELGIË",
    "IsExclusivelySoldInLuxembourg": false,
    "OrderUnit": "P",
    "ShortName": "SPA FRUI BR.LEM-CACT25C",
    "IsNew": false,
    "RecentQuanityOfStockUnits": "1,4,24",
    "LongName": "SPA FRUIT bruisend Lemon-Cactus 25cl",
    "FicCode": "E"
  },
  {
    "productId": "467596",
    "technicalArticleNumber": "4066769",
    "commercialArticleNumber": "1627",
    "name": "Wild Berries",
    "description": "*Bruisende limonade\n*Smaak: wilde bessen\n*Met suiker en zoetstoffen",
    "brand": "SCHWEPPES",
    "seoBrand": "Schweppes",
    "thumbNail": "https://static.colruytgroup.com/images/200x200/std.lang.all/25/46/asset-3412546.jpg",
    "fullImage": "https://static.colruytgroup.com/images/500x500/std.lang.all/25/46/asset-3412546.jpg",
    "squareImage": "https://static.colruytgroup.com/images/500x500sq/std.lang.all/25/46/asset-3412546.jpg",
    "content": "33cl",
    "walkRouteSequenceNumber": 4240,
    "price": {
      "basicPrice": 0.831,
      "recommendedQuantity": "6.0",
      "measurementUnitPrice": 2.53,
      "measurementUnit": "L",
      "isRedPrice": false,
      "pricePerUOM": 2.53,
      "activationDate": "22-03-2024",
      "recordSource": "Offline",
      "isPromoActive": "N",
      "priceChangeCode": "L"
    },
    "isAvailable": true,
    "isPriceAvailable": true,
    "inPromo": false,
    "gtin": [
      "05410221107214",
      "05410221205514",
      "05410221306754"
    ],
    "topCategoryName": "Dranken",
    "topCategoryId": "354",
    "businessDomain": "RETAIL_BE",
    "IsPrivateLabel": false,
    "IsBiffe": false,
    "WeightconversionFactor": "0",
    "IsWeightArticle": false,
    "nutriscoreLabel": "E",
    "IsBio": false,
    "CountryOfOrigin": "FRANKRIJK",
    "IsExclusivelySoldInLuxembourg": false,
    "OrderUnit": "P",
    "ShortName": "SCHW WILD BERRIES 33CL",
    "IsNew": false,
    "RecentQuanityOfStockUnits": "24,6,1",
    "LongName": "SCHWEPPES Wild Berries 33cl",
    "FicCode": "E"
  },
  {
    "productId": "699762",
    "technicalArticleNumber": "4431538",
    "commercialArticleNumber": "12052",
    "name": "multivruchten PET",
    "description": "*Limonade\n*Niet bruisend\n*Smaak:\nmultivruchten",
    "brand": "OASIS MINI",
    "seoBrand": "Oasis Mini",
    "thumbNail": "https://static.colruytgroup.com/images/200x200/nl_be/01/68/asset-3270168.jpg",
    "fullImage": "https://static.colruytgroup.com/images/500x500/nl_be/01/68/asset-3270168.jpg",
    "squareImage": "https://static.colruytgroup.com/images/500x500sq/nl_be/01/68/asset-3270168.jpg",
    "content": "25cl",
    "walkRouteSequenceNumber": 4821,
    "price": {
      "basicPrice": 0.965,
      "recommendedQuantity": "6.0",
      "measurementUnitPrice": 3.86,
      "measurementUnit": "L",
      "isRedPrice": false,
      "pricePerUOM": 3.86,
      "activationDate": "20-03-2024",
      "recordSource": "Offline",
      "isPromoActive": "N",
      "priceChangeCode": "H"
    },
    "isAvailable": true,
    "isPriceAvailable": true,
    "inPromo": false,
    "gtin": [
      "03124480186225",
      "05410221107443",
      "05410221205675"
    ],
    "topCategoryName": "Dranken",
    "topCategoryId": "354",
    "businessDomain": "RETAIL_BE",
    "IsPrivateLabel": false,
    "IsBiffe": false,
    "WeightconversionFactor": "0",
    "IsWeightArticle": false,
    "nutriscoreLabel": "D",
    "IsBio": false,
    "CountryOfOrigin": "FRANKRIJK",
    "IsExclusivelySoldInLuxembourg": false,
    "OrderUnit": "P",
    "ShortName": "OASI MINI MULTIV.PET25C",
    "IsNew": false,
    "RecentQuanityOfStockUnits": "1,6,24",
    "LongName": "OASIS MINI multivruchten PET 25cl",
    "FicCode": "E"
  },
  {
    "productId": "786066",
    "technicalArticleNumber": "4587104",
    "commercialArticleNumber": "17668",
    "name": "Classic",
    "description": "*Energiedrank\n*Taurine/Cafeïne",
    "brand": "HELL",
    "seoBrand": "Hell",
    "thumbNail": "https://static.colruytgroup.com/images/200x200/std.lang.all/02/09/asset-2770209.jpg",
    "fullImage": "https://static.colruytgroup.com/images/500x500/std.lang.all/02/09/asset-2770209.jpg",
    "squareImage": "https://static.colruytgroup.com/images/500x500sq/std.lang.all/02/09/asset-2770209.jpg",
    "content": "25cl",
    "walkRouteSequenceNumber": 4674,
    "price": {
      "basicPrice": 0.79,
      "recommendedQuantity": "1.0",
      "quantityPrice": 0.73,
      "quantityPriceQuantity": "24.0",
      "measurementUnitPrice": 3.16,
      "measurementUnitQuantityPrice": 2.92,
      "measurementUnit": "L",
      "isRedPrice": false,
      "pricePerUOM": 3.16,
      "activationDate": "14-02-2024",
      "isPromoActive": "N",
      "priceChangeCode": "E",
      "quantityPricePerUOM": 2.92,
      "quantityActivationDate": "14-02-2024",
      "quantityPriceChangeCode": "E"
    },
    "isAvailable": true,
    "isPriceAvailable": true,
    "inPromo": false,
    "gtin": [
      "08720938269011",
      "05999884034469",
      "05999884034414",
      "05430001776065"
    ],
    "topCategoryName": "Dranken",
    "topCategoryId": "354",
    "businessDomain": "RETAIL_BE",
    "IsPrivateLabel": false,
    "IsBiffe": false,
    "WeightconversionFactor": "0",
    "IsWeightArticle": false,
    "nutriscoreLabel": "E",
    "IsBio": false,
    "CountryOfOrigin": "HONGARIJE",
    "IsExclusivelySoldInLuxembourg": false,
    "OrderUnit": "P",
    "ShortName": "HELL CLASSIC 25CL",
    "IsNew": false,
    "RecentQuanityOfStockUnits": "24,1",
    "LongName": "HELL Classic 25cl",
    "FicCode": "E"
  },
  {
    "productId": "334554",
    "technicalArticleNumber": "3805633",
    "commercialArticleNumber": "14396",
    "name": "Choco Quick RFA",
    "brand": "EVERYDAY",
    "seoBrand": "Everyday",
    "thumbNail": "https://static.colruytgroup.com/images/200x200/std.lang.all/99/55/asset-1619955.jpg",
    "fullImage": "https://static.colruytgroup.com/images/500x500/std.lang.all/99/55/asset-1619955.jpg",
    "squareImage": "https://static.colruytgroup.com/images/500x500sq/std.lang.all/99/55/asset-1619955.jpg",
    "content": "800g",
    "walkRouteSequenceNumber": 1283,
    "price": {
      "basicPrice": 2.75,
      "recommendedQuantity": "1.0",
      "measurementUnitPrice": 3.44,
      "measurementUnit": "K",
      "isRedPrice": false,
      "pricePerUOM": 3.44,
      "activationDate": "17-02-2024",
      "recordSource": "Offline",
      "isPromoActive": "N",
      "priceChangeCode": "E"
    },
    "isAvailable": true,
    "isPriceAvailable": true,
    "inPromo": false,
    "gtin": [
      "05400141108170",
      "15400141108177"
    ],
    "topCategoryName": "Dranken",
    "topCategoryId": "354",
    "businessDomain": "RETAIL_BE",
    "IsPrivateLabel": true,
    "IsBiffe": false,
    "WeightconversionFactor": "0",
    "IsWeightArticle": false,
    "IsBio": false,
    "CountryOfOrigin": "KROATIË",
    "IsExclusivelySoldInLuxembourg": false,
    "OrderUnit": "P",
    "ShortName": "EVD CHOCO QUICK RFA800G",
    "IsNew": false,
    "EcoscoreLabel": "C",
    "RecentQuanityOfStockUnits": "1,10",
    "LongName": "EVERYDAY Choco Quick RFA 800g",
    "AlcoholVolume": "0",
    "FicCode": "I",
    "EcoscoreValue": "57"
  },
  {
    "productId": "838259",
    "technicalArticleNumber": "4681095",
    "commercialArticleNumber": "30458",
    "name": "Mom.gran.app-zwa.bes",
    "description": "*Bruisende limonade\n*Granaatappel en\nzwarte bes",
    "brand": "SAN PELLEGRINO",
    "seoBrand": "San Pellegrino",
    "thumbNail": "https://static.colruytgroup.com/images/200x200/nl_be/55/76/asset-3205576.jpg",
    "fullImage": "https://static.colruytgroup.com/images/500x500/nl_be/55/76/asset-3205576.jpg",
    "squareImage": "https://static.colruytgroup.com/images/500x500sq/nl_be/55/76/asset-3205576.jpg",
    "content": "33cl",
    "walkRouteSequenceNumber": 4256,
    "price": {
      "basicPrice": 0.881,
      "recommendedQuantity": "6.0",
      "measurementUnitPrice": 2.68,
      "measurementUnit": "L",
      "isRedPrice": false,
      "pricePerUOM": 2.68,
      "activationDate": "28-02-2024",
      "recordSource": "Offline",
      "isPromoActive": "N",
      "priceChangeCode": "E"
    },
    "isAvailable": true,
    "isPriceAvailable": true,
    "inPromo": false,
    "gtin": [
      "08002270686672",
      "08002270686665",
      "08002270676673"
    ],
    "topCategoryName": "Dranken",
    "topCategoryId": "354",
    "businessDomain": "RETAIL_BE",
    "IsPrivateLabel": false,
    "IsBiffe": false,
    "WeightconversionFactor": "0",
    "IsWeightArticle": false,
    "nutriscoreLabel": "C",
    "IsBio": false,
    "CountryOfOrigin": "ITALIË",
    "IsExclusivelySoldInLuxembourg": false,
    "OrderUnit": "P",
    "ShortName": "SANP MOM.GRA-ZW.BES33CL",
    "IsNew": false,
    "RecentQuanityOfStockUnits": "1,6,24",
    "LongName": "SAN PELLEGRINO Mom.gran.app-zwa.bes 33cl",
    "FicCode": "E"
  },
  {
    "productId": "686311",
    "technicalArticleNumber": "4409787",
    "commercialArticleNumber": "24925",
    "name": "Lemon-Ginger-Cardam. glas",
    "description": "*Bruisende limonade\n*Smaak: limoen,\ngember, kardemom\n*Zonder bewaar-\nmiddelen",
    "brand": "RITCHIE",
    "seoBrand": "Ritchie",
    "thumbNail": "https://static.colruytgroup.com/images/200x200/std.lang.all/45/33/asset-2384533.jpg",
    "fullImage": "https://static.colruytgroup.com/images/500x500/std.lang.all/45/33/asset-2384533.jpg",
    "squareImage": "https://static.colruytgroup.com/images/500x500sq/std.lang.all/45/33/asset-2384533.jpg",
    "content": "27,5cl",
    "walkRouteSequenceNumber": 4310,
    "price": {
      "basicPrice": 1.5,
      "recommendedQuantity": "4.0",
      "measurementUnitPrice": 5.46,
      "measurementUnit": "L",
      "isRedPrice": false,
      "pricePerUOM": 5.46,
      "activationDate": "09-08-2023",
      "recordSource": "Online",
      "isPromoActive": "N",
      "priceChangeCode": "H"
    },
    "isAvailable": true,
    "isPriceAvailable": true,
    "inPromo": false,
    "gtin": [
      "05430002241173",
      "05430002241197",
      "05430002241180"
    ],
    "topCategoryName": "Dranken",
    "topCategoryId": "354",
    "businessDomain": "RETAIL_BE",
    "IsPrivateLabel": false,
    "IsBiffe": false,
    "WeightconversionFactor": "0",
    "IsWeightArticle": false,
    "nutriscoreLabel": "D",
    "IsBio": false,
    "CountryOfOrigin": "BELGIË",
    "IsExclusivelySoldInLuxembourg": false,
    "OrderUnit": "P",
    "ShortName": "RITC L-G-CA.GL27.5C",
    "InSeason": true,
    "IsNew": false,
    "RecentQuanityOfStockUnits": "1,4",
    "LongName": "RITCHIE Lemon-Ginger-Cardam. glas 27,5cl",
    "StartSeasonDate": "25/10/2021",
    "FicCode": "E"
  },
  {
    "productId": "516446",
    "technicalArticleNumber": "4097667",
    "commercialArticleNumber": "8365",
    "name": "Indian tonic",
    "description": "*Bruisend\n*Bevat kinine\n*Neutrale tonic",
    "brand": "SCHWEPPES",
    "seoBrand": "Schweppes",
    "thumbNail": "https://static.colruytgroup.com/images/200x200/std.lang.all/29/29/asset-3232929.jpg",
    "fullImage": "https://static.colruytgroup.com/images/500x500/std.lang.all/29/29/asset-3232929.jpg",
    "squareImage": "https://static.colruytgroup.com/images/500x500sq/std.lang.all/29/29/asset-3232929.jpg",
    "content": "15cl",
    "walkRouteSequenceNumber": 762,
    "price": {
      "basicPrice": 0.865,
      "recommendedQuantity": "12.0",
      "quantityPrice": 0.796,
      "quantityPriceQuantity": "48.0",
      "measurementUnitPrice": 5.77,
      "measurementUnitQuantityPrice": 5.31,
      "measurementUnit": "L",
      "isRedPrice": false,
      "pricePerUOM": 5.77,
      "activationDate": "13-01-2024",
      "recordSource": "Offline",
      "isPromoActive": "N",
      "priceChangeCode": "H",
      "quantityPricePerUOM": 5.31,
      "quantityActivationDate": "13-01-2024",
      "quantityPriceChangeCode": "H"
    },
    "isAvailable": true,
    "isPriceAvailable": true,
    "inPromo": false,
    "gtin": [
      "03124480159113",
      "03124480159090",
      "03124488159092"
    ],
    "topCategoryName": "Dranken",
    "topCategoryId": "354",
    "businessDomain": "RETAIL_BE",
    "IsPrivateLabel": false,
    "IsBiffe": false,
    "WeightconversionFactor": "0",
    "IsWeightArticle": false,
    "nutriscoreLabel": "E",
    "IsBio": false,
    "CountryOfOrigin": "FRANKRIJK",
    "IsExclusivelySoldInLuxembourg": false,
    "OrderUnit": "P",
    "ShortName": "SCHW INDIAN TONIC 15CL",
    "IsNew": false,
    "RecentQuanityOfStockUnits": "24,1,12",
    "LongName": "SCHWEPPES Indian tonic 15cl",
    "FicCode": "E"
  },
  {
    "productId": "388",
    "technicalArticleNumber": "5307",
    "commercialArticleNumber": "5307",
    "name": "Finest Gold 10,0%vol blik",
    "description": "*Engels bier\n*10 % vol",
    "brand": "GORDON",
    "seoBrand": "Gordon Finest Gold",
    "thumbNail": "https://static.colruytgroup.com/images/200x200/std.lang.all/36/46/asset-1483646.jpg",
    "fullImage": "https://static.colruytgroup.com/images/500x500/std.lang.all/36/46/asset-1483646.jpg",
    "squareImage": "https://static.colruytgroup.com/images/500x500sq/std.lang.all/36/46/asset-1483646.jpg",
    "content": "33cl",
    "walkRouteSequenceNumber": 3743,
    "price": {
      "basicPrice": 1.78,
      "recommendedQuantity": "6.0",
      "measurementUnitPrice": 5.4,
      "measurementUnit": "L",
      "isRedPrice": false,
      "pricePerUOM": 5.4,
      "activationDate": "30-01-2024",
      "recordSource": "Offline",
      "isPromoActive": "N",
      "priceChangeCode": "H"
    },
    "isAvailable": true,
    "isPriceAvailable": true,
    "inPromo": false,
    "gtin": [
      "05410218404647",
      "05415118012633",
      "00000054004269",
      "05410218003826",
      "05410218404630"
    ],
    "topCategoryName": "Dranken",
    "topCategoryId": "354",
    "businessDomain": "RETAIL_BE",
    "IsPrivateLabel": false,
    "IsBiffe": false,
    "WeightconversionFactor": "0",
    "IsWeightArticle": false,
    "IsBio": false,
    "CountryOfOrigin": "BELGIË",
    "IsExclusivelySoldInLuxembourg": false,
    "OrderUnit": "P",
    "ShortName": "GORD FINESTGOLD BLIK 33",
    "IsNew": false,
    "EcoscoreLabel": "D",
    "RecentQuanityOfStockUnits": "24,6,1",
    "LongName": "GORDON Finest Gold 10,0%vol blik 33cl",
    "AlcoholVolume": "10",
    "FicCode": "E",
    "EcoscoreValue": "37"
  },
  {
    "productId": "611510",
    "technicalArticleNumber": "4285114",
    "commercialArticleNumber": "11786",
    "name": "appel-zwarte bes-framboos",
    "description": "*Limonade\n*Niet-bruisend",
    "brand": "OASIS",
    "seoBrand": "Oasis",
    "thumbNail": "https://static.colruytgroup.com/images/200x200/std.lang.all/55/33/asset-3335533.jpg",
    "fullImage": "https://static.colruytgroup.com/images/500x500/std.lang.all/55/33/asset-3335533.jpg",
    "squareImage": "https://static.colruytgroup.com/images/500x500sq/std.lang.all/55/33/asset-3335533.jpg",
    "content": "2L",
    "walkRouteSequenceNumber": 4823,
    "price": {
      "basicPrice": 2.54,
      "recommendedQuantity": "6.0",
      "measurementUnitPrice": 1.27,
      "measurementUnit": "L",
      "isRedPrice": false,
      "pricePerUOM": 1.27,
      "activationDate": "19-03-2024",
      "recordSource": "Folder",
      "isPromoActive": "Y",
      "priceChangeCode": "L"
    },
    "isAvailable": true,
    "isPriceAvailable": true,
    "inPromo": true,
    "promotion": [
      {
        "techPromoId": "100906COLR",
        "promotionId": "100906",
        "promotionType": "3",
        "isPersonalized": "N",
        "publicationStartDate": "13-03-2024",
        "publicationEndDate": "26-03-2024"
      }
    ],
    "gtin": [
      "03124488193973",
      "03124482009713",
      "03124480204127"
    ],
    "topCategoryName": "Dranken",
    "topCategoryId": "354",
    "businessDomain": "RETAIL_BE",
    "IsPrivateLabel": false,
    "IsBiffe": false,
    "WeightconversionFactor": "0",
    "IsWeightArticle": false,
    "nutriscoreLabel": "D",
    "IsBio": false,
    "CountryOfOrigin": "FRANKRIJK",
    "IsExclusivelySoldInLuxembourg": false,
    "OrderUnit": "P",
    "ShortName": "OASI APP-ZW.BES-FRAMB2L",
    "IsNew": false,
    "RecentQuanityOfStockUnits": "6,1",
    "LongName": "OASIS appel-zwarte bes-framboos 2L",
    "FicCode": "E"
  },
  {
    "productId": "416",
    "technicalArticleNumber": "5077",
    "commercialArticleNumber": "5077",
    "name": "abdijbier blond 6,6% bak",
    "description": "*Abdijbier\n*6,6 % vol",
    "brand": "LEFFE",
    "seoBrand": "Leffe",
    "thumbNail": "https://static.colruytgroup.com/images/200x200/std.lang.all/59/78/asset-3225978.jpg",
    "fullImage": "https://static.colruytgroup.com/images/500x500/std.lang.all/59/78/asset-3225978.jpg",
    "squareImage": "https://static.colruytgroup.com/images/500x500sq/std.lang.all/59/78/asset-3225978.jpg",
    "content": "24x33cl",
    "walkRouteSequenceNumber": 3960,
    "price": {
      "basicPrice": 27.99,
      "recommendedQuantity": "1.0",
      "measurementUnitPrice": 3.54,
      "measurementUnit": "L",
      "isRedPrice": false,
      "pricePerUOM": 3.54,
      "activationDate": "16-03-2024",
      "recordSource": "Offline",
      "isPromoActive": "N",
      "priceChangeCode": "H"
    },
    "isAvailable": true,
    "isPriceAvailable": true,
    "inPromo": false,
    "gtin": [
      "05410228142218",
      "05410228208358",
      "05410228853299"
    ],
    "topCategoryName": "Dranken",
    "topCategoryId": "354",
    "businessDomain": "RETAIL_BE",
    "IsPrivateLabel": false,
    "IsBiffe": false,
    "WeightconversionFactor": "0",
    "IsWeightArticle": false,
    "IsBio": false,
    "CountryOfOrigin": "BELGIË",
    "IsExclusivelySoldInLuxembourg": false,
    "OrderUnit": "P",
    "ShortName": "LEFFE BLOND 24X33CL",
    "IsNew": false,
    "RecentQuanityOfStockUnits": "1,1",
    "LongName": "LEFFE abdijbier blond 6,6% bak 24x33cl",
    "AlcoholVolume": "6.6",
    "FicCode": "I",
    "DepositValue": [
      4.5
    ]
  },
  {
    "productId": "302831",
    "technicalArticleNumber": "3729772",
    "commercialArticleNumber": "16660",
    "name": "Iso-Lemon",
    "description": "*Sportdrank",
    "brand": "AA DRINK",
    "seoBrand": "AA DRINK",
    "thumbNail": "https://static.colruytgroup.com/images/200x200/std.lang.all/89/49/asset-2148949.jpg",
    "fullImage": "https://static.colruytgroup.com/images/500x500/std.lang.all/89/49/asset-2148949.jpg",
    "squareImage": "https://static.colruytgroup.com/images/500x500sq/std.lang.all/89/49/asset-2148949.jpg",
    "content": "50cl",
    "walkRouteSequenceNumber": 4720,
    "price": {
      "basicPrice": 0.99,
      "recommendedQuantity": "6.0",
      "measurementUnitPrice": 1.98,
      "measurementUnit": "L",
      "isRedPrice": false,
      "pricePerUOM": 1.98,
      "activationDate": "17-01-2024",
      "recordSource": "Offline",
      "isPromoActive": "N",
      "priceChangeCode": "L"
    },
    "isAvailable": true,
    "isPriceAvailable": true,
    "inPromo": false,
    "gtin": [
      "08722200954762",
      "00000087222395",
      "08722200950436"
    ],
    "topCategoryName": "Dranken",
    "topCategoryId": "354",
    "businessDomain": "RETAIL_BE",
    "IsPrivateLabel": false,
    "IsBiffe": false,
    "WeightconversionFactor": "0",
    "IsWeightArticle": false,
    "nutriscoreLabel": "D",
    "IsBio": false,
    "CountryOfOrigin": "NEDERLAND",
    "IsExclusivelySoldInLuxembourg": false,
    "OrderUnit": "P",
    "ShortName": "AA DR.ISO LEMON 50CL",
    "InSeason": true,
    "IsNew": false,
    "RecentQuanityOfStockUnits": "6,1,12",
    "LongName": "AA DRINK Iso-Lemon 50cl",
    "AlcoholVolume": "0",
    "StartSeasonDate": "14/11/2018",
    "FicCode": "E"
  },
  {
    "productId": "773870",
    "technicalArticleNumber": "4562981",
    "commercialArticleNumber": "28506",
    "name": "Pink G&T Mocktail",
    "description": "*Aperitief\n*Alcoholvrij",
    "brand": "SIR JAMES 101",
    "seoBrand": "Sir James 101",
    "thumbNail": "https://static.colruytgroup.com/images/200x200/std.lang.all/77/48/asset-2987748.jpg",
    "fullImage": "https://static.colruytgroup.com/images/500x500/std.lang.all/77/48/asset-2987748.jpg",
    "squareImage": "https://static.colruytgroup.com/images/500x500sq/std.lang.all/77/48/asset-2987748.jpg",
    "content": "25cl",
    "walkRouteSequenceNumber": 625,
    "price": {
      "basicPrice": 2.29,
      "recommendedQuantity": "1.0",
      "measurementUnitPrice": 9.16,
      "measurementUnit": "L",
      "isRedPrice": false,
      "pricePerUOM": 9.16,
      "activationDate": "22-02-2024",
      "recordSource": "Offline",
      "isPromoActive": "N",
      "priceChangeCode": "E"
    },
    "isAvailable": true,
    "isPriceAvailable": true,
    "inPromo": false,
    "gtin": [
      "08719327468418",
      "18719327468415"
    ],
    "topCategoryName": "Dranken",
    "topCategoryId": "354",
    "businessDomain": "RETAIL_BE",
    "IsPrivateLabel": false,
    "IsBiffe": false,
    "WeightconversionFactor": "0",
    "IsWeightArticle": false,
    "nutriscoreLabel": "E",
    "IsBio": false,
    "CountryOfOrigin": "NEDERLAND",
    "IsExclusivelySoldInLuxembourg": false,
    "OrderUnit": "P",
    "ShortName": "SJ101 PINK G&T 0% 25CL",
    "IsNew": false,
    "RecentQuanityOfStockUnits": "1,12",
    "LongName": "SIR JAMES 101 Pink G&T Mocktail 25cl",
    "FicCode": "E"
  },
  {
    "productId": "604460",
    "technicalArticleNumber": "4273682",
    "commercialArticleNumber": "23030",
    "name": "Ice Tea Zero Green",
    "description": "*Ice tea\n*Groene theesmaak\n*Non-sparkling\n*Ijs thee\n*Soft drink",
    "brand": "LIPTON",
    "seoBrand": "Lipton Green Zero",
    "thumbNail": "https://static.colruytgroup.com/images/200x200/std.lang.all/93/68/asset-2099368.jpg",
    "fullImage": "https://static.colruytgroup.com/images/500x500/std.lang.all/93/68/asset-2099368.jpg",
    "squareImage": "https://static.colruytgroup.com/images/500x500sq/std.lang.all/93/68/asset-2099368.jpg",
    "content": "50cl",
    "walkRouteSequenceNumber": 4203,
    "price": {
      "basicPrice": 0.99,
      "recommendedQuantity": "6.0",
      "measurementUnitPrice": 1.98,
      "measurementUnit": "L",
      "isRedPrice": false,
      "pricePerUOM": 1.98,
      "activationDate": "23-03-2024",
      "recordSource": "Folder",
      "isPromoActive": "N",
      "priceChangeCode": "E"
    },
    "isAvailable": true,
    "isPriceAvailable": true,
    "inPromo": false,
    "gtin": [
      "08710604788366",
      "08710604788403",
      "08710604788571",
      "08711327548831",
      "08711327548879"
    ],
    "topCategoryName": "Dranken",
    "topCategoryId": "354",
    "businessDomain": "RETAIL_BE",
    "IsPrivateLabel": false,
    "IsBiffe": false,
    "WeightconversionFactor": "0",
    "IsWeightArticle": false,
    "nutriscoreLabel": "C",
    "IsBio": false,
    "CountryOfOrigin": "NEDERLAND",
    "IsExclusivelySoldInLuxembourg": false,
    "OrderUnit": "P",
    "ShortName": "LIPT ICE TEA Z.GREEN50C",
    "IsNew": false,
    "RecentQuanityOfStockUnits": "6,1,24",
    "LongName": "LIPTON Ice Tea Zero Green 50cl",
    "FicCode": "E"
  },
  {
    "productId": "706530",
    "technicalArticleNumber": "4443514",
    "commercialArticleNumber": "14622",
    "name": "caps Lungo Moka 8 RFA",
    "brand": "GRAINDOR",
    "seoBrand": "Graindor",
    "thumbNail": "https://static.colruytgroup.com/images/200x200/std.lang.all/31/34/asset-2513134.jpg",
    "fullImage": "https://static.colruytgroup.com/images/500x500/std.lang.all/31/34/asset-2513134.jpg",
    "squareImage": "https://static.colruytgroup.com/images/500x500sq/std.lang.all/31/34/asset-2513134.jpg",
    "content": "20st",
    "walkRouteSequenceNumber": 1044,
    "price": {
      "basicPrice": 4.79,
      "recommendedQuantity": "1.0",
      "measurementUnitPrice": 46.06,
      "measurementUnit": "K",
      "isRedPrice": false,
      "pricePerUOM": 46.06,
      "activationDate": "13-03-2024",
      "isPromoActive": "N",
      "priceChangeCode": "E"
    },
    "isAvailable": true,
    "isPriceAvailable": true,
    "inPromo": false,
    "gtin": [
      "05400141715170",
      "15400141715177"
    ],
    "topCategoryName": "Dranken",
    "topCategoryId": "354",
    "businessDomain": "RETAIL_BE",
    "IsPrivateLabel": true,
    "IsBiffe": false,
    "WeightconversionFactor": "0",
    "IsWeightArticle": false,
    "nutriscoreLabel": "B",
    "IsBio": false,
    "CountryOfOrigin": "BELGIË",
    "IsExclusivelySoldInLuxembourg": false,
    "OrderUnit": "P",
    "ShortName": "GRDR MOKA RF 20 CAP",
    "IsNew": false,
    "EcoscoreLabel": "C",
    "RecentQuanityOfStockUnits": "6,1",
    "LongName": "GRAINDOR caps Lungo Moka 8 RFA 20st",
    "AlcoholVolume": "0",
    "FicCode": "I",
    "EcoscoreValue": "50"
  },
  {
    "productId": "879030",
    "technicalArticleNumber": "4735255",
    "commercialArticleNumber": "19874",
    "name": "Perzik",
    "description": "*Limonade\n*Niet-bruisend\n*Perzik\n*Met suiker en\nzoetstoffen",
    "brand": "CRISTALINE",
    "seoBrand": "Cristaline",
    "thumbNail": "https://ecgproductmw.colruytgroup.com/ecgproductmw/noPicForArticle_2.jpg",
    "fullImage": "https://ecgproductmw.colruytgroup.com/ecgproductmw/noPicForArticle_5.jpg",
    "squareImage": "https://ecgproductmw.colruytgroup.com/ecgproductmw/noPicForArticle_5.jpg",
    "content": "50cl",
    "walkRouteSequenceNumber": 4053,
    "price": {
      "basicPrice": 0.998,
      "recommendedQuantity": "6.0",
      "quantityPrice": 0.917,
      "quantityPriceQuantity": "24.0",
      "measurementUnitPrice": 2,
      "measurementUnitQuantityPrice": 1.84,
      "measurementUnit": "L",
      "isRedPrice": false,
      "pricePerUOM": 2,
      "activationDate": "09-03-2024",
      "recordSource": "Offline",
      "isPromoActive": "N",
      "priceChangeCode": "H",
      "quantityPricePerUOM": 1.84,
      "quantityActivationDate": "09-03-2024",
      "quantityPriceChangeCode": "H"
    },
    "isAvailable": true,
    "isPriceAvailable": true,
    "inPromo": false,
    "gtin": [
      "03254384048357",
      "03254381048350",
      "03254382048359"
    ],
    "topCategoryName": "Dranken",
    "topCategoryId": "354",
    "businessDomain": "RETAIL_BE",
    "IsPrivateLabel": false,
    "IsBiffe": false,
    "WeightconversionFactor": "0",
    "IsWeightArticle": false,
    "nutriscoreLabel": "C",
    "IsBio": false,
    "CountryOfOrigin": "FRANKRIJK",
    "IsExclusivelySoldInLuxembourg": false,
    "OrderUnit": "P",
    "ShortName": "CRIS PERZIK 50CL",
    "IsNew": false,
    "RecentQuanityOfStockUnits": "1,6,24",
    "LongName": "CRISTALINE Perzik 50cl",
    "FicCode": "E"
  },
  {
    "productId": "600847",
    "technicalArticleNumber": "4266925",
    "commercialArticleNumber": "18679",
    "name": "caps Latte Mac.",
    "description": "*Latte Macchiato\n*3 lagen genot\n*Royale schuimlage\n*16 Capsules (8+8)",
    "brand": "NESCAFÉ DOLCE GUSTO",
    "seoBrand": "Nescafé Dolce Gusto",
    "thumbNail": "https://static.colruytgroup.com/images/200x200/std.lang.all/60/28/asset-2096028.jpg",
    "fullImage": "https://static.colruytgroup.com/images/500x500/std.lang.all/60/28/asset-2096028.jpg",
    "squareImage": "https://static.colruytgroup.com/images/500x500sq/std.lang.all/60/28/asset-2096028.jpg",
    "content": "16st",
    "walkRouteSequenceNumber": 1068,
    "price": {
      "basicPrice": 4.49,
      "recommendedQuantity": "1.0",
      "quantityPrice": 3.32,
      "quantityPriceQuantity": "2.0",
      "measurementUnitPrice": 24.54,
      "measurementUnitQuantityPrice": 18.15,
      "measurementUnit": "K",
      "isRedPrice": false,
      "pricePerUOM": 24.54,
      "activationDate": "19-03-2024",
      "recordSource": "Offline",
      "isPromoActive": "N",
      "priceChangeCode": "E",
      "quantityPricePerUOM": 18.15,
      "quantityActivationDate": "19-03-2024",
      "quantityPriceChangeCode": "L"
    },
    "isAvailable": true,
    "isPriceAvailable": true,
    "inPromo": false,
    "gtin": [
      "07613037524970",
      "07613037491173"
    ],
    "topCategoryName": "Dranken",
    "topCategoryId": "354",
    "businessDomain": "RETAIL_BE",
    "IsPrivateLabel": false,
    "IsBiffe": false,
    "WeightconversionFactor": "0",
    "IsWeightArticle": false,
    "nutriscoreLabel": "B",
    "IsBio": false,
    "CountryOfOrigin": "VERENIGD KONINKRIJK",
    "IsExclusivelySoldInLuxembourg": false,
    "OrderUnit": "P",
    "ShortName": "NESC D.G.LAT.MACCH16CUP",
    "IsNew": false,
    "RecentQuanityOfStockUnits": "6,1",
    "LongName": "NESCAFÉ DOLCE GUSTO caps Latte Mac. 16st",
    "FicCode": "E"
  },
  {
    "productId": "849779",
    "technicalArticleNumber": "4697129",
    "commercialArticleNumber": "30815",
    "name": "Spritz Alcohol Free",
    "description": "*Aperitief\n*Alcoholvrij",
    "brand": "SIR JAMES 101",
    "seoBrand": "Sir James 101",
    "thumbNail": "https://static.colruytgroup.com/images/200x200/std.lang.all/92/16/asset-3029216.jpg",
    "fullImage": "https://static.colruytgroup.com/images/500x500/std.lang.all/92/16/asset-3029216.jpg",
    "squareImage": "https://static.colruytgroup.com/images/500x500sq/std.lang.all/92/16/asset-3029216.jpg",
    "content": "25cl",
    "walkRouteSequenceNumber": 622,
    "price": {
      "basicPrice": 2.29,
      "recommendedQuantity": "1.0",
      "quantityPrice": 2.11,
      "quantityPriceQuantity": "12.0",
      "measurementUnitPrice": 9.16,
      "measurementUnitQuantityPrice": 8.44,
      "measurementUnit": "L",
      "isRedPrice": false,
      "pricePerUOM": 9.16,
      "activationDate": "17-02-2024",
      "recordSource": "Offline",
      "isPromoActive": "N",
      "priceChangeCode": "H",
      "quantityPricePerUOM": 8.44,
      "quantityActivationDate": "17-02-2024",
      "quantityPriceChangeCode": "H"
    },
    "isAvailable": true,
    "isPriceAvailable": true,
    "inPromo": false,
    "gtin": [
      "18717953274776",
      "08717953274779"
    ],
    "topCategoryName": "Dranken",
    "topCategoryId": "354",
    "businessDomain": "RETAIL_BE",
    "IsPrivateLabel": false,
    "IsBiffe": false,
    "WeightconversionFactor": "0",
    "IsWeightArticle": false,
    "nutriscoreLabel": "E",
    "IsBio": false,
    "CountryOfOrigin": "NEDERLAND",
    "IsExclusivelySoldInLuxembourg": false,
    "OrderUnit": "P",
    "ShortName": "SJ 101 SPRITZ 0% 25CL",
    "IsNew": false,
    "RecentQuanityOfStockUnits": "1,12",
    "LongName": "SIR JAMES 101 Spritz Alcohol Free 25cl",
    "FicCode": "E"
  },
  {
    "productId": "881792",
    "technicalArticleNumber": "4739258",
    "commercialArticleNumber": "4455",
    "name": "Zero siroop Tropical",
    "brand": "TEISSEIRE",
    "seoBrand": "Teisseire",
    "thumbNail": "https://static.colruytgroup.com/images/200x200/std.lang.all/55/35/asset-3335535.jpg",
    "fullImage": "https://static.colruytgroup.com/images/500x500/std.lang.all/55/35/asset-3335535.jpg",
    "squareImage": "https://static.colruytgroup.com/images/500x500sq/std.lang.all/55/35/asset-3335535.jpg",
    "content": "60cl",
    "walkRouteSequenceNumber": 4023,
    "price": {
      "basicPrice": 4.99,
      "recommendedQuantity": "1.0",
      "measurementUnitPrice": 8.32,
      "measurementUnit": "L",
      "isRedPrice": false,
      "pricePerUOM": 8.32,
      "activationDate": "04-03-2024",
      "recordSource": "Offline",
      "isPromoActive": "N",
      "priceChangeCode": "E"
    },
    "isAvailable": true,
    "isPriceAvailable": true,
    "inPromo": false,
    "gtin": [
      "03092718639228",
      "03092718638177"
    ],
    "topCategoryName": "Dranken",
    "topCategoryId": "354",
    "businessDomain": "RETAIL_BE",
    "IsPrivateLabel": false,
    "IsBiffe": false,
    "WeightconversionFactor": "0",
    "IsWeightArticle": false,
    "nutriscoreLabel": "C",
    "IsBio": false,
    "CountryOfOrigin": "FRANKRIJK",
    "IsExclusivelySoldInLuxembourg": false,
    "OrderUnit": "P",
    "ShortName": "TEIS ZERO TROPICAL 60CL",
    "IsNew": false,
    "EcoscoreLabel": "B",
    "RecentQuanityOfStockUnits": "1",
    "LongName": "TEISSEIRE Zero siroop Tropical 60cl",
    "AlcoholVolume": "0",
    "FicCode": "E",
    "EcoscoreValue": "79"
  },
  {
    "productId": "344846",
    "technicalArticleNumber": "3827789",
    "commercialArticleNumber": "21803",
    "name": "less sugar pet",
    "description": "*Zonder toegevoegde\nsuikers\n*België",
    "brand": "CÉCÉMEL",
    "seoBrand": "Cécémel",
    "thumbNail": "https://static.colruytgroup.com/images/200x200/std.lang.all/02/50/asset-2400250.jpg",
    "fullImage": "https://static.colruytgroup.com/images/500x500/std.lang.all/02/50/asset-2400250.jpg",
    "squareImage": "https://static.colruytgroup.com/images/500x500sq/std.lang.all/02/50/asset-2400250.jpg",
    "content": "30cl",
    "walkRouteSequenceNumber": 6354,
    "price": {
      "basicPrice": 1.99,
      "recommendedQuantity": "6.0",
      "measurementUnitPrice": 6.64,
      "measurementUnit": "L",
      "isRedPrice": false,
      "pricePerUOM": 6.64,
      "activationDate": "22-03-2024",
      "recordSource": "Offline",
      "isPromoActive": "N",
      "priceChangeCode": "L"
    },
    "isAvailable": true,
    "isPriceAvailable": true,
    "inPromo": false,
    "gtin": [
      "05410438040519",
      "05410438040502",
      "05400141236514"
    ],
    "topCategoryName": "Zuivel",
    "topCategoryId": "65",
    "businessDomain": "RETAIL_BE",
    "IsPrivateLabel": false,
    "IsBiffe": false,
    "WeightconversionFactor": "0",
    "IsWeightArticle": false,
    "nutriscoreLabel": "C",
    "IsBio": false,
    "CountryOfOrigin": "BELGIË",
    "IsExclusivelySoldInLuxembourg": false,
    "OrderUnit": "P",
    "ShortName": "CECE LESS SUGAR PET30CL",
    "IsNew": false,
    "EcoscoreLabel": "B",
    "RecentQuanityOfStockUnits": "12,6,1",
    "LongName": "CÉCÉMEL less sugar pet 30cl",
    "AlcoholVolume": "0",
    "FicCode": "E",
    "EcoscoreValue": "74"
  },
  {
    "productId": "935207",
    "technicalArticleNumber": "4766539",
    "commercialArticleNumber": "30391",
    "name": "Bruisend Blackcurrant",
    "description": "*Mineraalwater\n*Bruisend\n*Smaak: zwarte bes",
    "brand": "SPA TOUCH",
    "seoBrand": "Spa Touch",
    "thumbNail": "https://ecgproductmw.colruytgroup.com/ecgproductmw/noPicForArticle_2.jpg",
    "fullImage": "https://ecgproductmw.colruytgroup.com/ecgproductmw/noPicForArticle_5.jpg",
    "squareImage": "https://ecgproductmw.colruytgroup.com/ecgproductmw/noPicForArticle_5.jpg",
    "content": "50cl",
    "walkRouteSequenceNumber": 4073,
    "price": {
      "basicPrice": 0.95,
      "recommendedQuantity": "6.0",
      "quantityPrice": 0.87,
      "quantityPriceQuantity": "24.0",
      "measurementUnitPrice": 1.9,
      "measurementUnitQuantityPrice": 1.74,
      "measurementUnit": "L",
      "isRedPrice": false,
      "pricePerUOM": 1.9,
      "activationDate": "09-12-2023",
      "recordSource": "Offline",
      "isPromoActive": "N",
      "priceChangeCode": "E",
      "quantityPricePerUOM": 1.74,
      "quantityActivationDate": "09-12-2023",
      "quantityPriceChangeCode": "E"
    },
    "isAvailable": true,
    "isPriceAvailable": true,
    "inPromo": false,
    "gtin": [
      "05410013802174",
      "05410013802181",
      "05410013802198"
    ],
    "topCategoryName": "Dranken",
    "topCategoryId": "354",
    "businessDomain": "RETAIL_BE",
    "IsPrivateLabel": false,
    "IsBiffe": false,
    "WeightconversionFactor": "0",
    "IsWeightArticle": false,
    "nutriscoreLabel": "A",
    "IsBio": false,
    "CountryOfOrigin": "BELGIË",
    "IsExclusivelySoldInLuxembourg": false,
    "OrderUnit": "P",
    "ShortName": "SPA TOUC BR.BLACKCU50CL",
    "IsNew": false,
    "RecentQuanityOfStockUnits": "6,24,1",
    "LongName": "SPA TOUCH Bruisend Blackcurrant 50cl",
    "AlcoholVolume": "0",
    "FicCode": "E"
  },
  {
    "productId": "86549",
    "technicalArticleNumber": "2957101",
    "commercialArticleNumber": "38649",
    "name": "caps Lungo int.",
    "description": "*Lungo koffie\n*Intens & vol aroma\n*Intensiteit 9\n*16 Capsules",
    "brand": "NESCAFÉ DOLCE GUSTO",
    "seoBrand": "Nescafé Dolce Gusto",
    "thumbNail": "https://static.colruytgroup.com/images/200x200/std.lang.all/99/56/asset-1549956.jpg",
    "fullImage": "https://static.colruytgroup.com/images/500x500/std.lang.all/99/56/asset-1549956.jpg",
    "squareImage": "https://static.colruytgroup.com/images/500x500sq/std.lang.all/99/56/asset-1549956.jpg",
    "content": "16st",
    "walkRouteSequenceNumber": 1123,
    "price": {
      "basicPrice": 5.49,
      "recommendedQuantity": "1.0",
      "quantityPrice": 4.34,
      "quantityPriceQuantity": "2.0",
      "measurementUnitPrice": 38.13,
      "measurementUnitQuantityPrice": 30.14,
      "measurementUnit": "K",
      "isRedPrice": false,
      "pricePerUOM": 38.13,
      "activationDate": "21-03-2024",
      "recordSource": "Offline",
      "isPromoActive": "N",
      "priceChangeCode": "E",
      "quantityPricePerUOM": 30.14,
      "quantityActivationDate": "21-03-2024",
      "quantityPriceChangeCode": "H"
    },
    "isAvailable": true,
    "isPriceAvailable": true,
    "inPromo": false,
    "gtin": [
      "07613033590146",
      "07613033590153"
    ],
    "topCategoryName": "Dranken",
    "topCategoryId": "354",
    "businessDomain": "RETAIL_BE",
    "IsPrivateLabel": false,
    "IsBiffe": false,
    "WeightconversionFactor": "0",
    "IsWeightArticle": false,
    "nutriscoreLabel": "B",
    "IsBio": false,
    "CountryOfOrigin": "BELGIË",
    "IsExclusivelySoldInLuxembourg": false,
    "OrderUnit": "P",
    "ShortName": "DG LUNGO INTENS 16 CUPS",
    "IsNew": false,
    "RecentQuanityOfStockUnits": "1,3",
    "LongName": "NESCAFÉ DOLCE GUSTO caps Lungo int. 16st",
    "AlcoholVolume": "0",
    "FicCode": "E"
  },
  {
    "productId": "457763",
    "technicalArticleNumber": "3950334",
    "commercialArticleNumber": "1856",
    "name": "bier blond 8,4%",
    "description": "*8.4% vol\n*3 granen bier",
    "brand": "TRIPEL KARMELIET",
    "seoBrand": "Tripel Karmeliet",
    "thumbNail": "https://static.colruytgroup.com/images/200x200/std.lang.all/56/37/asset-3205637.jpg",
    "fullImage": "https://static.colruytgroup.com/images/500x500/std.lang.all/56/37/asset-3205637.jpg",
    "squareImage": "https://static.colruytgroup.com/images/500x500sq/std.lang.all/56/37/asset-3205637.jpg",
    "content": "75cl",
    "walkRouteSequenceNumber": 3590,
    "price": {
      "basicPrice": 4.99,
      "recommendedQuantity": "1.0",
      "measurementUnitPrice": 6.66,
      "measurementUnit": "L",
      "isRedPrice": false,
      "pricePerUOM": 6.66,
      "activationDate": "14-03-2024",
      "recordSource": "Offline",
      "isPromoActive": "N",
      "priceChangeCode": "E"
    },
    "isAvailable": true,
    "isPriceAvailable": true,
    "inPromo": false,
    "gtin": [
      "05410693100553",
      "05410693100591"
    ],
    "topCategoryName": "Dranken",
    "topCategoryId": "354",
    "businessDomain": "RETAIL_BE",
    "IsPrivateLabel": false,
    "IsBiffe": false,
    "WeightconversionFactor": "0",
    "IsWeightArticle": false,
    "IsBio": false,
    "CountryOfOrigin": "BELGIË",
    "IsExclusivelySoldInLuxembourg": false,
    "OrderUnit": "P",
    "ShortName": "KARM TRIPEL 8.4% 75CL",
    "IsNew": false,
    "RecentQuanityOfStockUnits": "1,6",
    "LongName": "TRIPEL KARMELIET bier blond 8,4% 75cl",
    "AlcoholVolume": "8.4",
    "FicCode": "E"
  },
  {
    "productId": "415",
    "technicalArticleNumber": "5072",
    "commercialArticleNumber": "5072",
    "name": "trappist tripel9,5%vol",
    "description": "*Trappistenbier\n*9,5 % vol\n*Nagisting op fles",
    "brand": "WESTMALLE",
    "seoBrand": "Westmalle",
    "thumbNail": "https://static.colruytgroup.com/images/200x200/std.lang.all/33/59/asset-2483359.jpg",
    "fullImage": "https://static.colruytgroup.com/images/500x500/std.lang.all/33/59/asset-2483359.jpg",
    "squareImage": "https://static.colruytgroup.com/images/500x500sq/std.lang.all/33/59/asset-2483359.jpg",
    "content": "24x33cl",
    "walkRouteSequenceNumber": 3974,
    "price": {
      "basicPrice": 43.24,
      "recommendedQuantity": "1.0",
      "measurementUnitPrice": 5.46,
      "measurementUnit": "L",
      "isRedPrice": false,
      "pricePerUOM": 5.46,
      "activationDate": "23-03-2024",
      "isPromoActive": "N",
      "priceChangeCode": "H"
    },
    "isAvailable": true,
    "isPriceAvailable": true,
    "inPromo": false,
    "gtin": [
      "05412343201337",
      "05412343201795"
    ],
    "topCategoryName": "Dranken",
    "topCategoryId": "354",
    "businessDomain": "RETAIL_BE",
    "IsPrivateLabel": false,
    "IsBiffe": false,
    "WeightconversionFactor": "0",
    "IsWeightArticle": false,
    "IsBio": false,
    "CountryOfOrigin": "BELGIË",
    "IsExclusivelySoldInLuxembourg": false,
    "OrderUnit": "P",
    "ShortName": "WESTMAL TRIPEL 24X33CL",
    "IsNew": false,
    "EcoscoreLabel": "B",
    "RecentQuanityOfStockUnits": "1",
    "LongName": "WESTMALLE trappist tripel9,5%vol 24x33cl",
    "AlcoholVolume": "9.5",
    "FicCode": "E",
    "DepositValue": [
      4.5
    ],
    "EcoscoreValue": "70"
  },
  {
    "productId": "699832",
    "technicalArticleNumber": "4431610",
    "commercialArticleNumber": "12180",
    "name": "Espresso barista perfetto",
    "brand": "LAVAZZA",
    "seoBrand": "Lavazza",
    "thumbNail": "https://static.colruytgroup.com/images/200x200/std.lang.all/61/52/asset-3216152.jpg",
    "fullImage": "https://static.colruytgroup.com/images/500x500/std.lang.all/61/52/asset-3216152.jpg",
    "squareImage": "https://static.colruytgroup.com/images/500x500sq/std.lang.all/61/52/asset-3216152.jpg",
    "content": "500g",
    "walkRouteSequenceNumber": 1074,
    "price": {
      "basicPrice": 9.85,
      "recommendedQuantity": "1.0",
      "measurementUnitPrice": 19.7,
      "measurementUnit": "K",
      "isRedPrice": false,
      "pricePerUOM": 19.7,
      "activationDate": "23-03-2024",
      "isPromoActive": "N",
      "priceChangeCode": "H"
    },
    "isAvailable": true,
    "isPriceAvailable": true,
    "inPromo": false,
    "gtin": [
      "08000070046443",
      "08000070046450"
    ],
    "topCategoryName": "Dranken",
    "topCategoryId": "354",
    "businessDomain": "RETAIL_BE",
    "IsPrivateLabel": false,
    "IsBiffe": false,
    "WeightconversionFactor": "0",
    "IsWeightArticle": false,
    "nutriscoreLabel": "B",
    "IsBio": false,
    "CountryOfOrigin": "ITALIË",
    "IsExclusivelySoldInLuxembourg": false,
    "OrderUnit": "P",
    "ShortName": "LAVA PERF. BONEN 500G",
    "IsNew": false,
    "EcoscoreLabel": "C",
    "RecentQuanityOfStockUnits": "1,12",
    "LongName": "LAVAZZA Espresso barista perfetto 500g",
    "FicCode": "E",
    "EcoscoreValue": "40"
  },
  {
    "productId": "1357",
    "technicalArticleNumber": "18719",
    "commercialArticleNumber": "18719",
    "name": "likeur 35%",
    "description": "*Likeur\n*35 % vol",
    "brand": "JÄGERMEISTER",
    "seoBrand": "Jägermeister",
    "thumbNail": "https://static.colruytgroup.com/images/200x200/std.lang.all/63/49/asset-2906349.jpg",
    "fullImage": "https://static.colruytgroup.com/images/500x500/std.lang.all/63/49/asset-2906349.jpg",
    "squareImage": "https://static.colruytgroup.com/images/500x500sq/std.lang.all/63/49/asset-2906349.jpg",
    "content": "70cl",
    "walkRouteSequenceNumber": 942,
    "price": {
      "basicPrice": 19.99,
      "recommendedQuantity": "1.0",
      "measurementUnitPrice": 28.56,
      "measurementUnit": "L",
      "isRedPrice": false,
      "pricePerUOM": 28.56,
      "activationDate": "19-03-2024",
      "recordSource": "Offline",
      "isPromoActive": "N",
      "priceChangeCode": "L"
    },
    "isAvailable": true,
    "isPriceAvailable": true,
    "inPromo": false,
    "gtin": [
      "04067700013019",
      "04067700014726",
      "04067700015754",
      "04067700018373",
      "04067700018380",
      "04067700019868",
      "04067700023353",
      "04067700025876",
      "04067700023247",
      "05413976003404",
      "05413976003411",
      "05413976004821",
      "05413976004838",
      "04067700028167",
      "04067700030191",
      "04067700030658",
      "04067700028389"
    ],
    "topCategoryName": "Dranken",
    "topCategoryId": "354",
    "businessDomain": "RETAIL_BE",
    "IsPrivateLabel": false,
    "IsBiffe": false,
    "WeightconversionFactor": "0",
    "IsWeightArticle": false,
    "IsBio": false,
    "CountryOfOrigin": "DUITSLAND",
    "IsExclusivelySoldInLuxembourg": false,
    "OrderUnit": "P",
    "ShortName": "JAGERMEISTER 35% 70CL",
    "IsNew": false,
    "EcoscoreLabel": "C",
    "RecentQuanityOfStockUnits": "1,1,6,6",
    "LongName": "JÄGERMEISTER likeur 35% 70cl",
    "AlcoholVolume": "35",
    "FicCode": "E",
    "EcoscoreValue": "51"
  },
  {
    "productId": "1285",
    "technicalArticleNumber": "19037",
    "commercialArticleNumber": "19037",
    "name": "Tawny Connaisseurs 19%",
    "description": "*Porto rood\n*Aperitief\n*19,0 % vol",
    "brand": "PORTO AMURO",
    "seoBrand": "Porto Amuro",
    "thumbNail": "https://static.colruytgroup.com/images/200x200/std.lang.all/30/75/asset-393075.jpg",
    "fullImage": "https://static.colruytgroup.com/images/500x500/std.lang.all/30/75/asset-393075.jpg",
    "squareImage": "https://static.colruytgroup.com/images/500x500sq/std.lang.all/30/75/asset-393075.jpg",
    "content": "1,5L",
    "walkRouteSequenceNumber": 723,
    "price": {
      "basicPrice": 11.99,
      "recommendedQuantity": "1.0",
      "measurementUnitPrice": 8,
      "measurementUnit": "L",
      "isRedPrice": false,
      "pricePerUOM": 8,
      "activationDate": "14-11-2023",
      "recordSource": "Offline",
      "isPromoActive": "N",
      "priceChangeCode": "E"
    },
    "isAvailable": true,
    "isPriceAvailable": true,
    "inPromo": false,
    "gtin": [
      "05400141190373",
      "35601085590019"
    ],
    "topCategoryName": "Dranken",
    "topCategoryId": "354",
    "businessDomain": "RETAIL_BE",
    "IsPrivateLabel": true,
    "IsBiffe": false,
    "WeightconversionFactor": "0",
    "IsWeightArticle": false,
    "IsBio": false,
    "CountryOfOrigin": "PORTUGAL",
    "IsExclusivelySoldInLuxembourg": false,
    "OrderUnit": "P",
    "ShortName": "AMURO PORT CONNAISS 1L5",
    "IsNew": false,
    "EcoscoreLabel": "D",
    "RecentQuanityOfStockUnits": "1,6",
    "LongName": "PORTO AMURO Tawny Connaisseurs 19% 1,5L",
    "AlcoholVolume": "19",
    "FicCode": "I",
    "EcoscoreValue": "39"
  },
  {
    "productId": "598940",
    "technicalArticleNumber": "4263263",
    "commercialArticleNumber": "12469",
    "name": "caps Ristretto 11",
    "description": "*Sterk\n*Aluminium caps",
    "brand": "L'OR ESPRESSO",
    "seoBrand": "L'Or Espresso",
    "thumbNail": "https://static.colruytgroup.com/images/200x200/std.lang.all/11/63/asset-2201163.jpg",
    "fullImage": "https://static.colruytgroup.com/images/500x500/std.lang.all/11/63/asset-2201163.jpg",
    "squareImage": "https://static.colruytgroup.com/images/500x500sq/std.lang.all/11/63/asset-2201163.jpg",
    "content": "20st",
    "walkRouteSequenceNumber": 1029,
    "price": {
      "basicPrice": 5.19,
      "recommendedQuantity": "1.0",
      "measurementUnitPrice": 49.91,
      "measurementUnit": "K",
      "isRedPrice": false,
      "pricePerUOM": 49.91,
      "activationDate": "26-02-2024",
      "recordSource": "Offline",
      "isPromoActive": "N",
      "priceChangeCode": "E"
    },
    "isAvailable": true,
    "isPriceAvailable": true,
    "inPromo": false,
    "gtin": [
      "08711000360835",
      "08711000360880"
    ],
    "topCategoryName": "Dranken",
    "topCategoryId": "354",
    "businessDomain": "RETAIL_BE",
    "IsPrivateLabel": false,
    "IsBiffe": false,
    "WeightconversionFactor": "0",
    "IsWeightArticle": false,
    "nutriscoreLabel": "B",
    "IsBio": false,
    "CountryOfOrigin": "FRANKRIJK",
    "IsExclusivelySoldInLuxembourg": false,
    "OrderUnit": "P",
    "ShortName": "L OR ESP RISTRETTO 20C",
    "IsNew": false,
    "RecentQuanityOfStockUnits": "1",
    "LongName": "L'OR ESPRESSO caps Ristretto 11 20st",
    "FicCode": "E"
  },
  {
    "productId": "884516",
    "technicalArticleNumber": "4743498",
    "commercialArticleNumber": "32481",
    "name": "Pouch",
    "brand": "NESQUIK",
    "seoBrand": "Nestlé Nesquik",
    "thumbNail": "https://static.colruytgroup.com/images/200x200/std.lang.all/41/78/asset-3284178.jpg",
    "fullImage": "https://static.colruytgroup.com/images/500x500/std.lang.all/41/78/asset-3284178.jpg",
    "squareImage": "https://static.colruytgroup.com/images/500x500sq/std.lang.all/41/78/asset-3284178.jpg",
    "content": "550g",
    "walkRouteSequenceNumber": 1279,
    "price": {
      "basicPrice": 4.65,
      "recommendedQuantity": "1.0",
      "measurementUnitPrice": 8.46,
      "measurementUnit": "K",
      "isRedPrice": false,
      "pricePerUOM": 8.46,
      "activationDate": "14-02-2024",
      "isPromoActive": "N",
      "priceChangeCode": "H"
    },
    "isAvailable": true,
    "isPriceAvailable": true,
    "inPromo": false,
    "gtin": [
      "08445290960504",
      "08445290960719"
    ],
    "topCategoryName": "Dranken",
    "topCategoryId": "354",
    "businessDomain": "RETAIL_BE",
    "IsPrivateLabel": false,
    "IsBiffe": false,
    "WeightconversionFactor": "0",
    "IsWeightArticle": false,
    "nutriscoreLabel": "B",
    "IsBio": false,
    "CountryOfOrigin": "FRANKRIJK",
    "IsExclusivelySoldInLuxembourg": false,
    "OrderUnit": "P",
    "ShortName": "NESQ POUCH 550G",
    "IsNew": false,
    "RecentQuanityOfStockUnits": "1,14",
    "LongName": "NESQUIK Pouch 550g",
    "AlcoholVolume": "0",
    "FicCode": "E"
  },
  {
    "productId": "870924",
    "technicalArticleNumber": "4724623",
    "commercialArticleNumber": "3919",
    "name": "Ayurved.peer-honing-kaneel",
    "description": "*Kruideninfusie en\nthee",
    "brand": "TWININGS",
    "seoBrand": "Twinings",
    "thumbNail": "https://static.colruytgroup.com/images/200x200/std.lang.all/11/71/asset-3291171.jpg",
    "fullImage": "https://static.colruytgroup.com/images/500x500/std.lang.all/11/71/asset-3291171.jpg",
    "squareImage": "https://static.colruytgroup.com/images/500x500sq/std.lang.all/11/71/asset-3291171.jpg",
    "content": "20st",
    "walkRouteSequenceNumber": 1242,
    "price": {
      "basicPrice": 3.59,
      "recommendedQuantity": "1.0",
      "measurementUnitPrice": 99.73,
      "measurementUnit": "K",
      "isRedPrice": false,
      "pricePerUOM": 99.73,
      "activationDate": "19-03-2024",
      "recordSource": "Offline",
      "isPromoActive": "N",
      "priceChangeCode": "E"
    },
    "isAvailable": true,
    "isPriceAvailable": true,
    "inPromo": false,
    "gtin": [
      "05055953903019",
      "05055953951621"
    ],
    "topCategoryName": "Dranken",
    "topCategoryId": "354",
    "businessDomain": "RETAIL_BE",
    "IsPrivateLabel": false,
    "IsBiffe": false,
    "WeightconversionFactor": "0",
    "IsWeightArticle": false,
    "IsBio": false,
    "CountryOfOrigin": "POLEN",
    "IsExclusivelySoldInLuxembourg": false,
    "OrderUnit": "P",
    "ShortName": "TWIN PEER-HONI-KANE20ST",
    "IsNew": false,
    "EcoscoreLabel": "B",
    "RecentQuanityOfStockUnits": "10,1",
    "LongName": "TWININGS Ayurved.peer-honing-kaneel 20st",
    "AlcoholVolume": "0",
    "FicCode": "E",
    "EcoscoreValue": "79"
  },
  {
    "productId": "895969",
    "technicalArticleNumber": "4755776",
    "commercialArticleNumber": "9094",
    "name": "Bruisend Grenadine",
    "description": "*Bruisende limonade\n*Smaak: grenadine\n*Met suiker en\nzoetstoffen",
    "brand": "SPA FRUIT",
    "seoBrand": "Spa Fruit",
    "thumbNail": "https://static.colruytgroup.com/images/200x200/std.lang.all/09/58/asset-3360958.jpg",
    "fullImage": "https://static.colruytgroup.com/images/500x500/std.lang.all/09/58/asset-3360958.jpg",
    "squareImage": "https://static.colruytgroup.com/images/500x500sq/std.lang.all/09/58/asset-3360958.jpg",
    "content": "1,25L",
    "walkRouteSequenceNumber": 4249,
    "price": {
      "basicPrice": 1.99,
      "recommendedQuantity": "1.0",
      "measurementUnitPrice": 1.6,
      "measurementUnit": "L",
      "isRedPrice": false,
      "pricePerUOM": 1.6,
      "activationDate": "20-03-2024",
      "recordSource": "Offline",
      "isPromoActive": "N",
      "priceChangeCode": "E"
    },
    "isAvailable": true,
    "isPriceAvailable": true,
    "inPromo": false,
    "gtin": [
      "05410013801658",
      "05410013801689"
    ],
    "topCategoryName": "Dranken",
    "topCategoryId": "354",
    "businessDomain": "RETAIL_BE",
    "IsPrivateLabel": false,
    "IsBiffe": false,
    "WeightconversionFactor": "0",
    "IsWeightArticle": false,
    "nutriscoreLabel": "C",
    "IsBio": false,
    "CountryOfOrigin": "BELGIË",
    "IsExclusivelySoldInLuxembourg": false,
    "OrderUnit": "P",
    "ShortName": "SPA FRUI BR.GRENAD1.25L",
    "IsNew": false,
    "RecentQuanityOfStockUnits": "1,4",
    "LongName": "SPA FRUIT Bruisend Grenadine 1,25L",
    "AlcoholVolume": "0",
    "FicCode": "E"
  },
  {
    "productId": "157491",
    "technicalArticleNumber": "3244449",
    "commercialArticleNumber": "39770",
    "name": "Radler citroen 0,0%vol blik",
    "description": "*Alcoholvrij bier",
    "brand": "MAES",
    "seoBrand": "Maes",
    "thumbNail": "https://static.colruytgroup.com/images/200x200/std.lang.all/67/09/asset-1306709.jpg",
    "fullImage": "https://static.colruytgroup.com/images/500x500/std.lang.all/67/09/asset-1306709.jpg",
    "squareImage": "https://static.colruytgroup.com/images/500x500sq/std.lang.all/67/09/asset-1306709.jpg",
    "content": "33cl",
    "walkRouteSequenceNumber": 3850,
    "price": {
      "basicPrice": 1.16,
      "recommendedQuantity": "6.0",
      "measurementUnitPrice": 3.52,
      "measurementUnit": "L",
      "isRedPrice": false,
      "pricePerUOM": 3.52,
      "activationDate": "01-02-2024",
      "recordSource": "Offline",
      "isPromoActive": "N",
      "priceChangeCode": "H"
    },
    "isAvailable": true,
    "isPriceAvailable": true,
    "inPromo": false,
    "gtin": [
      "05410263916706",
      "05410263916713",
      "05410263916720"
    ],
    "topCategoryName": "Dranken",
    "topCategoryId": "354",
    "businessDomain": "RETAIL_BE",
    "IsPrivateLabel": false,
    "IsBiffe": false,
    "WeightconversionFactor": "0",
    "IsWeightArticle": false,
    "nutriscoreLabel": "D",
    "IsBio": false,
    "CountryOfOrigin": "BELGIË",
    "IsExclusivelySoldInLuxembourg": false,
    "OrderUnit": "P",
    "ShortName": "MAES RADLER CIT.0.0 33C",
    "IsNew": false,
    "EcoscoreLabel": "B",
    "RecentQuanityOfStockUnits": "1,6,24",
    "LongName": "MAES Radler citroen 0,0%vol blik 33cl",
    "AlcoholVolume": "0",
    "FicCode": "E",
    "EcoscoreValue": "71"
  },
  {
    "productId": "427",
    "technicalArticleNumber": "5109",
    "commercialArticleNumber": "5109",
    "name": "Special Export 8,0%vol",
    "description": "*Iers donker bier\n*Stout\n*8 % vol",
    "brand": "GUINNESS",
    "seoBrand": "Guinness",
    "thumbNail": "https://static.colruytgroup.com/images/200x200/std.lang.all/29/01/asset-592901.jpg",
    "fullImage": "https://static.colruytgroup.com/images/500x500/std.lang.all/29/01/asset-592901.jpg",
    "squareImage": "https://static.colruytgroup.com/images/500x500sq/std.lang.all/29/01/asset-592901.jpg",
    "content": "6x33cl",
    "walkRouteSequenceNumber": 3660,
    "price": {
      "basicPrice": 13.74,
      "recommendedQuantity": "1.0",
      "quantityPrice": 12.64,
      "quantityPriceQuantity": "3.0",
      "measurementUnitPrice": 6.94,
      "measurementUnitQuantityPrice": 6.39,
      "measurementUnit": "L",
      "isRedPrice": false,
      "pricePerUOM": 6.94,
      "activationDate": "20-03-2024",
      "isPromoActive": "Y",
      "priceChangeCode": "E",
      "quantityPricePerUOM": 6.39,
      "quantityActivationDate": "20-03-2024",
      "quantityPriceChangeCode": "L"
    },
    "isAvailable": true,
    "isPriceAvailable": true,
    "inPromo": true,
    "promotion": [
      {
        "techPromoId": "100925COLR",
        "promotionId": "100925",
        "promotionType": "4",
        "isPersonalized": "N",
        "publicationStartDate": "13-03-2024",
        "publicationEndDate": "26-03-2024"
      }
    ],
    "gtin": [
      "05400141051094",
      "00000025051094"
    ],
    "topCategoryName": "Dranken",
    "topCategoryId": "354",
    "businessDomain": "RETAIL_BE",
    "IsPrivateLabel": false,
    "IsBiffe": false,
    "WeightconversionFactor": "0",
    "IsWeightArticle": false,
    "IsBio": false,
    "CountryOfOrigin": "IERLAND",
    "IsExclusivelySoldInLuxembourg": false,
    "OrderUnit": "P",
    "ShortName": "GUIN SPEC.EXP. 6X33CL",
    "IsNew": false,
    "EcoscoreLabel": "D",
    "RecentQuanityOfStockUnits": "1",
    "LongName": "GUINNESS Special Export 8,0%vol 6x33cl",
    "AlcoholVolume": "8",
    "FicCode": "E",
    "DepositValue": [
      0.6
    ],
    "EcoscoreValue": "37"
  },
  {
    "productId": "467058",
    "technicalArticleNumber": "4065252",
    "commercialArticleNumber": "7142",
    "name": "Orange extra pulp PET",
    "description": "*Sinaasappelsap\n*Puur sap\n*100 % fruit\n*Extra pulp",
    "brand": "TROPICANA",
    "seoBrand": "Tropicana",
    "thumbNail": "https://static.colruytgroup.com/images/200x200/std.lang.all/72/57/asset-3417257.jpg",
    "fullImage": "https://static.colruytgroup.com/images/500x500/std.lang.all/72/57/asset-3417257.jpg",
    "squareImage": "https://static.colruytgroup.com/images/500x500sq/std.lang.all/72/57/asset-3417257.jpg",
    "content": "90cl",
    "walkRouteSequenceNumber": 5037,
    "price": {
      "basicPrice": 3.89,
      "recommendedQuantity": "1.0",
      "measurementUnitPrice": 4.33,
      "measurementUnit": "L",
      "isRedPrice": false,
      "pricePerUOM": 4.33,
      "activationDate": "23-02-2024",
      "recordSource": "Offline",
      "isPromoActive": "N",
      "priceChangeCode": "H"
    },
    "isAvailable": true,
    "isPriceAvailable": true,
    "inPromo": false,
    "gtin": [
      "05410188036923",
      "05410188036930"
    ],
    "topCategoryName": "Dranken",
    "topCategoryId": "354",
    "businessDomain": "RETAIL_BE",
    "IsPrivateLabel": false,
    "IsBiffe": false,
    "WeightconversionFactor": "0",
    "IsWeightArticle": false,
    "nutriscoreLabel": "C",
    "IsBio": false,
    "CountryOfOrigin": "EUROPA",
    "IsExclusivelySoldInLuxembourg": false,
    "OrderUnit": "P",
    "ShortName": "TROP ORANGE EX.PULP90CL",
    "IsNew": false,
    "RecentQuanityOfStockUnits": "1",
    "LongName": "TROPICANA Orange extra pulp PET 90cl",
    "FicCode": "E"
  },
  {
    "productId": "355945",
    "technicalArticleNumber": "3858493",
    "commercialArticleNumber": "41411",
    "name": "Mildou pads",
    "description": "*pads",
    "brand": "DOUWE EGBERTS",
    "seoBrand": "Douwe Egberts",
    "thumbNail": "https://static.colruytgroup.com/images/200x200/std.lang.all/18/83/asset-1481883.jpg",
    "fullImage": "https://static.colruytgroup.com/images/500x500/std.lang.all/18/83/asset-1481883.jpg",
    "squareImage": "https://static.colruytgroup.com/images/500x500sq/std.lang.all/18/83/asset-1481883.jpg",
    "content": "32st",
    "walkRouteSequenceNumber": 1155,
    "price": {
      "basicPrice": 4.89,
      "recommendedQuantity": "1.0",
      "measurementUnitPrice": 22.03,
      "measurementUnit": "K",
      "isRedPrice": false,
      "pricePerUOM": 22.03,
      "activationDate": "17-02-2024",
      "recordSource": "Offline",
      "isPromoActive": "N",
      "priceChangeCode": "E"
    },
    "isAvailable": true,
    "isPriceAvailable": true,
    "inPromo": false,
    "gtin": [
      "05410138044282",
      "05410138044275"
    ],
    "topCategoryName": "Dranken",
    "topCategoryId": "354",
    "businessDomain": "RETAIL_BE",
    "IsPrivateLabel": false,
    "IsBiffe": false,
    "WeightconversionFactor": "0",
    "IsWeightArticle": false,
    "nutriscoreLabel": "B",
    "IsBio": false,
    "CountryOfOrigin": "NEDERLAND",
    "IsExclusivelySoldInLuxembourg": false,
    "OrderUnit": "P",
    "ShortName": "D.E. MILDOU PADS 32ST",
    "IsNew": false,
    "RecentQuanityOfStockUnits": "1,10",
    "LongName": "DOUWE EGBERTS Mildou pads 32st",
    "AlcoholVolume": "0",
    "FicCode": "E"
  },
  {
    "productId": "966388",
    "technicalArticleNumber": "4774602",
    "commercialArticleNumber": "33059",
    "name": "caps Single-Ori.Guatemala",
    "description": "*Lungo/Espresso\n*Intensiteit 5\n*10 capsules",
    "brand": "STARBUCKS",
    "seoBrand": "Starbucks By Nespresso",
    "thumbNail": "https://static.colruytgroup.com/images/200x200/std.lang.all/70/57/asset-3447057.jpg",
    "fullImage": "https://static.colruytgroup.com/images/500x500/std.lang.all/70/57/asset-3447057.jpg",
    "squareImage": "https://static.colruytgroup.com/images/500x500sq/std.lang.all/70/57/asset-3447057.jpg",
    "content": "10st",
    "walkRouteSequenceNumber": 1038,
    "price": {
      "basicPrice": 4.39,
      "recommendedQuantity": "1.0",
      "quantityPrice": 2.49,
      "quantityPriceQuantity": "4.0",
      "measurementUnitPrice": 84.43,
      "measurementUnitQuantityPrice": 47.89,
      "measurementUnit": "K",
      "isRedPrice": false,
      "pricePerUOM": 84.43,
      "activationDate": "23-03-2024",
      "recordSource": "Offline",
      "isPromoActive": "N",
      "priceChangeCode": "E",
      "quantityPricePerUOM": 47.89,
      "quantityActivationDate": "23-03-2024",
      "quantityPriceChangeCode": "E"
    },
    "isAvailable": true,
    "isPriceAvailable": true,
    "inPromo": false,
    "gtin": [
      "07613287855671",
      "07613287855503"
    ],
    "topCategoryName": "Dranken",
    "topCategoryId": "354",
    "businessDomain": "RETAIL_BE",
    "IsPrivateLabel": false,
    "IsBiffe": false,
    "WeightconversionFactor": "0",
    "IsWeightArticle": false,
    "nutriscoreLabel": "B",
    "IsBio": false,
    "CountryOfOrigin": "ZWITSERLAND",
    "IsExclusivelySoldInLuxembourg": false,
    "OrderUnit": "P",
    "ShortName": "STAR GUATEMALA 10CAPS",
    "IsNew": false,
    "RecentQuanityOfStockUnits": "1",
    "LongName": "STARBUCKS caps Single-Ori.Guatemala 10st",
    "FicCode": "E"
  },
  {
    "productId": "85965",
    "technicalArticleNumber": "2931678",
    "commercialArticleNumber": "38553",
    "name": "Fruitesse 3,8%",
    "description": "*Fruitbier\n*3,8 % vol",
    "brand": "LIEFMANS",
    "seoBrand": "Liefmans",
    "thumbNail": "https://static.colruytgroup.com/images/200x200/std.lang.all/79/99/asset-2767999.jpg",
    "fullImage": "https://static.colruytgroup.com/images/500x500/std.lang.all/79/99/asset-2767999.jpg",
    "squareImage": "https://static.colruytgroup.com/images/500x500sq/std.lang.all/79/99/asset-2767999.jpg",
    "content": "8x25cl",
    "walkRouteSequenceNumber": 3770,
    "price": {
      "basicPrice": 9.52,
      "recommendedQuantity": "1.0",
      "measurementUnitPrice": 4.76,
      "measurementUnit": "L",
      "isRedPrice": false,
      "pricePerUOM": 4.76,
      "activationDate": "12-09-2023",
      "recordSource": "Offline",
      "isPromoActive": "N",
      "priceChangeCode": "E"
    },
    "isAvailable": true,
    "isPriceAvailable": true,
    "inPromo": false,
    "gtin": [
      "05411686700170",
      "05411686700118",
      "05400141026481"
    ],
    "topCategoryName": "Dranken",
    "topCategoryId": "354",
    "businessDomain": "RETAIL_BE",
    "IsPrivateLabel": false,
    "IsBiffe": false,
    "WeightconversionFactor": "0",
    "IsWeightArticle": false,
    "IsBio": false,
    "CountryOfOrigin": "BELGIË",
    "IsExclusivelySoldInLuxembourg": false,
    "OrderUnit": "P",
    "ShortName": "LIEFMANS FRUITES 8X25CL",
    "IsNew": false,
    "EcoscoreLabel": "B",
    "RecentQuanityOfStockUnits": "1",
    "LongName": "LIEFMANS Fruitesse 3,8% 8x25cl",
    "AlcoholVolume": "3.8",
    "FicCode": "I",
    "DepositValue": [
      0.8
    ],
    "EcoscoreValue": "72"
  },
  {
    "productId": "467045",
    "technicalArticleNumber": "4065212",
    "commercialArticleNumber": "7135",
    "name": "Orange without pulp PET",
    "description": "*Sinaasappelsap\n*Puur sap\n*100 % fruit\n*Zonder pulp",
    "brand": "TROPICANA",
    "seoBrand": "Tropicana",
    "thumbNail": "https://static.colruytgroup.com/images/200x200/std.lang.all/48/96/asset-3374896.jpg",
    "fullImage": "https://static.colruytgroup.com/images/500x500/std.lang.all/48/96/asset-3374896.jpg",
    "squareImage": "https://static.colruytgroup.com/images/500x500sq/std.lang.all/48/96/asset-3374896.jpg",
    "content": "90cl",
    "walkRouteSequenceNumber": 5041,
    "price": {
      "basicPrice": 3.89,
      "recommendedQuantity": "1.0",
      "measurementUnitPrice": 4.33,
      "measurementUnit": "L",
      "isRedPrice": false,
      "pricePerUOM": 4.33,
      "activationDate": "15-03-2024",
      "recordSource": "Offline",
      "isPromoActive": "N",
      "priceChangeCode": "H"
    },
    "isAvailable": true,
    "isPriceAvailable": true,
    "inPromo": false,
    "gtin": [
      "05410188036978",
      "05410188036961"
    ],
    "topCategoryName": "Dranken",
    "topCategoryId": "354",
    "businessDomain": "RETAIL_BE",
    "IsPrivateLabel": false,
    "IsBiffe": false,
    "WeightconversionFactor": "0",
    "IsWeightArticle": false,
    "nutriscoreLabel": "C",
    "IsBio": false,
    "CountryOfOrigin": "EUROPA",
    "IsExclusivelySoldInLuxembourg": false,
    "OrderUnit": "P",
    "ShortName": "TROP OR. WITHOUT PULP90",
    "IsNew": false,
    "RecentQuanityOfStockUnits": "1,6",
    "LongName": "TROPICANA Orange without pulp PET 90cl",
    "FicCode": "E"
  },
  {
    "productId": "164857",
    "technicalArticleNumber": "3405063",
    "commercialArticleNumber": "40548",
    "name": "limonade",
    "description": "*Smaak: alpenkruiden\n*Bruisend",
    "brand": "ALMDUDLER",
    "seoBrand": "Almdudler",
    "thumbNail": "https://static.colruytgroup.com/images/200x200/std.lang.all/31/21/asset-743121.jpg",
    "fullImage": "https://static.colruytgroup.com/images/500x500/std.lang.all/31/21/asset-743121.jpg",
    "squareImage": "https://static.colruytgroup.com/images/500x500sq/std.lang.all/31/21/asset-743121.jpg",
    "content": "50cl",
    "walkRouteSequenceNumber": 4235,
    "price": {
      "basicPrice": 1.74,
      "recommendedQuantity": "6.0",
      "measurementUnitPrice": 3.48,
      "measurementUnit": "L",
      "isRedPrice": false,
      "pricePerUOM": 3.48,
      "activationDate": "02-03-2024",
      "recordSource": "Offline",
      "isPromoActive": "N",
      "priceChangeCode": "H"
    },
    "isAvailable": true,
    "isPriceAvailable": true,
    "inPromo": false,
    "gtin": [
      "09015160106630",
      "09015160108450",
      "09015160108467",
      "09015160109907",
      "09015160104971",
      "09015160106647"
    ],
    "topCategoryName": "Dranken",
    "topCategoryId": "354",
    "businessDomain": "RETAIL_BE",
    "IsPrivateLabel": false,
    "IsBiffe": false,
    "WeightconversionFactor": "0",
    "IsWeightArticle": false,
    "nutriscoreLabel": "C",
    "IsBio": false,
    "CountryOfOrigin": "OOSTENRIJK",
    "IsExclusivelySoldInLuxembourg": false,
    "OrderUnit": "P",
    "ShortName": "ALMDUDLER PET 50CL",
    "IsNew": false,
    "RecentQuanityOfStockUnits": "1,6",
    "LongName": "ALMDUDLER limonade 50cl",
    "AlcoholVolume": "0",
    "FicCode": "E"
  },
  {
    "productId": "232253",
    "technicalArticleNumber": "3573677",
    "commercialArticleNumber": "11848",
    "name": "0,0% pils bak",
    "description": "*Alcoholvrij bier\n*0 % vol",
    "brand": "JUPILER",
    "seoBrand": "Jupiler 0.0%",
    "thumbNail": "https://static.colruytgroup.com/images/200x200/std.lang.all/91/05/asset-3159105.jpg",
    "fullImage": "https://static.colruytgroup.com/images/500x500/std.lang.all/91/05/asset-3159105.jpg",
    "squareImage": "https://static.colruytgroup.com/images/500x500sq/std.lang.all/91/05/asset-3159105.jpg",
    "content": "24x25cl",
    "walkRouteSequenceNumber": 3863,
    "price": {
      "basicPrice": 20.75,
      "recommendedQuantity": "1.0",
      "measurementUnitPrice": 3.46,
      "measurementUnit": "L",
      "isRedPrice": false,
      "pricePerUOM": 3.46,
      "activationDate": "19-03-2024",
      "recordSource": "Offline",
      "isPromoActive": "N",
      "priceChangeCode": "H"
    },
    "isAvailable": true,
    "isPriceAvailable": true,
    "inPromo": false,
    "gtin": [
      "05410228231325",
      "05410228231264"
    ],
    "topCategoryName": "Dranken",
    "topCategoryId": "354",
    "businessDomain": "RETAIL_BE",
    "IsPrivateLabel": false,
    "IsBiffe": false,
    "WeightconversionFactor": "0",
    "IsWeightArticle": false,
    "nutriscoreLabel": "C",
    "IsBio": false,
    "CountryOfOrigin": "BELGIË",
    "IsExclusivelySoldInLuxembourg": false,
    "OrderUnit": "P",
    "ShortName": "JUPILER 0.0 24X25CL",
    "IsNew": false,
    "RecentQuanityOfStockUnits": "1",
    "LongName": "JUPILER 0,0% pils bak 24x25cl",
    "AlcoholVolume": "0",
    "FicCode": "E",
    "DepositValue": [
      4.5
    ]
  },
  {
    "productId": "161767",
    "technicalArticleNumber": "3253986",
    "commercialArticleNumber": "38471",
    "name": "bonen Italian style",
    "description": "*Sterkte:Intense\nkoffie\n*Koffiebonen",
    "brand": "ROMBOUTS",
    "seoBrand": "Rombouts",
    "thumbNail": "https://static.colruytgroup.com/images/200x200/std.lang.all/00/27/asset-2280027.jpg",
    "fullImage": "https://static.colruytgroup.com/images/500x500/std.lang.all/00/27/asset-2280027.jpg",
    "squareImage": "https://static.colruytgroup.com/images/500x500sq/std.lang.all/00/27/asset-2280027.jpg",
    "content": "500g",
    "walkRouteSequenceNumber": 1072,
    "price": {
      "basicPrice": 9.35,
      "recommendedQuantity": "1.0",
      "measurementUnitPrice": 18.7,
      "measurementUnit": "K",
      "isRedPrice": false,
      "pricePerUOM": 18.7,
      "activationDate": "19-03-2024",
      "recordSource": "Offline",
      "isPromoActive": "N",
      "priceChangeCode": "E"
    },
    "isAvailable": true,
    "isPriceAvailable": true,
    "inPromo": false,
    "gtin": [
      "15410173000547",
      "05410173000540"
    ],
    "topCategoryName": "Dranken",
    "topCategoryId": "354",
    "businessDomain": "RETAIL_BE",
    "IsPrivateLabel": false,
    "IsBiffe": false,
    "WeightconversionFactor": "0",
    "IsWeightArticle": false,
    "nutriscoreLabel": "B",
    "IsBio": false,
    "CountryOfOrigin": "BELGIË",
    "IsExclusivelySoldInLuxembourg": false,
    "OrderUnit": "P",
    "ShortName": "ROM ITAL STY BONEN 500G",
    "IsNew": false,
    "EcoscoreLabel": "C",
    "RecentQuanityOfStockUnits": "1,6",
    "LongName": "ROMBOUTS bonen Italian style 500g",
    "AlcoholVolume": "0",
    "FicCode": "E",
    "EcoscoreValue": "40"
  },
  {
    "productId": "1165",
    "technicalArticleNumber": "17802",
    "commercialArticleNumber": "17802",
    "name": "cider brut perzik",
    "description": "Sprankelende cider met perziken-\nsmaak.",
    "brand": "EVERYDAY",
    "seoBrand": "Everyday",
    "thumbNail": "https://static.colruytgroup.com/images/200x200/std.lang.all/02/95/asset-350295.jpg",
    "fullImage": "https://static.colruytgroup.com/images/500x500/std.lang.all/02/95/asset-350295.jpg",
    "squareImage": "https://static.colruytgroup.com/images/500x500sq/std.lang.all/02/95/asset-350295.jpg",
    "content": "75cl",
    "walkRouteSequenceNumber": 693,
    "price": {
      "basicPrice": 2.2,
      "recommendedQuantity": "1.0",
      "measurementUnitPrice": 2.94,
      "measurementUnit": "L",
      "isRedPrice": false,
      "pricePerUOM": 2.94,
      "activationDate": "12-03-2024",
      "recordSource": "Offline",
      "isPromoActive": "N",
      "priceChangeCode": "L"
    },
    "isAvailable": true,
    "isPriceAvailable": true,
    "inPromo": false,
    "gtin": [
      "25400141013263",
      "05400141013269"
    ],
    "topCategoryName": "Dranken",
    "topCategoryId": "354",
    "businessDomain": "RETAIL_BE",
    "IsPrivateLabel": true,
    "IsBiffe": false,
    "WeightconversionFactor": "0",
    "IsWeightArticle": false,
    "IsBio": false,
    "CountryOfOrigin": "BELGIË",
    "IsExclusivelySoldInLuxembourg": false,
    "OrderUnit": "P",
    "ShortName": "EVD CIDE PECHE BRUT 75C",
    "IsNew": false,
    "EcoscoreLabel": "C",
    "RecentQuanityOfStockUnits": "6,1",
    "LongName": "EVERYDAY cider brut perzik 75cl",
    "AlcoholVolume": "5",
    "FicCode": "I",
    "EcoscoreValue": "45"
  },
  {
    "productId": "385237",
    "technicalArticleNumber": "3848499",
    "commercialArticleNumber": "12698",
    "name": "rouge 8% blik",
    "brand": "KASTEEL",
    "seoBrand": "Kasteel",
    "thumbNail": "https://static.colruytgroup.com/images/200x200/std.lang.all/72/10/asset-2237210.jpg",
    "fullImage": "https://static.colruytgroup.com/images/500x500/std.lang.all/72/10/asset-2237210.jpg",
    "squareImage": "https://static.colruytgroup.com/images/500x500sq/std.lang.all/72/10/asset-2237210.jpg",
    "content": "50cl",
    "walkRouteSequenceNumber": 3763,
    "price": {
      "basicPrice": 2.49,
      "recommendedQuantity": "1.0",
      "quantityPrice": 2.39,
      "quantityPriceQuantity": "24.0",
      "measurementUnitPrice": 4.98,
      "measurementUnitQuantityPrice": 4.78,
      "measurementUnit": "L",
      "isRedPrice": false,
      "pricePerUOM": 4.98,
      "activationDate": "31-05-2023",
      "recordSource": "Offline",
      "isPromoActive": "N",
      "priceChangeCode": "E",
      "quantityPricePerUOM": 4.78,
      "quantityActivationDate": "31-05-2023",
      "quantityPriceChangeCode": "E"
    },
    "isAvailable": true,
    "isPriceAvailable": true,
    "inPromo": false,
    "gtin": [
      "05411081006112",
      "05411081007829"
    ],
    "topCategoryName": "Dranken",
    "topCategoryId": "354",
    "businessDomain": "RETAIL_BE",
    "IsPrivateLabel": false,
    "IsBiffe": false,
    "WeightconversionFactor": "0",
    "IsWeightArticle": false,
    "IsBio": false,
    "CountryOfOrigin": "BELGIË",
    "IsExclusivelySoldInLuxembourg": false,
    "OrderUnit": "P",
    "ShortName": "KAST ROUGE 50CL BLIK",
    "InSeason": true,
    "IsNew": false,
    "EcoscoreLabel": "D",
    "RecentQuanityOfStockUnits": "1,24",
    "LongName": "KASTEEL rouge 8% blik 50cl",
    "AlcoholVolume": "8",
    "StartSeasonDate": "11/02/2019",
    "FicCode": "E",
    "EcoscoreValue": "37"
  },
  {
    "productId": "1745",
    "technicalArticleNumber": "22373",
    "commercialArticleNumber": "22373",
    "name": "goudmerk gemalen",
    "description": "*Smaak: rijk en puur\n*Gemalen koffie",
    "brand": "ROMBOUTS",
    "seoBrand": "Rombouts",
    "thumbNail": "https://static.colruytgroup.com/images/200x200/std.lang.all/15/90/asset-1201590.jpg",
    "fullImage": "https://static.colruytgroup.com/images/500x500/std.lang.all/15/90/asset-1201590.jpg",
    "squareImage": "https://static.colruytgroup.com/images/500x500sq/std.lang.all/15/90/asset-1201590.jpg",
    "content": "250g",
    "walkRouteSequenceNumber": 1138,
    "price": {
      "basicPrice": 3.79,
      "recommendedQuantity": "1.0",
      "measurementUnitPrice": 15.16,
      "measurementUnit": "K",
      "isRedPrice": false,
      "pricePerUOM": 15.16,
      "activationDate": "19-03-2024",
      "recordSource": "Offline",
      "isPromoActive": "N",
      "priceChangeCode": "E"
    },
    "isAvailable": true,
    "isPriceAvailable": true,
    "inPromo": false,
    "gtin": [
      "05410173004203",
      "05410173104248",
      "15410173004200"
    ],
    "topCategoryName": "Dranken",
    "topCategoryId": "354",
    "businessDomain": "RETAIL_BE",
    "IsPrivateLabel": false,
    "IsBiffe": false,
    "WeightconversionFactor": "0",
    "IsWeightArticle": false,
    "nutriscoreLabel": "B",
    "IsBio": false,
    "CountryOfOrigin": "BELGIË",
    "IsExclusivelySoldInLuxembourg": false,
    "OrderUnit": "P",
    "ShortName": "ROMBOUTS GOUDMERK 250 G",
    "InSeason": true,
    "IsNew": false,
    "EcoscoreLabel": "C",
    "RecentQuanityOfStockUnits": "1,12",
    "LongName": "ROMBOUTS goudmerk gemalen 250g",
    "AlcoholVolume": "0",
    "StartSeasonDate": "05/01/2021",
    "FicCode": "E",
    "EcoscoreValue": "40"
  },
  {
    "productId": "324487",
    "technicalArticleNumber": "3772135",
    "commercialArticleNumber": "16721",
    "name": "Amarol 11%",
    "description": "*Bitter\n*Aperitief\n*11,0 % vol",
    "brand": "MARIE GALANTE",
    "seoBrand": "Marie Galante",
    "thumbNail": "https://static.colruytgroup.com/images/200x200/std.lang.all/85/79/asset-1508579.jpg",
    "fullImage": "https://static.colruytgroup.com/images/500x500/std.lang.all/85/79/asset-1508579.jpg",
    "squareImage": "https://static.colruytgroup.com/images/500x500sq/std.lang.all/85/79/asset-1508579.jpg",
    "content": "70cl",
    "walkRouteSequenceNumber": 862,
    "price": {
      "basicPrice": 6.49,
      "recommendedQuantity": "1.0",
      "measurementUnitPrice": 9.28,
      "measurementUnit": "L",
      "isRedPrice": false,
      "pricePerUOM": 9.28,
      "activationDate": "03-01-2024",
      "recordSource": "Offline",
      "isPromoActive": "N",
      "priceChangeCode": "H"
    },
    "isAvailable": true,
    "isPriceAvailable": true,
    "inPromo": false,
    "gtin": [
      "05400141103793",
      "15400141103790"
    ],
    "topCategoryName": "Dranken",
    "topCategoryId": "354",
    "businessDomain": "RETAIL_BE",
    "IsPrivateLabel": true,
    "IsBiffe": false,
    "WeightconversionFactor": "0",
    "IsWeightArticle": false,
    "IsBio": false,
    "CountryOfOrigin": "BELGIË",
    "IsExclusivelySoldInLuxembourg": false,
    "OrderUnit": "P",
    "ShortName": "M.GAL AMAROL 11% 70CL",
    "IsNew": false,
    "EcoscoreLabel": "D",
    "RecentQuanityOfStockUnits": "6,1",
    "LongName": "MARIE GALANTE Amarol 11% 70cl",
    "AlcoholVolume": "11",
    "FicCode": "I",
    "EcoscoreValue": "30"
  },
  {
    "productId": "1165",
    "technicalArticleNumber": "17802",
    "commercialArticleNumber": "17802",
    "name": "cider brut perzik",
    "description": "Sprankelende cider met perziken-\nsmaak.",
    "brand": "EVERYDAY",
    "seoBrand": "Everyday",
    "thumbNail": "https://static.colruytgroup.com/images/200x200/std.lang.all/02/95/asset-350295.jpg",
    "fullImage": "https://static.colruytgroup.com/images/500x500/std.lang.all/02/95/asset-350295.jpg",
    "squareImage": "https://static.colruytgroup.com/images/500x500sq/std.lang.all/02/95/asset-350295.jpg",
    "content": "75cl",
    "walkRouteSequenceNumber": 693,
    "price": {
      "basicPrice": 2.2,
      "recommendedQuantity": "1.0",
      "measurementUnitPrice": 2.94,
      "measurementUnit": "L",
      "isRedPrice": false,
      "pricePerUOM": 2.94,
      "activationDate": "12-03-2024",
      "recordSource": "Offline",
      "isPromoActive": "N",
      "priceChangeCode": "L"
    },
    "isAvailable": true,
    "isPriceAvailable": true,
    "inPromo": false,
    "gtin": [
      "25400141013263",
      "05400141013269"
    ],
    "topCategoryName": "Dranken",
    "topCategoryId": "354",
    "businessDomain": "RETAIL_BE",
    "IsPrivateLabel": true,
    "IsBiffe": false,
    "WeightconversionFactor": "0",
    "IsWeightArticle": false,
    "IsBio": false,
    "CountryOfOrigin": "BELGIË",
    "IsExclusivelySoldInLuxembourg": false,
    "OrderUnit": "P",
    "ShortName": "EVD CIDE PECHE BRUT 75C",
    "IsNew": false,
    "EcoscoreLabel": "C",
    "RecentQuanityOfStockUnits": "6,1",
    "LongName": "EVERYDAY cider brut perzik 75cl",
    "AlcoholVolume": "5",
    "FicCode": "I",
    "EcoscoreValue": "45"
  },
  {
    "productId": "446318",
    "technicalArticleNumber": "4030288",
    "commercialArticleNumber": "5546",
    "name": "0,0% pils blik",
    "description": "*Alcoholvrij bier\n*0,0 % vol",
    "brand": "CARLSBERG",
    "seoBrand": "Carlsberg",
    "thumbNail": "https://static.colruytgroup.com/images/200x200/std.lang.all/12/48/asset-2731248.jpg",
    "fullImage": "https://static.colruytgroup.com/images/500x500/std.lang.all/12/48/asset-2731248.jpg",
    "squareImage": "https://static.colruytgroup.com/images/500x500sq/std.lang.all/12/48/asset-2731248.jpg",
    "content": "33cl",
    "walkRouteSequenceNumber": 3846,
    "price": {
      "basicPrice": 1.64,
      "recommendedQuantity": "6.0",
      "quantityPrice": 1.57,
      "quantityPriceQuantity": "24.0",
      "measurementUnitPrice": 4.97,
      "measurementUnitQuantityPrice": 4.76,
      "measurementUnit": "L",
      "isRedPrice": false,
      "pricePerUOM": 4.97,
      "activationDate": "14-02-2024",
      "recordSource": "Offline",
      "isPromoActive": "N",
      "priceChangeCode": "E",
      "quantityPricePerUOM": 4.76,
      "quantityActivationDate": "14-02-2024",
      "quantityPriceChangeCode": "E"
    },
    "isAvailable": true,
    "isPriceAvailable": true,
    "inPromo": false,
    "gtin": [
      "03080216055909",
      "03080216055893",
      "03080216055916",
      "07612900341287",
      "07612900341300",
      "07612900341294"
    ],
    "topCategoryName": "Dranken",
    "topCategoryId": "354",
    "businessDomain": "RETAIL_BE",
    "IsPrivateLabel": false,
    "IsBiffe": false,
    "WeightconversionFactor": "0",
    "IsWeightArticle": false,
    "nutriscoreLabel": "B",
    "IsBio": false,
    "CountryOfOrigin": "FRANKRIJK",
    "IsExclusivelySoldInLuxembourg": false,
    "OrderUnit": "P",
    "ShortName": "CARL 0.0% BLIK 33CL",
    "IsNew": false,
    "EcoscoreLabel": "C",
    "RecentQuanityOfStockUnits": "1,6,24",
    "LongName": "CARLSBERG 0,0% pils blik 33cl",
    "AlcoholVolume": "0",
    "FicCode": "E",
    "EcoscoreValue": "53"
  },
  {
    "productId": "516009",
    "technicalArticleNumber": "4096976",
    "commercialArticleNumber": "8345",
    "name": "niet-bruis. Lime-Jasmine",
    "description": "*Mineraalwater\n*Niet-bruisend\n*Limoen en jasmijn",
    "brand": "SPA TOUCH",
    "seoBrand": "Spa Touch",
    "thumbNail": "https://static.colruytgroup.com/images/200x200/std.lang.all/20/61/asset-2662061.jpg",
    "fullImage": "https://static.colruytgroup.com/images/500x500/std.lang.all/20/61/asset-2662061.jpg",
    "squareImage": "https://static.colruytgroup.com/images/500x500sq/std.lang.all/20/61/asset-2662061.jpg",
    "content": "50cl",
    "walkRouteSequenceNumber": 4038,
    "price": {
      "basicPrice": 0.79,
      "recommendedQuantity": "6.0",
      "measurementUnitPrice": 1.58,
      "measurementUnit": "L",
      "isRedPrice": false,
      "pricePerUOM": 1.58,
      "activationDate": "25-01-2024",
      "recordSource": "Offline",
      "isPromoActive": "N",
      "priceChangeCode": "E"
    },
    "isAvailable": true,
    "isPriceAvailable": true,
    "inPromo": false,
    "gtin": [
      "05410013186519",
      "05410013186526",
      "05410013186502"
    ],
    "topCategoryName": "Dranken",
    "topCategoryId": "354",
    "businessDomain": "RETAIL_BE",
    "IsPrivateLabel": false,
    "IsBiffe": false,
    "WeightconversionFactor": "0",
    "IsWeightArticle": false,
    "nutriscoreLabel": "A",
    "IsBio": false,
    "CountryOfOrigin": "BELGIË",
    "IsExclusivelySoldInLuxembourg": false,
    "OrderUnit": "P",
    "ShortName": "SPA TOUC LIME-JASM.50CL",
    "IsNew": false,
    "RecentQuanityOfStockUnits": "24,1,6",
    "LongName": "SPA TOUCH niet-bruis. Lime-Jasmine 50cl",
    "FicCode": "E"
  },
  {
    "productId": "689981",
    "technicalArticleNumber": "4415869",
    "commercialArticleNumber": "16314",
    "name": "Fruitesse Alcohol Free",
    "description": "*Fruitbier\n*Alcoholvrij",
    "brand": "LIEFMANS",
    "seoBrand": "Liefmans",
    "thumbNail": "https://static.colruytgroup.com/images/200x200/std.lang.all/80/01/asset-2768001.jpg",
    "fullImage": "https://static.colruytgroup.com/images/500x500/std.lang.all/80/01/asset-2768001.jpg",
    "squareImage": "https://static.colruytgroup.com/images/500x500sq/std.lang.all/80/01/asset-2768001.jpg",
    "content": "6x25cl",
    "walkRouteSequenceNumber": 3843,
    "price": {
      "basicPrice": 7.48,
      "recommendedQuantity": "1.0",
      "measurementUnitPrice": 4.99,
      "measurementUnit": "L",
      "isRedPrice": false,
      "pricePerUOM": 4.99,
      "activationDate": "02-03-2024",
      "recordSource": "Offline",
      "isPromoActive": "N",
      "priceChangeCode": "H"
    },
    "isAvailable": true,
    "isPriceAvailable": true,
    "inPromo": false,
    "gtin": [
      "05400141962765",
      "05411686701504",
      "05411686701603"
    ],
    "topCategoryName": "Dranken",
    "topCategoryId": "354",
    "businessDomain": "RETAIL_BE",
    "IsPrivateLabel": false,
    "IsBiffe": false,
    "WeightconversionFactor": "0",
    "IsWeightArticle": false,
    "IsBio": false,
    "CountryOfOrigin": "BELGIË",
    "IsExclusivelySoldInLuxembourg": false,
    "OrderUnit": "P",
    "ShortName": "LIEF FRUITESSE0% 6X25CL",
    "IsNew": false,
    "EcoscoreLabel": "B",
    "RecentQuanityOfStockUnits": "1",
    "LongName": "LIEFMANS Fruitesse Alcohol Free 6x25cl",
    "AlcoholVolume": "0.3",
    "FicCode": "E",
    "DepositValue": [
      0.6
    ],
    "EcoscoreValue": "72"
  },
  {
    "productId": "858998",
    "technicalArticleNumber": "4709298",
    "commercialArticleNumber": "31758",
    "name": "plantaardig amandeldrink",
    "description": "*Plantaardig",
    "brand": "CAMPINA",
    "seoBrand": "Campina",
    "thumbNail": "https://static.colruytgroup.com/images/200x200/std.lang.all/47/12/asset-3194712.jpg",
    "fullImage": "https://static.colruytgroup.com/images/500x500/std.lang.all/47/12/asset-3194712.jpg",
    "squareImage": "https://static.colruytgroup.com/images/500x500sq/std.lang.all/47/12/asset-3194712.jpg",
    "content": "1L",
    "walkRouteSequenceNumber": 6263,
    "price": {
      "basicPrice": 2.79,
      "recommendedQuantity": "1.0",
      "measurementUnitPrice": 2.79,
      "measurementUnit": "L",
      "isRedPrice": false,
      "pricePerUOM": 2.79,
      "activationDate": "13-03-2024",
      "isPromoActive": "Y",
      "priceChangeCode": "E"
    },
    "isAvailable": true,
    "isPriceAvailable": true,
    "inPromo": true,
    "promotion": [
      {
        "techPromoId": "100836COLR",
        "promotionId": "100836",
        "promotionType": "4",
        "isPersonalized": "N",
        "publicationStartDate": "13-03-2024",
        "publicationEndDate": "26-03-2024"
      }
    ],
    "gtin": [
      "05410438045750",
      "05410438045743"
    ],
    "topCategoryName": "Zuivel",
    "topCategoryId": "65",
    "businessDomain": "RETAIL_BE",
    "IsPrivateLabel": false,
    "IsBiffe": false,
    "WeightconversionFactor": "0",
    "IsWeightArticle": false,
    "nutriscoreLabel": "A",
    "IsBio": false,
    "CountryOfOrigin": "PORTUGAL",
    "IsExclusivelySoldInLuxembourg": false,
    "OrderUnit": "P",
    "ShortName": "CAMP PLANTAAR.AMANDEL1L",
    "IsNew": false,
    "EcoscoreLabel": "C",
    "RecentQuanityOfStockUnits": "6,1",
    "LongName": "CAMPINA plantaardig amandeldrink 1L",
    "AlcoholVolume": "0",
    "FicCode": "E",
    "EcoscoreValue": "59"
  },
  {
    "productId": "614609",
    "technicalArticleNumber": "4289955",
    "commercialArticleNumber": "23349",
    "name": "caps Pike Place",
    "description": "*Intense koffie\n*Caps",
    "brand": "STARBUCKS",
    "seoBrand": "Starbucks",
    "thumbNail": "https://static.colruytgroup.com/images/200x200/std.lang.all/70/69/asset-3447069.jpg",
    "fullImage": "https://static.colruytgroup.com/images/500x500/std.lang.all/70/69/asset-3447069.jpg",
    "squareImage": "https://static.colruytgroup.com/images/500x500sq/std.lang.all/70/69/asset-3447069.jpg",
    "content": "10st",
    "walkRouteSequenceNumber": 1037,
    "price": {
      "basicPrice": 4.29,
      "recommendedQuantity": "1.0",
      "quantityPrice": 2.49,
      "quantityPriceQuantity": "4.0",
      "measurementUnitPrice": 80.95,
      "measurementUnitQuantityPrice": 46.99,
      "measurementUnit": "K",
      "isRedPrice": false,
      "pricePerUOM": 80.95,
      "activationDate": "23-03-2024",
      "recordSource": "Offline",
      "isPromoActive": "N",
      "priceChangeCode": "E",
      "quantityPricePerUOM": 46.99,
      "quantityActivationDate": "23-03-2024",
      "quantityPriceChangeCode": "E"
    },
    "isAvailable": true,
    "isPriceAvailable": true,
    "inPromo": false,
    "gtin": [
      "07613036961769",
      "07613037048346"
    ],
    "topCategoryName": "Dranken",
    "topCategoryId": "354",
    "businessDomain": "RETAIL_BE",
    "IsPrivateLabel": false,
    "IsBiffe": false,
    "WeightconversionFactor": "0",
    "IsWeightArticle": false,
    "nutriscoreLabel": "B",
    "IsBio": false,
    "CountryOfOrigin": "ZWITSERLAND",
    "IsExclusivelySoldInLuxembourg": false,
    "OrderUnit": "P",
    "ShortName": "STAR PIKE PLACE 10CAPS",
    "IsNew": false,
    "RecentQuanityOfStockUnits": "1,12",
    "LongName": "STARBUCKS caps Pike Place 10st",
    "FicCode": "E"
  },
  {
    "productId": "604476",
    "technicalArticleNumber": "4273698",
    "commercialArticleNumber": "23031",
    "name": "Ice Tea Zero Peach",
    "description": "*Ice tea\n*Perziksmaak\n*Non-sparkling\n*Ijs thee\n*Soft drink",
    "brand": "LIPTON",
    "seoBrand": "Lipton Zero",
    "thumbNail": "https://static.colruytgroup.com/images/200x200/std.lang.all/11/89/asset-2091189.jpg",
    "fullImage": "https://static.colruytgroup.com/images/500x500/std.lang.all/11/89/asset-2091189.jpg",
    "squareImage": "https://static.colruytgroup.com/images/500x500sq/std.lang.all/11/89/asset-2091189.jpg",
    "content": "50cl",
    "walkRouteSequenceNumber": 4211,
    "price": {
      "basicPrice": 1.41,
      "recommendedQuantity": "6.0",
      "quantityPrice": 1.35,
      "quantityPriceQuantity": "48.0",
      "measurementUnitPrice": 2.82,
      "measurementUnitQuantityPrice": 2.7,
      "measurementUnit": "L",
      "isRedPrice": false,
      "pricePerUOM": 2.82,
      "activationDate": "17-02-2024",
      "recordSource": "Offline",
      "isPromoActive": "N",
      "priceChangeCode": "E",
      "quantityPricePerUOM": 2.7,
      "quantityActivationDate": "17-02-2024",
      "quantityPriceChangeCode": "E"
    },
    "isAvailable": true,
    "isPriceAvailable": true,
    "inPromo": false,
    "gtin": [
      "08710604775274",
      "08710604774178",
      "08710604774239"
    ],
    "topCategoryName": "Dranken",
    "topCategoryId": "354",
    "businessDomain": "RETAIL_BE",
    "IsPrivateLabel": false,
    "IsBiffe": false,
    "WeightconversionFactor": "0",
    "IsWeightArticle": false,
    "nutriscoreLabel": "C",
    "IsBio": false,
    "CountryOfOrigin": "BELGIË",
    "IsExclusivelySoldInLuxembourg": false,
    "OrderUnit": "P",
    "ShortName": "LIPT ICE TEA Z.PEACH50C",
    "IsNew": false,
    "RecentQuanityOfStockUnits": "1,24,6",
    "LongName": "LIPTON Ice Tea Zero Peach 50cl",
    "FicCode": "E"
  },
  {
    "productId": "156386",
    "technicalArticleNumber": "3270566",
    "commercialArticleNumber": "21104",
    "name": "10 11,3%vol",
    "description": "*11,3 % vol\n*Trappistenbier\n*Nagisting op fles",
    "brand": "TRAPPISTES ROCHEFORT",
    "seoBrand": "Trappistes Rochefort",
    "thumbNail": "https://static.colruytgroup.com/images/200x200/std.lang.all/71/41/asset-547141.jpg",
    "fullImage": "https://static.colruytgroup.com/images/500x500/std.lang.all/71/41/asset-547141.jpg",
    "squareImage": "https://static.colruytgroup.com/images/500x500sq/std.lang.all/71/41/asset-547141.jpg",
    "content": "6x33cl",
    "walkRouteSequenceNumber": 3621,
    "price": {
      "basicPrice": 13.14,
      "recommendedQuantity": "1.0",
      "measurementUnitPrice": 6.64,
      "measurementUnit": "L",
      "isRedPrice": false,
      "pricePerUOM": 6.64,
      "activationDate": "13-11-2023",
      "recordSource": "Offline",
      "isPromoActive": "N",
      "priceChangeCode": "E"
    },
    "isAvailable": true,
    "isPriceAvailable": true,
    "inPromo": false,
    "gtin": [
      "05412858000104",
      "05400141087598"
    ],
    "topCategoryName": "Dranken",
    "topCategoryId": "354",
    "businessDomain": "RETAIL_BE",
    "IsPrivateLabel": false,
    "IsBiffe": false,
    "WeightconversionFactor": "0",
    "IsWeightArticle": false,
    "IsBio": false,
    "CountryOfOrigin": "BELGIË",
    "IsExclusivelySoldInLuxembourg": false,
    "OrderUnit": "P",
    "ShortName": "RE ROCHEFORT 10 6X33CL",
    "IsNew": false,
    "EcoscoreLabel": "B",
    "RecentQuanityOfStockUnits": "1",
    "LongName": "TRAPPISTES ROCHEFORT 10 11,3%vol 6x33cl",
    "AlcoholVolume": "11.3",
    "FicCode": "I",
    "DepositValue": [
      0.6
    ],
    "EcoscoreValue": "72"
  },
  {
    "productId": "331806",
    "technicalArticleNumber": "3814760",
    "commercialArticleNumber": "18603",
    "name": "groene thee",
    "description": "*Groene thee\n*Los",
    "brand": "BOURAZA",
    "seoBrand": "Bouraza",
    "thumbNail": "https://static.colruytgroup.com/images/200x200/std.lang.all/43/91/asset-1464391.jpg",
    "fullImage": "https://static.colruytgroup.com/images/500x500/std.lang.all/43/91/asset-1464391.jpg",
    "squareImage": "https://static.colruytgroup.com/images/500x500sq/std.lang.all/43/91/asset-1464391.jpg",
    "content": "400g",
    "walkRouteSequenceNumber": 1240,
    "price": {
      "basicPrice": 4.69,
      "recommendedQuantity": "1.0",
      "measurementUnitPrice": 11.73,
      "measurementUnit": "K",
      "isRedPrice": false,
      "pricePerUOM": 11.73,
      "activationDate": "21-03-2024",
      "isPromoActive": "N",
      "priceChangeCode": "L"
    },
    "isAvailable": true,
    "isPriceAvailable": true,
    "inPromo": false,
    "gtin": [
      "05412535004616",
      "05412535004609"
    ],
    "topCategoryName": "Dranken",
    "topCategoryId": "354",
    "businessDomain": "RETAIL_BE",
    "IsPrivateLabel": false,
    "IsBiffe": false,
    "WeightconversionFactor": "0",
    "IsWeightArticle": false,
    "nutriscoreLabel": "B",
    "IsBio": false,
    "CountryOfOrigin": "CHINA (VOLKSREBUPLIEK)",
    "IsExclusivelySoldInLuxembourg": false,
    "OrderUnit": "P",
    "ShortName": "BOURAZA GR THEE 400G",
    "IsNew": false,
    "EcoscoreLabel": "B",
    "RecentQuanityOfStockUnits": "15,1",
    "LongName": "BOURAZA groene thee 400g",
    "AlcoholVolume": "0",
    "FicCode": "E",
    "EcoscoreValue": "79"
  },
  {
    "productId": "591901",
    "technicalArticleNumber": "4250827",
    "commercialArticleNumber": "15804",
    "name": "Hydrate",
    "brand": "VITAMIN WELL",
    "seoBrand": "Vitamin Well",
    "thumbNail": "https://static.colruytgroup.com/images/200x200/std.lang.all/87/81/asset-2048781.jpg",
    "fullImage": "https://static.colruytgroup.com/images/500x500/std.lang.all/87/81/asset-2048781.jpg",
    "squareImage": "https://static.colruytgroup.com/images/500x500sq/std.lang.all/87/81/asset-2048781.jpg",
    "content": "50cl",
    "walkRouteSequenceNumber": 4717,
    "price": {
      "basicPrice": 1.75,
      "recommendedQuantity": "1.0",
      "measurementUnitPrice": 3.5,
      "measurementUnit": "L",
      "isRedPrice": false,
      "pricePerUOM": 3.5,
      "activationDate": "28-02-2024",
      "recordSource": "Online",
      "isPromoActive": "N",
      "priceChangeCode": "E"
    },
    "isAvailable": true,
    "isPriceAvailable": true,
    "inPromo": false,
    "gtin": [
      "07350042716937",
      "27350042716931",
      "27350042718317",
      "07350042718672"
    ],
    "topCategoryName": "Dranken",
    "topCategoryId": "354",
    "businessDomain": "RETAIL_BE",
    "IsPrivateLabel": false,
    "IsBiffe": false,
    "WeightconversionFactor": "0",
    "IsWeightArticle": false,
    "nutriscoreLabel": "C",
    "IsBio": false,
    "CountryOfOrigin": "ZWEDEN",
    "IsExclusivelySoldInLuxembourg": false,
    "OrderUnit": "P",
    "ShortName": "VIWE HYDRATE 50CL",
    "InSeason": true,
    "IsNew": false,
    "RecentQuanityOfStockUnits": "1,12",
    "LongName": "VITAMIN WELL Hydrate 50cl",
    "StartSeasonDate": "20/08/2020",
    "FicCode": "E"
  },
  {
    "productId": "39327",
    "technicalArticleNumber": "1789388",
    "commercialArticleNumber": "6966",
    "name": "blond 7,5%",
    "description": "*Abdijbier\n*7,5 % vol\n*Nagisting op fles",
    "brand": "ST FEUILLIEN",
    "seoBrand": "St Feuillien",
    "thumbNail": "https://static.colruytgroup.com/images/200x200/std.lang.all/00/30/asset-2080030.jpg",
    "fullImage": "https://static.colruytgroup.com/images/500x500/std.lang.all/00/30/asset-2080030.jpg",
    "squareImage": "https://static.colruytgroup.com/images/500x500sq/std.lang.all/00/30/asset-2080030.jpg",
    "content": "6x33cl",
    "walkRouteSequenceNumber": 3641,
    "price": {
      "basicPrice": 8.38,
      "recommendedQuantity": "1.0",
      "measurementUnitPrice": 4.24,
      "measurementUnit": "L",
      "isRedPrice": false,
      "pricePerUOM": 4.24,
      "activationDate": "23-03-2024",
      "recordSource": "Folder",
      "isPromoActive": "Y",
      "priceChangeCode": "H"
    },
    "isAvailable": true,
    "isPriceAvailable": true,
    "inPromo": true,
    "promotion": [
      {
        "techPromoId": "100954COLR",
        "promotionId": "100954",
        "promotionType": "0",
        "isPersonalized": "N",
        "publicationStartDate": "13-03-2024",
        "publicationEndDate": "26-03-2024"
      }
    ],
    "gtin": [
      "00000025069662",
      "05400141969665"
    ],
    "topCategoryName": "Dranken",
    "topCategoryId": "354",
    "businessDomain": "RETAIL_BE",
    "IsPrivateLabel": false,
    "IsBiffe": false,
    "WeightconversionFactor": "0",
    "IsWeightArticle": false,
    "IsBio": false,
    "CountryOfOrigin": "BELGIË",
    "IsExclusivelySoldInLuxembourg": false,
    "OrderUnit": "P",
    "ShortName": "RE ST.FEUIL.BLOND 6X33C",
    "IsNew": false,
    "EcoscoreLabel": "D",
    "RecentQuanityOfStockUnits": "1",
    "LongName": "ST FEUILLIEN blond 7,5% 6x33cl",
    "AlcoholVolume": "7.5",
    "FicCode": "I",
    "DepositValue": [
      0.6
    ],
    "EcoscoreValue": "37"
  },
  {
    "productId": "814534",
    "technicalArticleNumber": "4642795",
    "commercialArticleNumber": "17382",
    "name": "Mom.citroen-framboos",
    "description": "*Bruisende limonade\n*Citroen, framboos",
    "brand": "SAN PELLEGRINO",
    "seoBrand": "San Pellegrino",
    "thumbNail": "https://static.colruytgroup.com/images/200x200/nl_be/55/75/asset-3205575.jpg",
    "fullImage": "https://static.colruytgroup.com/images/500x500/nl_be/55/75/asset-3205575.jpg",
    "squareImage": "https://static.colruytgroup.com/images/500x500sq/nl_be/55/75/asset-3205575.jpg",
    "content": "33cl",
    "walkRouteSequenceNumber": 4257,
    "price": {
      "basicPrice": 0.915,
      "recommendedQuantity": "6.0",
      "measurementUnitPrice": 2.78,
      "measurementUnit": "L",
      "isRedPrice": false,
      "pricePerUOM": 2.78,
      "activationDate": "23-03-2024",
      "recordSource": "Offline",
      "isPromoActive": "N",
      "priceChangeCode": "E"
    },
    "isAvailable": true,
    "isPriceAvailable": true,
    "inPromo": false,
    "gtin": [
      "08002270656668",
      "08002270646676",
      "08002270646669"
    ],
    "topCategoryName": "Dranken",
    "topCategoryId": "354",
    "businessDomain": "RETAIL_BE",
    "IsPrivateLabel": false,
    "IsBiffe": false,
    "WeightconversionFactor": "0",
    "IsWeightArticle": false,
    "nutriscoreLabel": "C",
    "IsBio": false,
    "CountryOfOrigin": "ITALIË",
    "IsExclusivelySoldInLuxembourg": false,
    "OrderUnit": "P",
    "ShortName": "SANP MOM.CITR-FRAMB33CL",
    "IsNew": false,
    "RecentQuanityOfStockUnits": "6,1,24",
    "LongName": "SAN PELLEGRINO Mom.citroen-framboos 33cl",
    "FicCode": "E"
  },
  {
    "productId": "488962",
    "technicalArticleNumber": "4037396",
    "commercialArticleNumber": "5866",
    "name": "Infusion hibiscus Bio",
    "description": "*Smaak: hibiscus\n*Niet-bruisend",
    "brand": "VOLVIC",
    "seoBrand": "Volvic",
    "thumbNail": "https://static.colruytgroup.com/images/200x200/std.lang.all/86/46/asset-3368646.jpg",
    "fullImage": "https://static.colruytgroup.com/images/500x500/std.lang.all/86/46/asset-3368646.jpg",
    "squareImage": "https://static.colruytgroup.com/images/500x500sq/std.lang.all/86/46/asset-3368646.jpg",
    "content": "75cl",
    "walkRouteSequenceNumber": 4054,
    "price": {
      "basicPrice": 2.49,
      "recommendedQuantity": "6.0",
      "measurementUnitPrice": 3.32,
      "measurementUnit": "L",
      "isRedPrice": false,
      "pricePerUOM": 3.32,
      "activationDate": "22-03-2024",
      "recordSource": "Offline",
      "isPromoActive": "Y",
      "priceChangeCode": "L"
    },
    "isAvailable": true,
    "isPriceAvailable": true,
    "inPromo": true,
    "promotion": [
      {
        "techPromoId": "100890COLR",
        "promotionId": "100890",
        "promotionType": "3",
        "isPersonalized": "N",
        "publicationStartDate": "13-03-2024",
        "publicationEndDate": "26-03-2024"
      }
    ],
    "gtin": [
      "03057640508998",
      "03057640508813"
    ],
    "topCategoryName": "Dranken",
    "topCategoryId": "354",
    "businessDomain": "RETAIL_BE",
    "IsPrivateLabel": false,
    "IsBiffe": false,
    "WeightconversionFactor": "0",
    "IsWeightArticle": false,
    "IsBio": true,
    "CountryOfOrigin": "FRANKRIJK",
    "IsExclusivelySoldInLuxembourg": false,
    "OrderUnit": "P",
    "ShortName": "VOLV INFUSION HIBIS.75C",
    "IsNew": false,
    "RecentQuanityOfStockUnits": "1,6",
    "LongName": "VOLVIC Infusion hibiscus Bio 75cl",
    "FicCode": "E"
  },
  {
    "productId": "54174",
    "technicalArticleNumber": "2387797",
    "commercialArticleNumber": "7856",
    "name": "Vodka 37,5%",
    "description": "*Vodka\n*Basis voor cocktail\n*37,5 % vol",
    "brand": "POLIAKOV",
    "seoBrand": "Poliakov",
    "thumbNail": "https://static.colruytgroup.com/images/200x200/std.lang.all/32/08/asset-743208.jpg",
    "fullImage": "https://static.colruytgroup.com/images/500x500/std.lang.all/32/08/asset-743208.jpg",
    "squareImage": "https://static.colruytgroup.com/images/500x500sq/std.lang.all/32/08/asset-743208.jpg",
    "content": "70cl",
    "walkRouteSequenceNumber": 847,
    "price": {
      "basicPrice": 16.39,
      "recommendedQuantity": "1.0",
      "measurementUnitPrice": 23.42,
      "measurementUnit": "L",
      "isRedPrice": false,
      "pricePerUOM": 23.42,
      "activationDate": "14-03-2024",
      "recordSource": "Offline",
      "isPromoActive": "N",
      "priceChangeCode": "H"
    },
    "isAvailable": true,
    "isPriceAvailable": true,
    "inPromo": false,
    "gtin": [
      "03147691303410",
      "03147691306053",
      "03147691015955",
      "03147691247363",
      "03147691281589",
      "03147691302512",
      "03147691297764",
      "03147690061007"
    ],
    "topCategoryName": "Dranken",
    "topCategoryId": "354",
    "businessDomain": "RETAIL_BE",
    "IsPrivateLabel": false,
    "IsBiffe": false,
    "WeightconversionFactor": "0",
    "IsWeightArticle": false,
    "IsBio": false,
    "CountryOfOrigin": "FRANKRIJK",
    "IsExclusivelySoldInLuxembourg": false,
    "OrderUnit": "P",
    "ShortName": "POLI VODKA 37.5% 70CL",
    "IsNew": false,
    "EcoscoreLabel": "D",
    "RecentQuanityOfStockUnits": "1,6,6",
    "LongName": "POLIAKOV Vodka 37,5% 70cl",
    "AlcoholVolume": "37.5",
    "FicCode": "E",
    "EcoscoreValue": "38"
  },
  {
    "productId": "1276",
    "technicalArticleNumber": "19009",
    "commercialArticleNumber": "19009",
    "name": "Puerto Galero rood 19%",
    "description": "*Likeurwijn\n*Aperitief\n*19,0 % vol",
    "brand": "MARIE GALANTE",
    "seoBrand": "Marie Galante",
    "thumbNail": "https://static.colruytgroup.com/images/200x200/std.lang.all/31/30/asset-1463130.jpg",
    "fullImage": "https://static.colruytgroup.com/images/500x500/std.lang.all/31/30/asset-1463130.jpg",
    "squareImage": "https://static.colruytgroup.com/images/500x500sq/std.lang.all/31/30/asset-1463130.jpg",
    "content": "3L",
    "walkRouteSequenceNumber": 729,
    "price": {
      "basicPrice": 13.9,
      "recommendedQuantity": "1.0",
      "measurementUnitPrice": 4.64,
      "measurementUnit": "L",
      "isRedPrice": false,
      "pricePerUOM": 4.64,
      "activationDate": "10-11-2022",
      "isPromoActive": "N",
      "priceChangeCode": "E"
    },
    "isAvailable": true,
    "isPriceAvailable": true,
    "inPromo": false,
    "gtin": [
      "05400141015041",
      "05400141103519"
    ],
    "topCategoryName": "Dranken",
    "topCategoryId": "354",
    "businessDomain": "RETAIL_BE",
    "IsPrivateLabel": true,
    "IsBiffe": false,
    "WeightconversionFactor": "0",
    "IsWeightArticle": false,
    "IsBio": false,
    "CountryOfOrigin": "BELGIË",
    "IsExclusivelySoldInLuxembourg": false,
    "OrderUnit": "P",
    "ShortName": "MAGA PUERTO GALER BIB3L",
    "IsNew": false,
    "EcoscoreLabel": "C",
    "RecentQuanityOfStockUnits": "1",
    "LongName": "MARIE GALANTE Puerto Galero rood 19% 3L",
    "AlcoholVolume": "19",
    "FicCode": "I",
    "EcoscoreValue": "41"
  },
  {
    "productId": "9853",
    "technicalArticleNumber": "1346568",
    "commercialArticleNumber": "22208",
    "name": "Green tea Bright citrus",
    "description": "*Instant thee\n*Citroen",
    "brand": "LIPTON",
    "seoBrand": "Lipton",
    "thumbNail": "https://static.colruytgroup.com/images/200x200/std.lang.all/31/43/asset-2353143.jpg",
    "fullImage": "https://static.colruytgroup.com/images/500x500/std.lang.all/31/43/asset-2353143.jpg",
    "squareImage": "https://static.colruytgroup.com/images/500x500sq/std.lang.all/31/43/asset-2353143.jpg",
    "content": "100st",
    "walkRouteSequenceNumber": 1284,
    "price": {
      "basicPrice": 8.95,
      "recommendedQuantity": "1.0",
      "quantityPrice": 8.59,
      "quantityPriceQuantity": "3.0",
      "measurementUnitPrice": 68.85,
      "measurementUnitQuantityPrice": 66.08,
      "measurementUnit": "K",
      "isRedPrice": false,
      "pricePerUOM": 68.85,
      "activationDate": "03-01-2024",
      "isPromoActive": "N",
      "priceChangeCode": "H",
      "quantityPricePerUOM": 66.08,
      "quantityActivationDate": "03-01-2024",
      "quantityPriceChangeCode": "L"
    },
    "isAvailable": true,
    "isPriceAvailable": true,
    "inPromo": false,
    "gtin": [
      "08711327520905",
      "08711327520912",
      "08712100972683",
      "05410033804172"
    ],
    "topCategoryName": "Dranken",
    "topCategoryId": "354",
    "businessDomain": "RETAIL_BE",
    "IsPrivateLabel": false,
    "IsBiffe": false,
    "WeightconversionFactor": "0",
    "IsWeightArticle": false,
    "nutriscoreLabel": "B",
    "IsBio": false,
    "CountryOfOrigin": "FRANKRIJK",
    "IsExclusivelySoldInLuxembourg": false,
    "OrderUnit": "P",
    "ShortName": "LIPT CLEAR GREEN TEA100",
    "IsNew": false,
    "EcoscoreLabel": "B",
    "RecentQuanityOfStockUnits": "1,12",
    "LongName": "LIPTON Green tea Bright citrus 100st",
    "AlcoholVolume": "0",
    "FicCode": "E",
    "EcoscoreValue": "79"
  },
  {
    "productId": "706229",
    "technicalArticleNumber": "4443089",
    "commercialArticleNumber": "13909",
    "name": "caps Lungo Piano 4 RFA",
    "brand": "GRAINDOR",
    "seoBrand": "Graindor",
    "thumbNail": "https://static.colruytgroup.com/images/200x200/std.lang.all/07/02/asset-3310702.jpg",
    "fullImage": "https://static.colruytgroup.com/images/500x500/std.lang.all/07/02/asset-3310702.jpg",
    "squareImage": "https://static.colruytgroup.com/images/500x500sq/std.lang.all/07/02/asset-3310702.jpg",
    "content": "20st",
    "walkRouteSequenceNumber": 1045,
    "price": {
      "basicPrice": 4.79,
      "recommendedQuantity": "1.0",
      "measurementUnitPrice": 46.06,
      "measurementUnit": "K",
      "isRedPrice": false,
      "pricePerUOM": 46.06,
      "activationDate": "13-03-2024",
      "isPromoActive": "N",
      "priceChangeCode": "E"
    },
    "isAvailable": true,
    "isPriceAvailable": true,
    "inPromo": false,
    "gtin": [
      "05400141704761",
      "15400141704768"
    ],
    "topCategoryName": "Dranken",
    "topCategoryId": "354",
    "businessDomain": "RETAIL_BE",
    "IsPrivateLabel": true,
    "IsBiffe": false,
    "WeightconversionFactor": "0",
    "IsWeightArticle": false,
    "nutriscoreLabel": "B",
    "IsBio": false,
    "CountryOfOrigin": "BELGIË",
    "IsExclusivelySoldInLuxembourg": false,
    "OrderUnit": "P",
    "ShortName": "GRDR LUN PIAN.RF 20CUP",
    "IsNew": false,
    "EcoscoreLabel": "C",
    "RecentQuanityOfStockUnits": "1,6",
    "LongName": "GRAINDOR caps Lungo Piano 4 RFA 20st",
    "AlcoholVolume": "0",
    "FicCode": "I",
    "EcoscoreValue": "50"
  },
  {
    "productId": "876200",
    "technicalArticleNumber": "4731384",
    "commercialArticleNumber": "1313",
    "name": "Summer Cool Exotic Candy",
    "description": "*Energiedrank\n*Bevat cafeïne",
    "brand": "HELL",
    "seoBrand": "Hell",
    "thumbNail": "https://static.colruytgroup.com/images/200x200/std.lang.all/21/99/asset-3342199.jpg",
    "fullImage": "https://static.colruytgroup.com/images/500x500/std.lang.all/21/99/asset-3342199.jpg",
    "squareImage": "https://static.colruytgroup.com/images/500x500sq/std.lang.all/21/99/asset-3342199.jpg",
    "content": "25cl",
    "walkRouteSequenceNumber": 4692,
    "price": {
      "basicPrice": 0.79,
      "recommendedQuantity": "1.0",
      "quantityPrice": 0.73,
      "quantityPriceQuantity": "24.0",
      "measurementUnitPrice": 3.16,
      "measurementUnitQuantityPrice": 2.92,
      "measurementUnit": "L",
      "isRedPrice": false,
      "pricePerUOM": 3.16,
      "activationDate": "01-02-2024",
      "isPromoActive": "N",
      "priceChangeCode": "E",
      "quantityPricePerUOM": 2.92,
      "quantityActivationDate": "01-02-2024",
      "quantityPriceChangeCode": "E"
    },
    "isAvailable": true,
    "isPriceAvailable": true,
    "inPromo": false,
    "gtin": [
      "08720938269288",
      "05999885746026"
    ],
    "topCategoryName": "Dranken",
    "topCategoryId": "354",
    "businessDomain": "RETAIL_BE",
    "IsPrivateLabel": false,
    "IsBiffe": false,
    "WeightconversionFactor": "0",
    "IsWeightArticle": false,
    "nutriscoreLabel": "E",
    "IsBio": false,
    "CountryOfOrigin": "HONGARIJE",
    "IsExclusivelySoldInLuxembourg": false,
    "OrderUnit": "P",
    "ShortName": "HELL SUM.C.EXO.CANDY25C",
    "IsNew": false,
    "RecentQuanityOfStockUnits": "24,1",
    "LongName": "HELL Summer Cool Exotic Candy 25cl",
    "FicCode": "E"
  },
  {
    "productId": "873539",
    "technicalArticleNumber": "4728433",
    "commercialArticleNumber": "31796",
    "name": "Extra 4,5%",
    "description": "*Pilsbier\n*4,5 % vol",
    "brand": "CORONA",
    "seoBrand": "Corona Extra",
    "thumbNail": "https://static.colruytgroup.com/images/200x200/std.lang.all/27/30/asset-3222730.jpg",
    "fullImage": "https://static.colruytgroup.com/images/500x500/std.lang.all/27/30/asset-3222730.jpg",
    "squareImage": "https://static.colruytgroup.com/images/500x500sq/std.lang.all/27/30/asset-3222730.jpg",
    "content": "6x33cl",
    "walkRouteSequenceNumber": 3823,
    "price": {
      "basicPrice": 8.99,
      "recommendedQuantity": "1.0",
      "measurementUnitPrice": 4.55,
      "measurementUnit": "L",
      "isRedPrice": false,
      "pricePerUOM": 4.55,
      "activationDate": "29-02-2024",
      "recordSource": "Offline",
      "isPromoActive": "N",
      "priceChangeCode": "E"
    },
    "isAvailable": true,
    "isPriceAvailable": true,
    "inPromo": false,
    "gtin": [
      "05410228309451",
      "05410228309079"
    ],
    "topCategoryName": "Dranken",
    "topCategoryId": "354",
    "businessDomain": "RETAIL_BE",
    "IsPrivateLabel": false,
    "IsBiffe": false,
    "WeightconversionFactor": "0",
    "IsWeightArticle": false,
    "IsBio": false,
    "CountryOfOrigin": "MEXICO",
    "IsExclusivelySoldInLuxembourg": false,
    "OrderUnit": "P",
    "ShortName": "CORO EXTRA 4.5% 6X33CL",
    "IsNew": false,
    "RecentQuanityOfStockUnits": "4,1",
    "LongName": "CORONA Extra 4,5% 6x33cl",
    "AlcoholVolume": "4.5",
    "FicCode": "E"
  },
  {
    "productId": "1213",
    "technicalArticleNumber": "17335",
    "commercialArticleNumber": "17335",
    "name": "cider brut de framboise",
    "description": "Mousserende cider met de smaak\nvan framboosjes. Zacht en fruitig\naperitief.\nKoel schenken.",
    "brand": "EVERYDAY",
    "seoBrand": "Everyday",
    "thumbNail": "https://static.colruytgroup.com/images/200x200/std.lang.all/02/94/asset-350294.jpg",
    "fullImage": "https://static.colruytgroup.com/images/500x500/std.lang.all/02/94/asset-350294.jpg",
    "squareImage": "https://static.colruytgroup.com/images/500x500sq/std.lang.all/02/94/asset-350294.jpg",
    "content": "75cl",
    "walkRouteSequenceNumber": 692,
    "price": {
      "basicPrice": 2.89,
      "recommendedQuantity": "1.0",
      "measurementUnitPrice": 3.86,
      "measurementUnit": "L",
      "isRedPrice": false,
      "pricePerUOM": 3.86,
      "activationDate": "17-11-2023",
      "isPromoActive": "N",
      "priceChangeCode": "E"
    },
    "isAvailable": true,
    "isPriceAvailable": true,
    "inPromo": false,
    "gtin": [
      "05400141013245",
      "25400141013249"
    ],
    "topCategoryName": "Dranken",
    "topCategoryId": "354",
    "businessDomain": "RETAIL_BE",
    "IsPrivateLabel": true,
    "IsBiffe": false,
    "WeightconversionFactor": "0",
    "IsWeightArticle": false,
    "IsBio": false,
    "CountryOfOrigin": "BELGIË",
    "IsExclusivelySoldInLuxembourg": false,
    "OrderUnit": "P",
    "ShortName": "EVD CIDER FRAMB.75CL",
    "IsNew": false,
    "EcoscoreLabel": "C",
    "RecentQuanityOfStockUnits": "6,1",
    "LongName": "EVERYDAY cider brut de framboise 75cl",
    "AlcoholVolume": "5",
    "FicCode": "I",
    "EcoscoreValue": "43"
  },
  {
    "productId": "92153",
    "technicalArticleNumber": "2861120",
    "commercialArticleNumber": "24701",
    "name": "Green tea pomegr.niet-br.",
    "description": "*Smaak: granaatappel\n*Niet-bruisend\n*Met suiker",
    "brand": "ARIZONA",
    "seoBrand": "AriZona",
    "thumbNail": "https://static.colruytgroup.com/images/200x200/std.lang.all/79/55/asset-1907955.jpg",
    "fullImage": "https://static.colruytgroup.com/images/500x500/std.lang.all/79/55/asset-1907955.jpg",
    "squareImage": "https://static.colruytgroup.com/images/500x500sq/std.lang.all/79/55/asset-1907955.jpg",
    "content": "50cl",
    "walkRouteSequenceNumber": 4231,
    "price": {
      "basicPrice": 1.18,
      "recommendedQuantity": "6.0",
      "quantityPrice": 1.13,
      "quantityPriceQuantity": "18.0",
      "measurementUnitPrice": 2.36,
      "measurementUnitQuantityPrice": 2.26,
      "measurementUnit": "L",
      "isRedPrice": false,
      "pricePerUOM": 2.36,
      "activationDate": "17-02-2024",
      "recordSource": "Offline",
      "isPromoActive": "N",
      "priceChangeCode": "E",
      "quantityPricePerUOM": 2.26,
      "quantityActivationDate": "17-02-2024",
      "quantityPriceChangeCode": "E"
    },
    "isAvailable": true,
    "isPriceAvailable": true,
    "inPromo": false,
    "gtin": [
      "00613008730758",
      "00613008732561"
    ],
    "topCategoryName": "Dranken",
    "topCategoryId": "354",
    "businessDomain": "RETAIL_BE",
    "IsPrivateLabel": false,
    "IsBiffe": false,
    "WeightconversionFactor": "0",
    "IsWeightArticle": false,
    "nutriscoreLabel": "D",
    "IsBio": false,
    "CountryOfOrigin": "VERENIGDE STATEN VAN AMERIKA",
    "IsExclusivelySoldInLuxembourg": false,
    "OrderUnit": "P",
    "ShortName": "ARIZONA GRANAATAP 500ML",
    "IsNew": false,
    "RecentQuanityOfStockUnits": "1,6",
    "LongName": "ARIZONA Green tea pomegr.niet-br. 50cl",
    "AlcoholVolume": "0",
    "FicCode": "E"
  },
  {
    "productId": "705765",
    "technicalArticleNumber": "4442049",
    "commercialArticleNumber": "3844",
    "name": "bruisend Raspberry-Plum",
    "description": "*Mineraalwater\n*Bruisend\n*Smaak: framboos-\npruim",
    "brand": "SPA TOUCH",
    "seoBrand": "Spa Touch",
    "thumbNail": "https://static.colruytgroup.com/images/200x200/std.lang.all/20/63/asset-2662063.jpg",
    "fullImage": "https://static.colruytgroup.com/images/500x500/std.lang.all/20/63/asset-2662063.jpg",
    "squareImage": "https://static.colruytgroup.com/images/500x500sq/std.lang.all/20/63/asset-2662063.jpg",
    "content": "50cl",
    "walkRouteSequenceNumber": 4043,
    "price": {
      "basicPrice": 0.78,
      "recommendedQuantity": "6.0",
      "quantityPrice": 0.75,
      "quantityPriceQuantity": "24.0",
      "measurementUnitPrice": 1.56,
      "measurementUnitQuantityPrice": 1.5,
      "measurementUnit": "L",
      "isRedPrice": false,
      "pricePerUOM": 1.56,
      "activationDate": "25-01-2024",
      "recordSource": "Online",
      "isPromoActive": "N",
      "priceChangeCode": "E",
      "quantityPricePerUOM": 1.5,
      "quantityActivationDate": "25-01-2024",
      "quantityPriceChangeCode": "H"
    },
    "isAvailable": true,
    "isPriceAvailable": true,
    "inPromo": false,
    "gtin": [
      "05410013169789",
      "05410013169802",
      "05410013169796"
    ],
    "topCategoryName": "Dranken",
    "topCategoryId": "354",
    "businessDomain": "RETAIL_BE",
    "IsPrivateLabel": false,
    "IsBiffe": false,
    "WeightconversionFactor": "0",
    "IsWeightArticle": false,
    "nutriscoreLabel": "A",
    "IsBio": false,
    "CountryOfOrigin": "BELGIË",
    "IsExclusivelySoldInLuxembourg": false,
    "OrderUnit": "P",
    "ShortName": "SPA TOUC BR.RAS-PLUM50C",
    "IsNew": false,
    "RecentQuanityOfStockUnits": "24,1,6",
    "LongName": "SPA TOUCH bruisend Raspberry-Plum 50cl",
    "FicCode": "E"
  },
  {
    "productId": "1748",
    "technicalArticleNumber": "22382",
    "commercialArticleNumber": "22382",
    "name": "Moka Absolu décafé",
    "description": "*Sterkte: intense\nkoffie\nSmaak: rond, complex\nrijk\n*Gemalen koffie",
    "brand": "JACQMOTTE",
    "seoBrand": "Jacqmotte",
    "thumbNail": "https://static.colruytgroup.com/images/200x200/std.lang.all/75/46/asset-2717546.jpg",
    "fullImage": "https://static.colruytgroup.com/images/500x500/std.lang.all/75/46/asset-2717546.jpg",
    "squareImage": "https://static.colruytgroup.com/images/500x500sq/std.lang.all/75/46/asset-2717546.jpg",
    "content": "250g",
    "walkRouteSequenceNumber": 1143,
    "price": {
      "basicPrice": 5.03,
      "recommendedQuantity": "1.0",
      "measurementUnitPrice": 20.12,
      "measurementUnit": "K",
      "isRedPrice": false,
      "pricePerUOM": 20.12,
      "activationDate": "15-03-2024",
      "recordSource": "Offline",
      "isPromoActive": "N",
      "priceChangeCode": "L"
    },
    "isAvailable": true,
    "isPriceAvailable": true,
    "inPromo": false,
    "gtin": [
      "05410138018078",
      "05410138045067",
      "05410138046323"
    ],
    "topCategoryName": "Dranken",
    "topCategoryId": "354",
    "businessDomain": "RETAIL_BE",
    "IsPrivateLabel": false,
    "IsBiffe": false,
    "WeightconversionFactor": "0",
    "IsWeightArticle": false,
    "nutriscoreLabel": "B",
    "IsBio": false,
    "CountryOfOrigin": "FRANKRIJK",
    "IsExclusivelySoldInLuxembourg": false,
    "OrderUnit": "P",
    "ShortName": "JM AR ABSOL DECAF 250GR",
    "IsNew": false,
    "RecentQuanityOfStockUnits": "1,12",
    "LongName": "JACQMOTTE Moka Absolu décafé 250g",
    "AlcoholVolume": "0",
    "FicCode": "E"
  },
  {
    "productId": "868833",
    "technicalArticleNumber": "4721815",
    "commercialArticleNumber": "16119",
    "name": "Poeder gerstemout-cacao",
    "brand": "OVOMALTINE",
    "seoBrand": "Ovomaltine",
    "thumbNail": "https://static.colruytgroup.com/images/200x200/std.lang.all/12/83/asset-3271283.jpg",
    "fullImage": "https://static.colruytgroup.com/images/500x500/std.lang.all/12/83/asset-3271283.jpg",
    "squareImage": "https://static.colruytgroup.com/images/500x500sq/std.lang.all/12/83/asset-3271283.jpg",
    "content": "650g",
    "walkRouteSequenceNumber": 1282,
    "price": {
      "basicPrice": 11.29,
      "recommendedQuantity": "1.0",
      "quantityPrice": 10.84,
      "quantityPriceQuantity": "3.0",
      "measurementUnitPrice": 17.37,
      "measurementUnitQuantityPrice": 16.68,
      "measurementUnit": "K",
      "isRedPrice": false,
      "pricePerUOM": 17.37,
      "activationDate": "03-01-2024",
      "isPromoActive": "N",
      "priceChangeCode": "H",
      "quantityPricePerUOM": 16.68,
      "quantityActivationDate": "03-01-2024",
      "quantityPriceChangeCode": "H"
    },
    "isAvailable": true,
    "isPriceAvailable": true,
    "inPromo": false,
    "gtin": [
      "07612100914182",
      "07612100914175"
    ],
    "topCategoryName": "Dranken",
    "topCategoryId": "354",
    "businessDomain": "RETAIL_BE",
    "IsPrivateLabel": false,
    "IsBiffe": false,
    "WeightconversionFactor": "0",
    "IsWeightArticle": false,
    "nutriscoreLabel": "E",
    "IsBio": false,
    "CountryOfOrigin": "ZWITSERLAND",
    "IsExclusivelySoldInLuxembourg": false,
    "OrderUnit": "P",
    "ShortName": "OVOM GERSTEM-CACAO 650G",
    "IsNew": false,
    "EcoscoreLabel": "D",
    "RecentQuanityOfStockUnits": "1,6",
    "LongName": "OVOMALTINE Poeder gerstemout-cacao 650g",
    "AlcoholVolume": "0",
    "FicCode": "E",
    "EcoscoreValue": "34"
  },
  {
    "productId": "1450",
    "technicalArticleNumber": "19635",
    "commercialArticleNumber": "19635",
    "name": "citroensap glas",
    "description": "*Smaak: citroen\n*Sap van 8 citroenen",
    "brand": "REALEMON",
    "seoBrand": "Realemon",
    "thumbNail": "https://static.colruytgroup.com/images/200x200/std.lang.all/20/80/asset-2782080.jpg",
    "fullImage": "https://static.colruytgroup.com/images/500x500/std.lang.all/20/80/asset-2782080.jpg",
    "squareImage": "https://static.colruytgroup.com/images/500x500sq/std.lang.all/20/80/asset-2782080.jpg",
    "content": "25cl",
    "walkRouteSequenceNumber": 4030,
    "price": {
      "basicPrice": 1.99,
      "recommendedQuantity": "1.0",
      "quantityPrice": 1.83,
      "quantityPriceQuantity": "12.0",
      "measurementUnitPrice": 7.96,
      "measurementUnitQuantityPrice": 7.32,
      "measurementUnit": "L",
      "isRedPrice": false,
      "pricePerUOM": 7.96,
      "activationDate": "14-11-2023",
      "isPromoActive": "N",
      "priceChangeCode": "E",
      "quantityPricePerUOM": 7.32,
      "quantityActivationDate": "14-11-2023",
      "quantityPriceChangeCode": "E"
    },
    "isAvailable": true,
    "isPriceAvailable": true,
    "inPromo": false,
    "gtin": [
      "05410233710006",
      "05410233717005"
    ],
    "topCategoryName": "Dranken",
    "topCategoryId": "354",
    "businessDomain": "RETAIL_BE",
    "IsPrivateLabel": false,
    "IsBiffe": false,
    "WeightconversionFactor": "0",
    "IsWeightArticle": false,
    "nutriscoreLabel": "A",
    "IsBio": false,
    "CountryOfOrigin": "BELGIË",
    "IsExclusivelySoldInLuxembourg": false,
    "OrderUnit": "P",
    "ShortName": "REALEMON CITROENSAP 25C",
    "IsNew": false,
    "EcoscoreLabel": "C",
    "RecentQuanityOfStockUnits": "1,12",
    "LongName": "REALEMON citroensap glas 25cl",
    "AlcoholVolume": "0",
    "FicCode": "E",
    "EcoscoreValue": "50"
  },
  {
    "productId": "145478",
    "technicalArticleNumber": "3313197",
    "commercialArticleNumber": "20951",
    "name": "bonen Espresso",
    "description": "*Espresso koffie\n*Smaak: Intense\n*Koffiebonen",
    "brand": "JACQMOTTE",
    "seoBrand": "Jacqmotte",
    "thumbNail": "https://static.colruytgroup.com/images/200x200/std.lang.all/24/86/asset-1892486.jpg",
    "fullImage": "https://static.colruytgroup.com/images/500x500/std.lang.all/24/86/asset-1892486.jpg",
    "squareImage": "https://static.colruytgroup.com/images/500x500sq/std.lang.all/24/86/asset-1892486.jpg",
    "content": "500g",
    "walkRouteSequenceNumber": 1018,
    "price": {
      "basicPrice": 9.98,
      "recommendedQuantity": "1.0",
      "measurementUnitPrice": 19.96,
      "measurementUnit": "K",
      "isRedPrice": false,
      "pricePerUOM": 19.96,
      "activationDate": "15-03-2024",
      "recordSource": "Online",
      "isPromoActive": "N",
      "priceChangeCode": "L"
    },
    "isAvailable": true,
    "isPriceAvailable": true,
    "inPromo": false,
    "gtin": [
      "05410138053314",
      "05410138041939"
    ],
    "topCategoryName": "Dranken",
    "topCategoryId": "354",
    "businessDomain": "RETAIL_BE",
    "IsPrivateLabel": false,
    "IsBiffe": false,
    "WeightconversionFactor": "0",
    "IsWeightArticle": false,
    "nutriscoreLabel": "B",
    "IsBio": false,
    "CountryOfOrigin": "POLEN",
    "IsExclusivelySoldInLuxembourg": false,
    "OrderUnit": "P",
    "ShortName": "JM CREAT ESPR BONEN 500",
    "IsNew": false,
    "RecentQuanityOfStockUnits": "1,6",
    "LongName": "JACQMOTTE bonen Espresso 500g",
    "AlcoholVolume": "0",
    "FicCode": "E"
  },
  {
    "productId": "705765",
    "technicalArticleNumber": "4442049",
    "commercialArticleNumber": "3844",
    "name": "bruisend Raspberry-Plum",
    "description": "*Mineraalwater\n*Bruisend\n*Smaak: framboos-\npruim",
    "brand": "SPA TOUCH",
    "seoBrand": "Spa Touch",
    "thumbNail": "https://static.colruytgroup.com/images/200x200/std.lang.all/20/63/asset-2662063.jpg",
    "fullImage": "https://static.colruytgroup.com/images/500x500/std.lang.all/20/63/asset-2662063.jpg",
    "squareImage": "https://static.colruytgroup.com/images/500x500sq/std.lang.all/20/63/asset-2662063.jpg",
    "content": "50cl",
    "walkRouteSequenceNumber": 4043,
    "price": {
      "basicPrice": 0.78,
      "recommendedQuantity": "6.0",
      "quantityPrice": 0.75,
      "quantityPriceQuantity": "24.0",
      "measurementUnitPrice": 1.56,
      "measurementUnitQuantityPrice": 1.5,
      "measurementUnit": "L",
      "isRedPrice": false,
      "pricePerUOM": 1.56,
      "activationDate": "25-01-2024",
      "recordSource": "Online",
      "isPromoActive": "N",
      "priceChangeCode": "E",
      "quantityPricePerUOM": 1.5,
      "quantityActivationDate": "25-01-2024",
      "quantityPriceChangeCode": "H"
    },
    "isAvailable": true,
    "isPriceAvailable": true,
    "inPromo": false,
    "gtin": [
      "05410013169789",
      "05410013169802",
      "05410013169796"
    ],
    "topCategoryName": "Dranken",
    "topCategoryId": "354",
    "businessDomain": "RETAIL_BE",
    "IsPrivateLabel": false,
    "IsBiffe": false,
    "WeightconversionFactor": "0",
    "IsWeightArticle": false,
    "nutriscoreLabel": "A",
    "IsBio": false,
    "CountryOfOrigin": "BELGIË",
    "IsExclusivelySoldInLuxembourg": false,
    "OrderUnit": "P",
    "ShortName": "SPA TOUC BR.RAS-PLUM50C",
    "IsNew": false,
    "RecentQuanityOfStockUnits": "24,1,6",
    "LongName": "SPA TOUCH bruisend Raspberry-Plum 50cl",
    "FicCode": "E"
  },
  {
    "productId": "860192",
    "technicalArticleNumber": "4710923",
    "commercialArticleNumber": "5934",
    "name": "bruisend mineraalwater",
    "description": "*Mineraalwater\n*Bruisend",
    "brand": "ORDAL",
    "seoBrand": "Ordal",
    "thumbNail": "https://static.colruytgroup.com/images/200x200/std.lang.all/83/86/asset-3188386.jpg",
    "fullImage": "https://static.colruytgroup.com/images/500x500/std.lang.all/83/86/asset-3188386.jpg",
    "squareImage": "https://static.colruytgroup.com/images/500x500sq/std.lang.all/83/86/asset-3188386.jpg",
    "content": "1,25L",
    "walkRouteSequenceNumber": 4048,
    "price": {
      "basicPrice": 0.95,
      "recommendedQuantity": "6.0",
      "quantityPrice": 0.87,
      "quantityPriceQuantity": "18.0",
      "measurementUnitPrice": 0.76,
      "measurementUnitQuantityPrice": 0.7,
      "measurementUnit": "L",
      "isRedPrice": false,
      "pricePerUOM": 0.76,
      "activationDate": "21-09-2023",
      "isPromoActive": "N",
      "priceChangeCode": "L",
      "quantityPricePerUOM": 0.7,
      "quantityActivationDate": "21-09-2023",
      "quantityPriceChangeCode": "L"
    },
    "isAvailable": true,
    "isPriceAvailable": true,
    "inPromo": false,
    "gtin": [
      "05410483020030",
      "05410483020238"
    ],
    "topCategoryName": "Dranken",
    "topCategoryId": "354",
    "businessDomain": "RETAIL_BE",
    "IsPrivateLabel": false,
    "IsBiffe": false,
    "WeightconversionFactor": "0",
    "IsWeightArticle": false,
    "nutriscoreLabel": "A",
    "IsBio": false,
    "CountryOfOrigin": "BELGIË",
    "IsExclusivelySoldInLuxembourg": false,
    "OrderUnit": "P",
    "ShortName": "ORDA BRUISWATER 1.25L",
    "IsNew": false,
    "RecentQuanityOfStockUnits": "1,6",
    "LongName": "ORDAL bruisend mineraalwater 1,25L",
    "FicCode": "E"
  },
  {
    "productId": "799220",
    "technicalArticleNumber": "4612446",
    "commercialArticleNumber": "9864",
    "name": "Caffè Latte PET",
    "brand": "STARBUCKS",
    "seoBrand": "Starbucks",
    "thumbNail": "https://static.colruytgroup.com/images/200x200/std.lang.all/12/57/asset-2831257.jpg",
    "fullImage": "https://static.colruytgroup.com/images/500x500/std.lang.all/12/57/asset-2831257.jpg",
    "squareImage": "https://static.colruytgroup.com/images/500x500sq/std.lang.all/12/57/asset-2831257.jpg",
    "content": "22cl",
    "walkRouteSequenceNumber": 5980,
    "price": {
      "basicPrice": 2.19,
      "recommendedQuantity": "1.0",
      "measurementUnitPrice": 9.96,
      "measurementUnit": "L",
      "isRedPrice": false,
      "pricePerUOM": 9.96,
      "activationDate": "23-02-2024",
      "recordSource": "Offline",
      "isPromoActive": "N",
      "priceChangeCode": "E"
    },
    "isAvailable": true,
    "isPriceAvailable": true,
    "inPromo": false,
    "gtin": [
      "15711953145831",
      "05711953145483"
    ],
    "topCategoryName": "Zuivel",
    "topCategoryId": "65",
    "businessDomain": "RETAIL_BE",
    "IsPrivateLabel": false,
    "IsBiffe": false,
    "WeightconversionFactor": "0",
    "IsWeightArticle": false,
    "nutriscoreLabel": "D",
    "IsBio": false,
    "CountryOfOrigin": "DENEMARKEN",
    "IsExclusivelySoldInLuxembourg": false,
    "OrderUnit": "P",
    "ShortName": "STAR CAFFE LATTE PET22C",
    "IsNew": false,
    "EcoscoreLabel": "C",
    "RecentQuanityOfStockUnits": "1,8",
    "LongName": "STARBUCKS Caffè Latte PET 22cl",
    "FicCode": "E",
    "EcoscoreValue": "57"
  },
  {
    "productId": "855974",
    "technicalArticleNumber": "4705318",
    "commercialArticleNumber": "31375",
    "name": "Recover Raspb-Blueberry",
    "description": "*Bevat zoetstoffen",
    "brand": "CLEVERWATER",
    "seoBrand": "CLEVERWATER",
    "thumbNail": "https://static.colruytgroup.com/images/200x200/std.lang.all/30/96/asset-3133096.jpg",
    "fullImage": "https://static.colruytgroup.com/images/500x500/std.lang.all/30/96/asset-3133096.jpg",
    "squareImage": "https://static.colruytgroup.com/images/500x500sq/std.lang.all/30/96/asset-3133096.jpg",
    "content": "50cl",
    "walkRouteSequenceNumber": 4710,
    "price": {
      "basicPrice": 0.99,
      "recommendedQuantity": "1.0",
      "quantityPrice": 0.95,
      "quantityPriceQuantity": "12.0",
      "measurementUnitPrice": 1.98,
      "measurementUnitQuantityPrice": 1.9,
      "measurementUnit": "L",
      "isRedPrice": false,
      "pricePerUOM": 1.98,
      "activationDate": "31-05-2023",
      "isPromoActive": "N",
      "priceChangeCode": "E",
      "quantityPricePerUOM": 1.9,
      "quantityActivationDate": "31-05-2023",
      "quantityPriceChangeCode": "E"
    },
    "isAvailable": true,
    "isPriceAvailable": true,
    "inPromo": false,
    "gtin": [
      "05430002823010",
      "05430002823058"
    ],
    "topCategoryName": "Dranken",
    "topCategoryId": "354",
    "businessDomain": "RETAIL_BE",
    "IsPrivateLabel": false,
    "IsBiffe": false,
    "WeightconversionFactor": "0",
    "IsWeightArticle": false,
    "IsBio": false,
    "CountryOfOrigin": "BELGIË",
    "IsExclusivelySoldInLuxembourg": false,
    "OrderUnit": "P",
    "ShortName": "CLEV RECOVER RAS-BLU50C",
    "IsNew": false,
    "RecentQuanityOfStockUnits": "12,1",
    "LongName": "CLEVERWATER Recover Raspb-Blueberry 50cl",
    "FicCode": "E"
  },
  {
    "productId": "461394",
    "technicalArticleNumber": "3965199",
    "commercialArticleNumber": "2760",
    "name": "Advocaat 14%",
    "description": "*14% vol\n*Advokaat",
    "brand": "MARIE GALANTE",
    "seoBrand": "Marie Galante",
    "thumbNail": "https://static.colruytgroup.com/images/200x200/std.lang.all/64/42/asset-1746442.jpg",
    "fullImage": "https://static.colruytgroup.com/images/500x500/std.lang.all/64/42/asset-1746442.jpg",
    "squareImage": "https://static.colruytgroup.com/images/500x500sq/std.lang.all/64/42/asset-1746442.jpg",
    "content": "70cl",
    "walkRouteSequenceNumber": 937,
    "price": {
      "basicPrice": 6.98,
      "recommendedQuantity": "1.0",
      "measurementUnitPrice": 9.98,
      "measurementUnit": "L",
      "isRedPrice": false,
      "pricePerUOM": 9.98,
      "activationDate": "05-12-2023",
      "recordSource": "Offline",
      "isPromoActive": "N",
      "priceChangeCode": "E"
    },
    "isAvailable": true,
    "isPriceAvailable": true,
    "inPromo": false,
    "gtin": [
      "15400141072249",
      "05400141072242"
    ],
    "topCategoryName": "Dranken",
    "topCategoryId": "354",
    "businessDomain": "RETAIL_BE",
    "IsPrivateLabel": true,
    "IsBiffe": false,
    "WeightconversionFactor": "0",
    "IsWeightArticle": false,
    "IsBio": false,
    "CountryOfOrigin": "NEDERLAND",
    "IsExclusivelySoldInLuxembourg": false,
    "OrderUnit": "P",
    "ShortName": "MAGA ADVOKAAT 14% 70CL",
    "IsNew": false,
    "EcoscoreLabel": "C",
    "RecentQuanityOfStockUnits": "1,6",
    "LongName": "MARIE GALANTE Advocaat 14% 70cl",
    "AlcoholVolume": "14",
    "FicCode": "I",
    "EcoscoreValue": "50"
  },
  {
    "productId": "635977",
    "technicalArticleNumber": "4325226",
    "commercialArticleNumber": "18960",
    "name": "lactosevrij brik",
    "description": "*Lactosevrij",
    "brand": "CÉCÉMEL",
    "seoBrand": "Cécémel",
    "thumbNail": "https://static.colruytgroup.com/images/200x200/nl_be/21/74/asset-2752174.jpg",
    "fullImage": "https://static.colruytgroup.com/images/500x500/nl_be/21/74/asset-2752174.jpg",
    "squareImage": "https://static.colruytgroup.com/images/500x500sq/nl_be/21/74/asset-2752174.jpg",
    "content": "1L",
    "walkRouteSequenceNumber": 6349,
    "price": {
      "basicPrice": 2.99,
      "recommendedQuantity": "1.0",
      "measurementUnitPrice": 2.99,
      "measurementUnit": "L",
      "isRedPrice": false,
      "pricePerUOM": 2.99,
      "activationDate": "16-02-2024",
      "recordSource": "Offline",
      "isPromoActive": "N",
      "priceChangeCode": "E"
    },
    "isAvailable": true,
    "isPriceAvailable": true,
    "inPromo": false,
    "gtin": [
      "05410438042360",
      "05410438042353"
    ],
    "topCategoryName": "Zuivel",
    "topCategoryId": "65",
    "businessDomain": "RETAIL_BE",
    "IsPrivateLabel": false,
    "IsBiffe": false,
    "WeightconversionFactor": "0",
    "IsWeightArticle": false,
    "nutriscoreLabel": "D",
    "IsBio": false,
    "CountryOfOrigin": "BELGIË",
    "IsExclusivelySoldInLuxembourg": false,
    "OrderUnit": "P",
    "ShortName": "CECE LACTOSEVRIJ 1L",
    "IsNew": false,
    "EcoscoreLabel": "B",
    "RecentQuanityOfStockUnits": "6,1",
    "LongName": "CÉCÉMEL lactosevrij brik 1L",
    "FicCode": "E",
    "EcoscoreValue": "72"
  },
  {
    "productId": "1554",
    "technicalArticleNumber": "22031",
    "commercialArticleNumber": "22031",
    "name": "oploschicorei",
    "description": "*Chicorei",
    "brand": "PACHA",
    "seoBrand": "Pacha",
    "thumbNail": "https://static.colruytgroup.com/images/200x200/std.lang.all/19/05/asset-2111905.jpg",
    "fullImage": "https://static.colruytgroup.com/images/500x500/std.lang.all/19/05/asset-2111905.jpg",
    "squareImage": "https://static.colruytgroup.com/images/500x500sq/std.lang.all/19/05/asset-2111905.jpg",
    "content": "200g",
    "walkRouteSequenceNumber": 1176,
    "price": {
      "basicPrice": 5.79,
      "recommendedQuantity": "1.0",
      "measurementUnitPrice": 28.95,
      "measurementUnit": "K",
      "isRedPrice": false,
      "pricePerUOM": 28.95,
      "activationDate": "16-02-2024",
      "recordSource": "Offline",
      "isPromoActive": "N",
      "priceChangeCode": "E"
    },
    "isAvailable": true,
    "isPriceAvailable": true,
    "inPromo": false,
    "gtin": [
      "05410031000187",
      "05410031002938"
    ],
    "topCategoryName": "Dranken",
    "topCategoryId": "354",
    "businessDomain": "RETAIL_BE",
    "IsPrivateLabel": false,
    "IsBiffe": false,
    "WeightconversionFactor": "0",
    "IsWeightArticle": false,
    "nutriscoreLabel": "B",
    "IsBio": false,
    "CountryOfOrigin": "FRANKRIJK",
    "IsExclusivelySoldInLuxembourg": false,
    "OrderUnit": "P",
    "ShortName": "PACHA INSTANT 200 GR",
    "IsNew": false,
    "EcoscoreLabel": "B",
    "RecentQuanityOfStockUnits": "1,6",
    "LongName": "PACHA oploschicorei 200g",
    "AlcoholVolume": "0",
    "FicCode": "E",
    "EcoscoreValue": "65"
  },
  {
    "productId": "1282",
    "technicalArticleNumber": "19026",
    "commercialArticleNumber": "19026",
    "name": "Tawny 10Y 20%",
    "description": "*Porto rood\n*10 jaar gerijpt\n*Aperitief\n*20,0 % vol",
    "brand": "PORTO AMURO",
    "seoBrand": "Porto Amuro",
    "thumbNail": "https://static.colruytgroup.com/images/200x200/std.lang.all/30/74/asset-393074.jpg",
    "fullImage": "https://static.colruytgroup.com/images/500x500/std.lang.all/30/74/asset-393074.jpg",
    "squareImage": "https://static.colruytgroup.com/images/500x500sq/std.lang.all/30/74/asset-393074.jpg",
    "content": "75cl",
    "walkRouteSequenceNumber": 724,
    "price": {
      "basicPrice": 9.99,
      "recommendedQuantity": "1.0",
      "measurementUnitPrice": 13.32,
      "measurementUnit": "L",
      "isRedPrice": false,
      "pricePerUOM": 13.32,
      "activationDate": "07-02-2024",
      "recordSource": "Offline",
      "isPromoActive": "N",
      "priceChangeCode": "H"
    },
    "isAvailable": true,
    "isPriceAvailable": true,
    "inPromo": false,
    "gtin": [
      "05601085580057",
      "35601085055808"
    ],
    "topCategoryName": "Dranken",
    "topCategoryId": "354",
    "businessDomain": "RETAIL_BE",
    "IsPrivateLabel": true,
    "IsBiffe": false,
    "WeightconversionFactor": "0",
    "IsWeightArticle": false,
    "IsBio": false,
    "CountryOfOrigin": "PORTUGAL",
    "IsExclusivelySoldInLuxembourg": false,
    "OrderUnit": "P",
    "ShortName": "PORTO AMURO 10YEARS 75C",
    "IsNew": false,
    "EcoscoreLabel": "C",
    "RecentQuanityOfStockUnits": "1",
    "LongName": "PORTO AMURO Tawny 10Y 20% 75cl",
    "AlcoholVolume": "20",
    "FicCode": "I",
    "EcoscoreValue": "40"
  },
  {
    "productId": "198110",
    "technicalArticleNumber": "3426337",
    "commercialArticleNumber": "14119",
    "name": "likeur 37%",
    "description": "*Likeur\n*37 % vol",
    "brand": "ELIXIR D'ANVERS",
    "seoBrand": "Elixir d'Anvers",
    "thumbNail": "https://static.colruytgroup.com/images/200x200/std.lang.all/62/58/asset-796258.jpg",
    "fullImage": "https://static.colruytgroup.com/images/500x500/std.lang.all/62/58/asset-796258.jpg",
    "squareImage": "https://static.colruytgroup.com/images/500x500sq/std.lang.all/62/58/asset-796258.jpg",
    "content": "70cl",
    "walkRouteSequenceNumber": 929,
    "price": {
      "basicPrice": 23.99,
      "recommendedQuantity": "1.0",
      "measurementUnitPrice": 34.28,
      "measurementUnit": "L",
      "isRedPrice": false,
      "pricePerUOM": 34.28,
      "activationDate": "27-09-2023",
      "recordSource": "Offline",
      "isPromoActive": "N",
      "priceChangeCode": "H"
    },
    "isAvailable": true,
    "isPriceAvailable": true,
    "inPromo": false,
    "gtin": [
      "05410838000021",
      "05410838000205"
    ],
    "topCategoryName": "Dranken",
    "topCategoryId": "354",
    "businessDomain": "RETAIL_BE",
    "IsPrivateLabel": false,
    "IsBiffe": false,
    "WeightconversionFactor": "0",
    "IsWeightArticle": false,
    "IsBio": false,
    "CountryOfOrigin": "BELGIË",
    "IsExclusivelySoldInLuxembourg": false,
    "OrderUnit": "P",
    "ShortName": "RE ELIX ANVERS 37% 70CL",
    "IsNew": false,
    "EcoscoreLabel": "C",
    "RecentQuanityOfStockUnits": "1",
    "LongName": "ELIXIR D'ANVERS likeur 37% 70cl",
    "AlcoholVolume": "36.9",
    "FicCode": "E",
    "EcoscoreValue": "51"
  },
  {
    "productId": "468060",
    "technicalArticleNumber": "4065459",
    "commercialArticleNumber": "7161",
    "name": "Sanguinello PET",
    "description": "*Bloedsinaasappelsap\n*Puur sap\n*100 % fruit\n*Met pulp",
    "brand": "TROPICANA",
    "seoBrand": "Tropicana",
    "thumbNail": "https://static.colruytgroup.com/images/200x200/std.lang.all/72/58/asset-3417258.jpg",
    "fullImage": "https://static.colruytgroup.com/images/500x500/std.lang.all/72/58/asset-3417258.jpg",
    "squareImage": "https://static.colruytgroup.com/images/500x500sq/std.lang.all/72/58/asset-3417258.jpg",
    "content": "90cl",
    "walkRouteSequenceNumber": 5042,
    "price": {
      "basicPrice": 4.59,
      "recommendedQuantity": "1.0",
      "measurementUnitPrice": 5.1,
      "measurementUnit": "L",
      "isRedPrice": false,
      "pricePerUOM": 5.1,
      "activationDate": "15-03-2024",
      "recordSource": "Offline",
      "isPromoActive": "N",
      "priceChangeCode": "H"
    },
    "isAvailable": true,
    "isPriceAvailable": true,
    "inPromo": false,
    "gtin": [
      "05410188037098",
      "05410188037081"
    ],
    "topCategoryName": "Dranken",
    "topCategoryId": "354",
    "businessDomain": "RETAIL_BE",
    "IsPrivateLabel": false,
    "IsBiffe": false,
    "WeightconversionFactor": "0",
    "IsWeightArticle": false,
    "nutriscoreLabel": "C",
    "IsBio": false,
    "CountryOfOrigin": "EUROPA",
    "IsExclusivelySoldInLuxembourg": false,
    "OrderUnit": "P",
    "ShortName": "TROP SANGUINELLO 90CL",
    "IsNew": false,
    "RecentQuanityOfStockUnits": "1,6",
    "LongName": "TROPICANA Sanguinello PET 90cl",
    "FicCode": "E"
  },
  {
    "productId": "868366",
    "technicalArticleNumber": "4721397",
    "commercialArticleNumber": "15478",
    "name": "oplosk. dessert glas",
    "brand": "DOUWE EGBERTS",
    "seoBrand": "Douwe Egberts",
    "thumbNail": "https://static.colruytgroup.com/images/200x200/std.lang.all/73/98/asset-3207398.jpg",
    "fullImage": "https://static.colruytgroup.com/images/500x500/std.lang.all/73/98/asset-3207398.jpg",
    "squareImage": "https://static.colruytgroup.com/images/500x500sq/std.lang.all/73/98/asset-3207398.jpg",
    "content": "200g",
    "walkRouteSequenceNumber": 1178,
    "price": {
      "basicPrice": 8.39,
      "recommendedQuantity": "1.0",
      "measurementUnitPrice": 41.95,
      "measurementUnit": "K",
      "isRedPrice": false,
      "pricePerUOM": 41.95,
      "activationDate": "13-03-2024",
      "recordSource": "Offline",
      "isPromoActive": "Y",
      "priceChangeCode": "E"
    },
    "isAvailable": true,
    "isPriceAvailable": true,
    "inPromo": true,
    "promotion": [
      {
        "techPromoId": "100957COLR",
        "promotionId": "100957",
        "promotionType": "3",
        "isPersonalized": "N",
        "publicationStartDate": "13-03-2024",
        "publicationEndDate": "26-03-2024"
      }
    ],
    "gtin": [
      "05410138003234",
      "15410138003231"
    ],
    "topCategoryName": "Dranken",
    "topCategoryId": "354",
    "businessDomain": "RETAIL_BE",
    "IsPrivateLabel": false,
    "IsBiffe": false,
    "WeightconversionFactor": "0",
    "IsWeightArticle": false,
    "nutriscoreLabel": "B",
    "IsBio": false,
    "CountryOfOrigin": "NEDERLAND",
    "IsExclusivelySoldInLuxembourg": false,
    "OrderUnit": "P",
    "ShortName": "D.E. DESSERT INST. 200G",
    "IsNew": false,
    "RecentQuanityOfStockUnits": "1,6",
    "LongName": "DOUWE EGBERTS oplosk. dessert glas 200g",
    "AlcoholVolume": "0",
    "FicCode": "E"
  },
  {
    "productId": "1660",
    "technicalArticleNumber": "22357",
    "commercialArticleNumber": "22357",
    "name": "Subtil",
    "description": "*Sterkte: zachte\nkoffie\n*Smaak: rond,\nneutraal\n*Gemalen koffie",
    "brand": "JACQMOTTE",
    "seoBrand": "Jacqmotte",
    "thumbNail": "https://static.colruytgroup.com/images/200x200/std.lang.all/11/41/asset-2531141.jpg",
    "fullImage": "https://static.colruytgroup.com/images/500x500/std.lang.all/11/41/asset-2531141.jpg",
    "squareImage": "https://static.colruytgroup.com/images/500x500sq/std.lang.all/11/41/asset-2531141.jpg",
    "content": "250g",
    "walkRouteSequenceNumber": 1141,
    "price": {
      "basicPrice": 4.99,
      "recommendedQuantity": "1.0",
      "measurementUnitPrice": 19.96,
      "measurementUnit": "K",
      "isRedPrice": false,
      "pricePerUOM": 19.96,
      "activationDate": "28-02-2024",
      "recordSource": "Offline",
      "isPromoActive": "N",
      "priceChangeCode": "E"
    },
    "isAvailable": true,
    "isPriceAvailable": true,
    "inPromo": false,
    "gtin": [
      "05410138018061",
      "05410138045043",
      "05410138045166",
      "05410138046286"
    ],
    "topCategoryName": "Dranken",
    "topCategoryId": "354",
    "businessDomain": "RETAIL_BE",
    "IsPrivateLabel": false,
    "IsBiffe": false,
    "WeightconversionFactor": "0",
    "IsWeightArticle": false,
    "nutriscoreLabel": "B",
    "IsBio": false,
    "CountryOfOrigin": "FRANKRIJK",
    "IsExclusivelySoldInLuxembourg": false,
    "OrderUnit": "P",
    "ShortName": "JM AROME SUBTIL 250GR.",
    "IsNew": false,
    "RecentQuanityOfStockUnits": "1",
    "LongName": "JACQMOTTE Subtil 250g",
    "AlcoholVolume": "0",
    "FicCode": "E"
  },
  {
    "productId": "879034",
    "technicalArticleNumber": "4735259",
    "commercialArticleNumber": "20026",
    "name": "Tropical",
    "description": "*Limonade\n*Niet-bruisend\n*Multifruit\n*Met suiker en\nzoetstoffen",
    "brand": "CRISTALINE",
    "seoBrand": "Cristaline",
    "thumbNail": "https://ecgproductmw.colruytgroup.com/ecgproductmw/noPicForArticle_2.jpg",
    "fullImage": "https://ecgproductmw.colruytgroup.com/ecgproductmw/noPicForArticle_5.jpg",
    "squareImage": "https://ecgproductmw.colruytgroup.com/ecgproductmw/noPicForArticle_5.jpg",
    "content": "50cl",
    "walkRouteSequenceNumber": 4052,
    "price": {
      "basicPrice": 0.998,
      "recommendedQuantity": "6.0",
      "quantityPrice": 0.917,
      "quantityPriceQuantity": "24.0",
      "measurementUnitPrice": 2,
      "measurementUnitQuantityPrice": 1.84,
      "measurementUnit": "L",
      "isRedPrice": false,
      "pricePerUOM": 2,
      "activationDate": "09-03-2024",
      "recordSource": "Offline",
      "isPromoActive": "N",
      "priceChangeCode": "H",
      "quantityPricePerUOM": 1.84,
      "quantityActivationDate": "09-03-2024",
      "quantityPriceChangeCode": "H"
    },
    "isAvailable": true,
    "isPriceAvailable": true,
    "inPromo": false,
    "gtin": [
      "03254384048890",
      "03254381048893",
      "03254382048892"
    ],
    "topCategoryName": "Dranken",
    "topCategoryId": "354",
    "businessDomain": "RETAIL_BE",
    "IsPrivateLabel": false,
    "IsBiffe": false,
    "WeightconversionFactor": "0",
    "IsWeightArticle": false,
    "nutriscoreLabel": "C",
    "IsBio": false,
    "CountryOfOrigin": "FRANKRIJK",
    "IsExclusivelySoldInLuxembourg": false,
    "OrderUnit": "P",
    "ShortName": "CRIS TROPICAL 50CL",
    "IsNew": false,
    "RecentQuanityOfStockUnits": "24,6,1",
    "LongName": "CRISTALINE Tropical 50cl",
    "FicCode": "E"
  },
  {
    "productId": "293140",
    "technicalArticleNumber": "3682046",
    "commercialArticleNumber": "22690",
    "name": "caps Forza 09",
    "description": "*Heel intense koffie\n*Verfijnd, vol aroma\n*Aluminium caps",
    "brand": "L'OR ESPRESSO",
    "seoBrand": "L'Or Espresso",
    "thumbNail": "https://static.colruytgroup.com/images/200x200/std.lang.all/35/70/asset-1953570.jpg",
    "fullImage": "https://static.colruytgroup.com/images/500x500/std.lang.all/35/70/asset-1953570.jpg",
    "squareImage": "https://static.colruytgroup.com/images/500x500sq/std.lang.all/35/70/asset-1953570.jpg",
    "content": "20st",
    "walkRouteSequenceNumber": 1027,
    "price": {
      "basicPrice": 5.69,
      "recommendedQuantity": "1.0",
      "measurementUnitPrice": 54.72,
      "measurementUnit": "K",
      "isRedPrice": false,
      "pricePerUOM": 54.72,
      "activationDate": "26-02-2024",
      "recordSource": "Offline",
      "isPromoActive": "N",
      "priceChangeCode": "E"
    },
    "isAvailable": true,
    "isPriceAvailable": true,
    "inPromo": false,
    "gtin": [
      "08711000377215",
      "08711000360866",
      "08711000360811"
    ],
    "topCategoryName": "Dranken",
    "topCategoryId": "354",
    "businessDomain": "RETAIL_BE",
    "IsPrivateLabel": false,
    "IsBiffe": false,
    "WeightconversionFactor": "0",
    "IsWeightArticle": false,
    "nutriscoreLabel": "B",
    "IsBio": false,
    "CountryOfOrigin": "FRANKRIJK",
    "IsExclusivelySoldInLuxembourg": false,
    "OrderUnit": "P",
    "ShortName": "L OR ESP FORZA 20CAPS",
    "IsNew": false,
    "RecentQuanityOfStockUnits": "1,10",
    "LongName": "L'OR ESPRESSO caps Forza 09 20st",
    "AlcoholVolume": "0",
    "FicCode": "E"
  },
  {
    "productId": "511541",
    "technicalArticleNumber": "4080872",
    "commercialArticleNumber": "2617",
    "name": "blik",
    "brand": "SPRITE",
    "seoBrand": "Sprite",
    "thumbNail": "https://static.colruytgroup.com/images/200x200/std.lang.all/37/12/asset-3243712.jpg",
    "fullImage": "https://static.colruytgroup.com/images/500x500/std.lang.all/37/12/asset-3243712.jpg",
    "squareImage": "https://static.colruytgroup.com/images/500x500sq/std.lang.all/37/12/asset-3243712.jpg",
    "content": "15cl",
    "walkRouteSequenceNumber": 4318,
    "price": {
      "basicPrice": 0.715,
      "recommendedQuantity": "12.0",
      "measurementUnitPrice": 4.77,
      "measurementUnit": "L",
      "isRedPrice": false,
      "pricePerUOM": 4.77,
      "activationDate": "05-03-2024",
      "recordSource": "Offline",
      "isPromoActive": "N",
      "priceChangeCode": "H"
    },
    "isAvailable": true,
    "isPriceAvailable": true,
    "inPromo": false,
    "gtin": [
      "05449000083784",
      "00000054492127",
      "05449000245540"
    ],
    "topCategoryName": "Dranken",
    "topCategoryId": "354",
    "businessDomain": "RETAIL_BE",
    "IsPrivateLabel": false,
    "IsBiffe": false,
    "WeightconversionFactor": "0",
    "IsWeightArticle": false,
    "nutriscoreLabel": "E",
    "IsBio": false,
    "CountryOfOrigin": "BELGIË",
    "IsExclusivelySoldInLuxembourg": false,
    "OrderUnit": "P",
    "ShortName": "SPRI MINICAN 15CL",
    "IsNew": false,
    "RecentQuanityOfStockUnits": "12,1,24",
    "LongName": "SPRITE blik 15cl",
    "AlcoholVolume": "0",
    "FicCode": "E"
  },
  {
    "productId": "1381",
    "technicalArticleNumber": "19003",
    "commercialArticleNumber": "19003",
    "name": "P.Char. rosé 17,0%vol",
    "description": "*Likeurwijn rosé\n*Aperitief\n*17,0 % vol",
    "brand": "VIGIER-LATOUR",
    "seoBrand": "Vigier-Latour",
    "thumbNail": "https://static.colruytgroup.com/images/200x200/std.lang.all/33/64/asset-783364.jpg",
    "fullImage": "https://static.colruytgroup.com/images/500x500/std.lang.all/33/64/asset-783364.jpg",
    "squareImage": "https://static.colruytgroup.com/images/500x500sq/std.lang.all/33/64/asset-783364.jpg",
    "content": "75cl",
    "walkRouteSequenceNumber": 680,
    "price": {
      "basicPrice": 9.99,
      "recommendedQuantity": "1.0",
      "quantityPrice": 9.59,
      "quantityPriceQuantity": "6.0",
      "measurementUnitPrice": 13.32,
      "measurementUnitQuantityPrice": 12.79,
      "measurementUnit": "L",
      "isRedPrice": false,
      "pricePerUOM": 13.32,
      "activationDate": "15-02-2024",
      "isPromoActive": "N",
      "priceChangeCode": "E",
      "quantityPricePerUOM": 12.79,
      "quantityActivationDate": "15-02-2024",
      "quantityPriceChangeCode": "E"
    },
    "isAvailable": true,
    "isPriceAvailable": true,
    "inPromo": false,
    "gtin": [
      "03250510430355",
      "03250510430751"
    ],
    "topCategoryName": "Dranken",
    "topCategoryId": "354",
    "businessDomain": "RETAIL_BE",
    "IsPrivateLabel": false,
    "IsBiffe": false,
    "WeightconversionFactor": "0",
    "IsWeightArticle": false,
    "IsBio": false,
    "CountryOfOrigin": "FRANKRIJK",
    "IsExclusivelySoldInLuxembourg": false,
    "OrderUnit": "P",
    "ShortName": "PINEAU CHARENTES ROSE",
    "IsNew": false,
    "EcoscoreLabel": "B",
    "RecentQuanityOfStockUnits": "1",
    "LongName": "VIGIER-LATOUR P.Char. rosé 17,0%vol 75cl",
    "AlcoholVolume": "17",
    "FicCode": "E",
    "EcoscoreValue": "60"
  },
  {
    "productId": "306785",
    "technicalArticleNumber": "3761289",
    "commercialArticleNumber": "13974",
    "name": "Tropical",
    "description": "*Multivruchtensap\n*Sapconcentraat",
    "brand": "BONI",
    "seoBrand": "Boni Selection",
    "thumbNail": "https://static.colruytgroup.com/images/200x200/nl_be/27/13/asset-3352713.jpg",
    "fullImage": "https://static.colruytgroup.com/images/500x500/nl_be/27/13/asset-3352713.jpg",
    "squareImage": "https://static.colruytgroup.com/images/500x500sq/nl_be/27/13/asset-3352713.jpg",
    "content": "10x20cl",
    "walkRouteSequenceNumber": 4752,
    "price": {
      "basicPrice": 4.49,
      "recommendedQuantity": "1.0",
      "measurementUnitPrice": 2.25,
      "measurementUnit": "L",
      "isRedPrice": false,
      "pricePerUOM": 2.25,
      "activationDate": "14-03-2024",
      "recordSource": "Offline",
      "isPromoActive": "N",
      "priceChangeCode": "H"
    },
    "isAvailable": true,
    "isPriceAvailable": true,
    "inPromo": false,
    "gtin": [
      "15400141523000",
      "25400141523007",
      "05400141204292",
      "15400141204299",
      "15400141405733",
      "25400141405730"
    ],
    "topCategoryName": "Dranken",
    "topCategoryId": "354",
    "businessDomain": "RETAIL_BE",
    "IsPrivateLabel": true,
    "IsBiffe": false,
    "WeightconversionFactor": "0",
    "IsWeightArticle": false,
    "nutriscoreLabel": "B",
    "IsBio": false,
    "CountryOfOrigin": "NEDERLAND",
    "IsExclusivelySoldInLuxembourg": false,
    "OrderUnit": "P",
    "ShortName": "BONI TROPICAL 10X20CL",
    "IsNew": false,
    "EcoscoreLabel": "C",
    "RecentQuanityOfStockUnits": "1,1,3",
    "LongName": "BONI Tropical 10x20cl",
    "AlcoholVolume": "0",
    "FicCode": "I",
    "EcoscoreValue": "52"
  },
  {
    "productId": "717064",
    "technicalArticleNumber": "4463765",
    "commercialArticleNumber": "26754",
    "name": "G&T Mocktail Alc.Free",
    "description": "*Aperitief\n*Alcoholvrij",
    "brand": "SIR JAMES 101",
    "seoBrand": "Sir James 101",
    "thumbNail": "https://static.colruytgroup.com/images/200x200/std.lang.all/21/30/asset-2992130.jpg",
    "fullImage": "https://static.colruytgroup.com/images/500x500/std.lang.all/21/30/asset-2992130.jpg",
    "squareImage": "https://static.colruytgroup.com/images/500x500sq/std.lang.all/21/30/asset-2992130.jpg",
    "content": "25cl",
    "walkRouteSequenceNumber": 623,
    "price": {
      "basicPrice": 2.25,
      "recommendedQuantity": "1.0",
      "quantityPrice": 2.07,
      "quantityPriceQuantity": "12.0",
      "measurementUnitPrice": 9,
      "measurementUnitQuantityPrice": 8.28,
      "measurementUnit": "L",
      "isRedPrice": false,
      "pricePerUOM": 9,
      "activationDate": "23-02-2024",
      "recordSource": "Offline",
      "isPromoActive": "N",
      "priceChangeCode": "H",
      "quantityPricePerUOM": 8.28,
      "quantityActivationDate": "23-02-2024",
      "quantityPriceChangeCode": "H"
    },
    "isAvailable": true,
    "isPriceAvailable": true,
    "inPromo": false,
    "gtin": [
      "18717953274745",
      "08717953274748"
    ],
    "topCategoryName": "Dranken",
    "topCategoryId": "354",
    "businessDomain": "RETAIL_BE",
    "IsPrivateLabel": false,
    "IsBiffe": false,
    "WeightconversionFactor": "0",
    "IsWeightArticle": false,
    "nutriscoreLabel": "E",
    "IsBio": false,
    "CountryOfOrigin": "NEDERLAND",
    "IsExclusivelySoldInLuxembourg": false,
    "OrderUnit": "P",
    "ShortName": "SJ101 G&T MOCKT.0% 25CL",
    "IsNew": false,
    "RecentQuanityOfStockUnits": "1,12",
    "LongName": "SIR JAMES 101 G&T Mocktail Alc.Free 25cl",
    "FicCode": "E"
  },
  {
    "productId": "859181",
    "technicalArticleNumber": "4709578",
    "commercialArticleNumber": "31798",
    "name": "plantaardig chocoladedrink",
    "description": "*Plantaardig",
    "brand": "CÉCÉMEL",
    "seoBrand": "Cécémel",
    "thumbNail": "https://static.colruytgroup.com/images/200x200/nl_be/61/52/asset-3176152.jpg",
    "fullImage": "https://static.colruytgroup.com/images/500x500/nl_be/61/52/asset-3176152.jpg",
    "squareImage": "https://static.colruytgroup.com/images/500x500sq/nl_be/61/52/asset-3176152.jpg",
    "content": "1L",
    "walkRouteSequenceNumber": 6304,
    "price": {
      "basicPrice": 2.99,
      "recommendedQuantity": "1.0",
      "measurementUnitPrice": 2.99,
      "measurementUnit": "L",
      "isRedPrice": false,
      "pricePerUOM": 2.99,
      "activationDate": "04-03-2024",
      "recordSource": "Offline",
      "isPromoActive": "N",
      "priceChangeCode": "E"
    },
    "isAvailable": true,
    "isPriceAvailable": true,
    "inPromo": false,
    "gtin": [
      "05410438045026",
      "05410438045019"
    ],
    "topCategoryName": "Zuivel",
    "topCategoryId": "65",
    "businessDomain": "RETAIL_BE",
    "IsPrivateLabel": false,
    "IsBiffe": false,
    "WeightconversionFactor": "0",
    "IsWeightArticle": false,
    "nutriscoreLabel": "B",
    "IsBio": false,
    "CountryOfOrigin": "PORTUGAL",
    "IsExclusivelySoldInLuxembourg": false,
    "OrderUnit": "P",
    "ShortName": "CECE PLANTAARD.CHOCO 1L",
    "IsNew": false,
    "RecentQuanityOfStockUnits": "1,6",
    "LongName": "CÉCÉMEL plantaardig chocoladedrink 1L",
    "AlcoholVolume": "0",
    "FicCode": "E"
  },
  {
    "productId": "337387",
    "technicalArticleNumber": "3734894",
    "commercialArticleNumber": "41460",
    "name": "Crème de Cassis 15%",
    "description": "*Likeur\n*15 % vol",
    "brand": "MARIE GALANTE",
    "seoBrand": "Marie Galante",
    "thumbNail": "https://static.colruytgroup.com/images/200x200/std.lang.all/17/23/asset-1451723.jpg",
    "fullImage": "https://static.colruytgroup.com/images/500x500/std.lang.all/17/23/asset-1451723.jpg",
    "squareImage": "https://static.colruytgroup.com/images/500x500sq/std.lang.all/17/23/asset-1451723.jpg",
    "content": "50cl",
    "walkRouteSequenceNumber": 878,
    "price": {
      "basicPrice": 5.7,
      "recommendedQuantity": "1.0",
      "measurementUnitPrice": 11.4,
      "measurementUnit": "L",
      "isRedPrice": false,
      "pricePerUOM": 11.4,
      "activationDate": "17-02-2024",
      "recordSource": "Offline",
      "isPromoActive": "N",
      "priceChangeCode": "E"
    },
    "isAvailable": true,
    "isPriceAvailable": true,
    "inPromo": false,
    "gtin": [
      "15400141416609",
      "05400141416602",
      "05400141035445",
      "15400141035442",
      "05400141477276",
      "15400141477273"
    ],
    "topCategoryName": "Dranken",
    "topCategoryId": "354",
    "businessDomain": "RETAIL_BE",
    "IsPrivateLabel": true,
    "IsBiffe": false,
    "WeightconversionFactor": "0",
    "IsWeightArticle": false,
    "IsBio": false,
    "CountryOfOrigin": "FRANKRIJK",
    "IsExclusivelySoldInLuxembourg": false,
    "OrderUnit": "P",
    "ShortName": "MGAL CREME CASSIS15%50C",
    "IsNew": false,
    "EcoscoreLabel": "C",
    "RecentQuanityOfStockUnits": "1",
    "LongName": "MARIE GALANTE Crème de Cassis 15% 50cl",
    "AlcoholVolume": "15",
    "FicCode": "I",
    "EcoscoreValue": "50"
  },
  {
    "productId": "1846",
    "technicalArticleNumber": "22096",
    "commercialArticleNumber": "22096",
    "name": "koffie melk cichorei",
    "description": "*Met cichorei, melk\n*Oploskoffie",
    "brand": "NESTLÉ BONJOUR",
    "seoBrand": "Nestlé Bonjour",
    "thumbNail": "https://static.colruytgroup.com/images/200x200/std.lang.all/48/79/asset-2284879.jpg",
    "fullImage": "https://static.colruytgroup.com/images/500x500/std.lang.all/48/79/asset-2284879.jpg",
    "squareImage": "https://static.colruytgroup.com/images/500x500sq/std.lang.all/48/79/asset-2284879.jpg",
    "content": "400g",
    "walkRouteSequenceNumber": 1175,
    "price": {
      "basicPrice": 9,
      "recommendedQuantity": "1.0",
      "measurementUnitPrice": 22.5,
      "measurementUnit": "K",
      "isRedPrice": false,
      "pricePerUOM": 22.5,
      "activationDate": "15-03-2024",
      "recordSource": "Offline",
      "isPromoActive": "N",
      "priceChangeCode": "H"
    },
    "isAvailable": true,
    "isPriceAvailable": true,
    "inPromo": false,
    "gtin": [
      "03033710071005",
      "03033710104888",
      "05410001297005",
      "05410001001848"
    ],
    "topCategoryName": "Dranken",
    "topCategoryId": "354",
    "businessDomain": "RETAIL_BE",
    "IsPrivateLabel": false,
    "IsBiffe": false,
    "WeightconversionFactor": "0",
    "IsWeightArticle": false,
    "nutriscoreLabel": "B",
    "IsBio": false,
    "CountryOfOrigin": "BELGIË",
    "IsExclusivelySoldInLuxembourg": false,
    "OrderUnit": "P",
    "ShortName": "NESTLE BONJOUR 400 GR.",
    "IsNew": false,
    "RecentQuanityOfStockUnits": "1,6",
    "LongName": "NESTLÉ BONJOUR koffie melk cichorei 400g",
    "AlcoholVolume": "0",
    "FicCode": "E"
  },
  {
    "productId": "334339",
    "technicalArticleNumber": "3796465",
    "commercialArticleNumber": "41607",
    "name": "Cognac VS 2Y 40%",
    "description": "*Cognac\n*40% vol",
    "brand": "MARIE GALANTE",
    "seoBrand": "Marie Galante",
    "thumbNail": "https://static.colruytgroup.com/images/200x200/std.lang.all/20/71/asset-1622071.jpg",
    "fullImage": "https://static.colruytgroup.com/images/500x500/std.lang.all/20/71/asset-1622071.jpg",
    "squareImage": "https://static.colruytgroup.com/images/500x500sq/std.lang.all/20/71/asset-1622071.jpg",
    "content": "70cl",
    "walkRouteSequenceNumber": 992,
    "price": {
      "basicPrice": 21.49,
      "recommendedQuantity": "1.0",
      "measurementUnitPrice": 30.7,
      "measurementUnit": "L",
      "isRedPrice": false,
      "pricePerUOM": 30.7,
      "activationDate": "23-03-2024",
      "recordSource": "Offline",
      "isPromoActive": "N",
      "priceChangeCode": "L"
    },
    "isAvailable": true,
    "isPriceAvailable": true,
    "inPromo": false,
    "gtin": [
      "05400141204162",
      "15400141204169"
    ],
    "topCategoryName": "Dranken",
    "topCategoryId": "354",
    "businessDomain": "RETAIL_BE",
    "IsPrivateLabel": true,
    "IsBiffe": false,
    "WeightconversionFactor": "0",
    "IsWeightArticle": false,
    "IsBio": false,
    "CountryOfOrigin": "BELGIË",
    "IsExclusivelySoldInLuxembourg": false,
    "OrderUnit": "P",
    "ShortName": "M.GAL COGNAC VS 40%70CL",
    "IsNew": false,
    "EcoscoreLabel": "C",
    "RecentQuanityOfStockUnits": "1,6",
    "LongName": "MARIE GALANTE Cognac VS 2Y 40% 70cl",
    "AlcoholVolume": "40",
    "FicCode": "I",
    "EcoscoreValue": "50"
  },
  {
    "productId": "9907",
    "technicalArticleNumber": "1383556",
    "commercialArticleNumber": "19248",
    "name": "Ice 4,0%vol",
    "description": "*Ready to drink\n*Kant- en klaar\n*4,0 % vol",
    "brand": "SMIRNOFF",
    "seoBrand": "Smirnoff",
    "thumbNail": "https://static.colruytgroup.com/images/200x200/std.lang.all/78/48/asset-337848.jpg",
    "fullImage": "https://static.colruytgroup.com/images/500x500/std.lang.all/78/48/asset-337848.jpg",
    "squareImage": "https://static.colruytgroup.com/images/500x500sq/std.lang.all/78/48/asset-337848.jpg",
    "content": "70cl",
    "walkRouteSequenceNumber": 889,
    "price": {
      "basicPrice": 3.99,
      "recommendedQuantity": "1.0",
      "measurementUnitPrice": 5.7,
      "measurementUnit": "L",
      "isRedPrice": false,
      "pricePerUOM": 5.7,
      "activationDate": "21-03-2024",
      "recordSource": "Offline",
      "isPromoActive": "N",
      "priceChangeCode": "E"
    },
    "isAvailable": true,
    "isPriceAvailable": true,
    "inPromo": false,
    "gtin": [
      "05410316983730",
      "05410316983747"
    ],
    "topCategoryName": "Dranken",
    "topCategoryId": "354",
    "businessDomain": "RETAIL_BE",
    "IsPrivateLabel": false,
    "IsBiffe": false,
    "WeightconversionFactor": "0",
    "IsWeightArticle": false,
    "IsBio": false,
    "CountryOfOrigin": "ITALIË",
    "IsExclusivelySoldInLuxembourg": false,
    "OrderUnit": "P",
    "ShortName": "SMIRNOFF ICE 70CL .",
    "IsNew": false,
    "EcoscoreLabel": "D",
    "RecentQuanityOfStockUnits": "6,1",
    "LongName": "SMIRNOFF Ice 4,0%vol 70cl",
    "AlcoholVolume": "4",
    "FicCode": "E",
    "EcoscoreValue": "38"
  },
  {
    "productId": "863641",
    "technicalArticleNumber": "4715189",
    "commercialArticleNumber": "31937",
    "name": "9%",
    "description": "*Bitter\n*Aperitief\n*9,0 % vol",
    "brand": "APEROL SPRITZ",
    "seoBrand": "Aperol Spritz",
    "thumbNail": "https://static.colruytgroup.com/images/200x200/nl_be/86/71/asset-3208671.jpg",
    "fullImage": "https://static.colruytgroup.com/images/500x500/nl_be/86/71/asset-3208671.jpg",
    "squareImage": "https://static.colruytgroup.com/images/500x500sq/nl_be/86/71/asset-3208671.jpg",
    "content": "3x20cl",
    "walkRouteSequenceNumber": 861,
    "price": {
      "basicPrice": 8.49,
      "recommendedQuantity": "1.0",
      "quantityPrice": 7.49,
      "quantityPriceQuantity": "2.0",
      "measurementUnitPrice": 14.15,
      "measurementUnitQuantityPrice": 12.49,
      "measurementUnit": "L",
      "isRedPrice": false,
      "pricePerUOM": 14.15,
      "activationDate": "23-03-2024",
      "recordSource": "Folder",
      "isPromoActive": "N",
      "priceChangeCode": "E",
      "quantityPricePerUOM": 12.49,
      "quantityActivationDate": "23-03-2024",
      "quantityPriceChangeCode": "E"
    },
    "isAvailable": true,
    "isPriceAvailable": true,
    "inPromo": false,
    "gtin": [
      "08002230340545",
      "08002230340538"
    ],
    "topCategoryName": "Dranken",
    "topCategoryId": "354",
    "businessDomain": "RETAIL_BE",
    "IsPrivateLabel": false,
    "IsBiffe": false,
    "WeightconversionFactor": "0",
    "IsWeightArticle": false,
    "IsBio": false,
    "CountryOfOrigin": "ITALIË",
    "IsExclusivelySoldInLuxembourg": false,
    "OrderUnit": "P",
    "ShortName": "APER SPRITZ 9% 3X20CL",
    "IsNew": false,
    "EcoscoreLabel": "D",
    "RecentQuanityOfStockUnits": "1,8",
    "LongName": "APEROL SPRITZ 9% 3x20cl",
    "AlcoholVolume": "9",
    "FicCode": "E",
    "EcoscoreValue": "31"
  },
  {
    "productId": "47679",
    "technicalArticleNumber": "2485329",
    "commercialArticleNumber": "22693",
    "name": "caps Espr.int.",
    "description": "*Intens Espresso\n*Intens & Frutig\n*Intensiteit 7\n*16 Capsules",
    "brand": "NESCAFÉ DOLCE GUSTO",
    "seoBrand": "Nescafé Dolce Gusto",
    "thumbNail": "https://static.colruytgroup.com/images/200x200/std.lang.all/56/29/asset-2475629.jpg",
    "fullImage": "https://static.colruytgroup.com/images/500x500/std.lang.all/56/29/asset-2475629.jpg",
    "squareImage": "https://static.colruytgroup.com/images/500x500sq/std.lang.all/56/29/asset-2475629.jpg",
    "content": "16st",
    "walkRouteSequenceNumber": 1124,
    "price": {
      "basicPrice": 5.19,
      "recommendedQuantity": "1.0",
      "quantityPrice": 4.34,
      "quantityPriceQuantity": "2.0",
      "measurementUnitPrice": 40.55,
      "measurementUnitQuantityPrice": 33.91,
      "measurementUnit": "K",
      "isRedPrice": false,
      "pricePerUOM": 40.55,
      "activationDate": "21-03-2024",
      "recordSource": "Offline",
      "isPromoActive": "N",
      "priceChangeCode": "E",
      "quantityPricePerUOM": 33.91,
      "quantityActivationDate": "21-03-2024",
      "quantityPriceChangeCode": "H"
    },
    "isAvailable": true,
    "isPriceAvailable": true,
    "inPromo": false,
    "gtin": [
      "07613036830270",
      "07613031526413",
      "07613031526406",
      "07613036828444"
    ],
    "topCategoryName": "Dranken",
    "topCategoryId": "354",
    "businessDomain": "RETAIL_BE",
    "IsPrivateLabel": false,
    "IsBiffe": false,
    "WeightconversionFactor": "0",
    "IsWeightArticle": false,
    "nutriscoreLabel": "B",
    "IsBio": false,
    "CountryOfOrigin": "DUITSLAND",
    "IsExclusivelySoldInLuxembourg": false,
    "OrderUnit": "P",
    "ShortName": "NESC DG ESPRESS.I.16CAP",
    "IsNew": false,
    "RecentQuanityOfStockUnits": "1,6",
    "LongName": "NESCAFÉ DOLCE GUSTO caps Espr.int. 16st",
    "AlcoholVolume": "0",
    "FicCode": "E"
  },
  {
    "productId": "59032",
    "technicalArticleNumber": "2332967",
    "commercialArticleNumber": "18946",
    "name": "Magnifico gemalen",
    "description": "*Gemalen koffie",
    "brand": "CHARLES LIÉGEOIS",
    "seoBrand": "Charles Liégeois",
    "thumbNail": "https://static.colruytgroup.com/images/200x200/std.lang.all/47/36/asset-3414736.jpg",
    "fullImage": "https://static.colruytgroup.com/images/500x500/std.lang.all/47/36/asset-3414736.jpg",
    "squareImage": "https://static.colruytgroup.com/images/500x500sq/std.lang.all/47/36/asset-3414736.jpg",
    "content": "250g",
    "walkRouteSequenceNumber": 1131,
    "price": {
      "basicPrice": 4.39,
      "recommendedQuantity": "1.0",
      "quantityPrice": 2.27,
      "quantityPriceQuantity": "2.0",
      "measurementUnitPrice": 17.56,
      "measurementUnitQuantityPrice": 9.08,
      "measurementUnit": "K",
      "isRedPrice": false,
      "pricePerUOM": 17.56,
      "activationDate": "23-03-2024",
      "recordSource": "Offline",
      "isPromoActive": "N",
      "priceChangeCode": "E",
      "quantityPricePerUOM": 9.08,
      "quantityActivationDate": "23-03-2024",
      "quantityPriceChangeCode": "E"
    },
    "isAvailable": true,
    "isPriceAvailable": true,
    "inPromo": false,
    "gtin": [
      "05411651105566",
      "15411651105563",
      "65411651105568"
    ],
    "topCategoryName": "Dranken",
    "topCategoryId": "354",
    "businessDomain": "RETAIL_BE",
    "IsPrivateLabel": false,
    "IsBiffe": false,
    "WeightconversionFactor": "0",
    "IsWeightArticle": false,
    "nutriscoreLabel": "B",
    "IsBio": false,
    "CountryOfOrigin": "BELGIË",
    "IsExclusivelySoldInLuxembourg": false,
    "OrderUnit": "P",
    "ShortName": "RE CHLI MAGNIFI.GEM250G",
    "IsNew": false,
    "EcoscoreLabel": "B",
    "RecentQuanityOfStockUnits": "1,6",
    "LongName": "CHARLES LIÉGEOIS Magnifico gemalen 250g",
    "AlcoholVolume": "0",
    "FicCode": "E",
    "EcoscoreValue": "66"
  },
  {
    "productId": "200745",
    "technicalArticleNumber": "3443961",
    "commercialArticleNumber": "23953",
    "name": "trappist goud 4,8%vol",
    "description": "*4,8 % vol\n*Trappistenbier",
    "brand": "CHIMAY",
    "seoBrand": "Chimay",
    "thumbNail": "https://static.colruytgroup.com/images/200x200/std.lang.all/65/66/asset-1206566.jpg",
    "fullImage": "https://static.colruytgroup.com/images/500x500/std.lang.all/65/66/asset-1206566.jpg",
    "squareImage": "https://static.colruytgroup.com/images/500x500sq/std.lang.all/65/66/asset-1206566.jpg",
    "content": "6x33cl",
    "walkRouteSequenceNumber": 3626,
    "price": {
      "basicPrice": 9.06,
      "recommendedQuantity": "1.0",
      "quantityPrice": 8.7,
      "quantityPriceQuantity": "3.0",
      "measurementUnitPrice": 4.58,
      "measurementUnitQuantityPrice": 4.4,
      "measurementUnit": "L",
      "isRedPrice": false,
      "pricePerUOM": 4.58,
      "activationDate": "05-03-2024",
      "recordSource": "Online",
      "isPromoActive": "N",
      "priceChangeCode": "E",
      "quantityPricePerUOM": 4.4,
      "quantityActivationDate": "05-03-2024",
      "quantityPriceChangeCode": "H"
    },
    "isAvailable": true,
    "isPriceAvailable": true,
    "inPromo": false,
    "gtin": [
      "05410908000128",
      "05400141378382"
    ],
    "topCategoryName": "Dranken",
    "topCategoryId": "354",
    "businessDomain": "RETAIL_BE",
    "IsPrivateLabel": false,
    "IsBiffe": false,
    "WeightconversionFactor": "0",
    "IsWeightArticle": false,
    "IsBio": false,
    "CountryOfOrigin": "BELGIË",
    "IsExclusivelySoldInLuxembourg": false,
    "OrderUnit": "P",
    "ShortName": "CHIMAY DOREE 6X33CL",
    "InSeason": true,
    "IsNew": false,
    "EcoscoreLabel": "D",
    "RecentQuanityOfStockUnits": "1",
    "LongName": "CHIMAY trappist goud 4,8%vol 6x33cl",
    "AlcoholVolume": "4.8",
    "StartSeasonDate": "09/02/2017",
    "FicCode": "E",
    "DepositValue": [
      0.6
    ],
    "EcoscoreValue": "37"
  },
  {
    "productId": "241975",
    "technicalArticleNumber": "3537380",
    "commercialArticleNumber": "41384",
    "name": "sap sinaasappel PET",
    "description": "*Bio Sinaasappel\n*Zonder pulp",
    "brand": "BONI BIO",
    "seoBrand": "Boni Selection Bio",
    "thumbNail": "https://static.colruytgroup.com/images/200x200/std.lang.all/03/88/asset-3360388.jpg",
    "fullImage": "https://static.colruytgroup.com/images/500x500/std.lang.all/03/88/asset-3360388.jpg",
    "squareImage": "https://static.colruytgroup.com/images/500x500sq/std.lang.all/03/88/asset-3360388.jpg",
    "content": "1L",
    "walkRouteSequenceNumber": 5020,
    "price": {
      "basicPrice": 2.76,
      "recommendedQuantity": "1.0",
      "measurementUnitPrice": 2.76,
      "measurementUnit": "L",
      "isRedPrice": false,
      "pricePerUOM": 2.76,
      "activationDate": "21-03-2024",
      "recordSource": "Offline",
      "isPromoActive": "N",
      "priceChangeCode": "L"
    },
    "isAvailable": true,
    "isPriceAvailable": true,
    "inPromo": false,
    "gtin": [
      "15400141358824",
      "05400141297294",
      "05400141293616",
      "05400141358827",
      "15400141297291",
      "05400141403879",
      "15400141293613"
    ],
    "topCategoryName": "Dranken",
    "topCategoryId": "354",
    "businessDomain": "RETAIL_BE",
    "IsPrivateLabel": true,
    "IsBiffe": false,
    "WeightconversionFactor": "0",
    "IsWeightArticle": false,
    "nutriscoreLabel": "C",
    "IsBio": true,
    "CountryOfOrigin": "ITALIË",
    "IsExclusivelySoldInLuxembourg": false,
    "OrderUnit": "P",
    "ShortName": "BS BIO SINAASAPPEL 1L",
    "IsNew": false,
    "EcoscoreLabel": "B",
    "RecentQuanityOfStockUnits": "1",
    "LongName": "BONI BIO sap sinaasappel PET 1L",
    "AlcoholVolume": "0",
    "FicCode": "I",
    "EcoscoreValue": "65"
  },
  {
    "productId": "685348",
    "technicalArticleNumber": "4408018",
    "commercialArticleNumber": "24822",
    "name": "Ice T. Raspb-Cherryblos. PET",
    "description": "*Ice tea\n*Groene theesmaak\n*Non-sparkling\n*Ijs thee\n*Soft drink",
    "brand": "LIPTON",
    "seoBrand": "Lipton",
    "thumbNail": "https://static.colruytgroup.com/images/200x200/std.lang.all/30/87/asset-2413087.jpg",
    "fullImage": "https://static.colruytgroup.com/images/500x500/std.lang.all/30/87/asset-2413087.jpg",
    "squareImage": "https://static.colruytgroup.com/images/500x500sq/std.lang.all/30/87/asset-2413087.jpg",
    "content": "33cl",
    "walkRouteSequenceNumber": 4213,
    "price": {
      "basicPrice": 1.17,
      "recommendedQuantity": "4.0",
      "quantityPrice": 1.12,
      "quantityPriceQuantity": "24.0",
      "measurementUnitPrice": 3.55,
      "measurementUnitQuantityPrice": 3.4,
      "measurementUnit": "L",
      "isRedPrice": false,
      "pricePerUOM": 3.55,
      "activationDate": "20-03-2024",
      "recordSource": "Offline",
      "isPromoActive": "N",
      "priceChangeCode": "L",
      "quantityPricePerUOM": 3.4,
      "quantityActivationDate": "20-03-2024",
      "quantityPriceChangeCode": "L"
    },
    "isAvailable": true,
    "isPriceAvailable": true,
    "inPromo": false,
    "gtin": [
      "08711327506459",
      "08711327506466",
      "08711327506497"
    ],
    "topCategoryName": "Dranken",
    "topCategoryId": "354",
    "businessDomain": "RETAIL_BE",
    "IsPrivateLabel": false,
    "IsBiffe": false,
    "WeightconversionFactor": "0",
    "IsWeightArticle": false,
    "nutriscoreLabel": "D",
    "IsBio": false,
    "CountryOfOrigin": "BELGIË",
    "IsExclusivelySoldInLuxembourg": false,
    "OrderUnit": "P",
    "ShortName": "LIPT IT RAS-CHER.PET33C",
    "InSeason": true,
    "IsNew": false,
    "RecentQuanityOfStockUnits": "1,4,24",
    "LongName": "LIPTON Ice T. Raspb-Cherryblos. PET 33cl",
    "StartSeasonDate": "23/12/2021",
    "FicCode": "E"
  },
  {
    "productId": "853270",
    "technicalArticleNumber": "4701762",
    "commercialArticleNumber": "31159",
    "name": "bruisend Strawb-Blueberry",
    "description": "*Bruisende limonade\n*Smaak: aardbei-\nblauwe bes\n*Met suiker en\nzoetstoffen",
    "brand": "SPA FRUIT",
    "seoBrand": "Spa Fruit",
    "thumbNail": "https://static.colruytgroup.com/images/200x200/std.lang.all/06/89/asset-3120689.jpg",
    "fullImage": "https://static.colruytgroup.com/images/500x500/std.lang.all/06/89/asset-3120689.jpg",
    "squareImage": "https://static.colruytgroup.com/images/500x500sq/std.lang.all/06/89/asset-3120689.jpg",
    "content": "25cl",
    "walkRouteSequenceNumber": 4255,
    "price": {
      "basicPrice": 0.81,
      "recommendedQuantity": "4.0",
      "quantityPrice": 0.75,
      "quantityPriceQuantity": "24.0",
      "measurementUnitPrice": 3.24,
      "measurementUnitQuantityPrice": 3,
      "measurementUnit": "L",
      "isRedPrice": false,
      "pricePerUOM": 3.24,
      "activationDate": "03-02-2024",
      "recordSource": "Online",
      "isPromoActive": "N",
      "priceChangeCode": "H",
      "quantityPricePerUOM": 3,
      "quantityActivationDate": "03-02-2024",
      "quantityPriceChangeCode": "L"
    },
    "isAvailable": true,
    "isPriceAvailable": true,
    "inPromo": false,
    "gtin": [
      "05410013807513",
      "05410013807520",
      "05410013807506"
    ],
    "topCategoryName": "Dranken",
    "topCategoryId": "354",
    "businessDomain": "RETAIL_BE",
    "IsPrivateLabel": false,
    "IsBiffe": false,
    "WeightconversionFactor": "0",
    "IsWeightArticle": false,
    "nutriscoreLabel": "C",
    "IsBio": false,
    "CountryOfOrigin": "BELGIË",
    "IsExclusivelySoldInLuxembourg": false,
    "OrderUnit": "P",
    "ShortName": "SPA FRUI BR.STRA-BLU25C",
    "IsNew": false,
    "RecentQuanityOfStockUnits": "1,4,24",
    "LongName": "SPA FRUIT bruisend Strawb-Blueberry 25cl",
    "FicCode": "E"
  },
  {
    "productId": "868725",
    "technicalArticleNumber": "4722001",
    "commercialArticleNumber": "16935",
    "name": "Botanical Strawberry Rhubarb",
    "description": "*Energiedrank\n*Bevat cafeïne\n*Suiker/zoetstoffen",
    "brand": "NALU",
    "seoBrand": "Nalu",
    "thumbNail": "https://static.colruytgroup.com/images/200x200/std.lang.all/37/17/asset-3243717.jpg",
    "fullImage": "https://static.colruytgroup.com/images/500x500/std.lang.all/37/17/asset-3243717.jpg",
    "squareImage": "https://static.colruytgroup.com/images/500x500sq/std.lang.all/37/17/asset-3243717.jpg",
    "content": "25cl",
    "walkRouteSequenceNumber": 4669,
    "price": {
      "basicPrice": 1.4,
      "recommendedQuantity": "6.0",
      "quantityPrice": 1.34,
      "quantityPriceQuantity": "24.0",
      "measurementUnitPrice": 5.6,
      "measurementUnitQuantityPrice": 5.36,
      "measurementUnit": "L",
      "isRedPrice": false,
      "pricePerUOM": 5.6,
      "activationDate": "29-02-2024",
      "recordSource": "Online",
      "isPromoActive": "N",
      "priceChangeCode": "E",
      "quantityPricePerUOM": 5.36,
      "quantityActivationDate": "29-02-2024",
      "quantityPriceChangeCode": "H"
    },
    "isAvailable": true,
    "isPriceAvailable": true,
    "inPromo": false,
    "gtin": [
      "05060895748840",
      "05060895748826",
      "05060895748833"
    ],
    "topCategoryName": "Dranken",
    "topCategoryId": "354",
    "businessDomain": "RETAIL_BE",
    "IsPrivateLabel": false,
    "IsBiffe": false,
    "WeightconversionFactor": "0",
    "IsWeightArticle": false,
    "nutriscoreLabel": "D",
    "IsBio": false,
    "CountryOfOrigin": "BELGIË",
    "IsExclusivelySoldInLuxembourg": false,
    "OrderUnit": "P",
    "ShortName": "NALU STRAWB-RHUBARB25CL",
    "IsNew": false,
    "RecentQuanityOfStockUnits": "6,1,24",
    "LongName": "NALU Botanical Strawberry Rhubarb 25cl",
    "FicCode": "E"
  },
  {
    "productId": "838281",
    "technicalArticleNumber": "4681252",
    "commercialArticleNumber": "30466",
    "name": "Black Tea Orange-Cardamon",
    "description": "*Ice tea\n*Niet-bruisend\n*Smaak: sinaasappel,\nkardemon",
    "brand": "FUZE TEA",
    "seoBrand": "Fuze Tea",
    "thumbNail": "https://static.colruytgroup.com/images/200x200/std.lang.all/57/90/asset-2965790.jpg",
    "fullImage": "https://static.colruytgroup.com/images/500x500/std.lang.all/57/90/asset-2965790.jpg",
    "squareImage": "https://static.colruytgroup.com/images/500x500sq/std.lang.all/57/90/asset-2965790.jpg",
    "content": "40cl",
    "walkRouteSequenceNumber": 4214,
    "price": {
      "basicPrice": 1.32,
      "recommendedQuantity": "4.0",
      "measurementUnitPrice": 3.3,
      "measurementUnit": "L",
      "isRedPrice": false,
      "pricePerUOM": 3.3,
      "activationDate": "14-03-2024",
      "recordSource": "Offline",
      "isPromoActive": "N",
      "priceChangeCode": "E"
    },
    "isAvailable": true,
    "isPriceAvailable": true,
    "inPromo": false,
    "gtin": [
      "05449000316387",
      "05449000316394",
      "05449000316370"
    ],
    "topCategoryName": "Dranken",
    "topCategoryId": "354",
    "businessDomain": "RETAIL_BE",
    "IsPrivateLabel": false,
    "IsBiffe": false,
    "WeightconversionFactor": "0",
    "IsWeightArticle": false,
    "nutriscoreLabel": "D",
    "IsBio": false,
    "CountryOfOrigin": "NEDERLAND",
    "IsExclusivelySoldInLuxembourg": false,
    "OrderUnit": "P",
    "ShortName": "FUZE ORANGE-CARADAM40CL",
    "InSeason": true,
    "IsNew": false,
    "RecentQuanityOfStockUnits": "1,4,24",
    "LongName": "FUZE TEA Black Tea Orange-Cardamon 40cl",
    "StartSeasonDate": "17/07/2023",
    "FicCode": "E"
  },
  {
    "productId": "56613",
    "technicalArticleNumber": "2259747",
    "commercialArticleNumber": "4683",
    "name": "limoensap glas",
    "description": "*Smaak: limoen\n*40 % vruchtensap",
    "brand": "PULCO",
    "seoBrand": "Pulco",
    "thumbNail": "https://static.colruytgroup.com/images/200x200/std.lang.all/88/66/asset-2318866.jpg",
    "fullImage": "https://static.colruytgroup.com/images/500x500/std.lang.all/88/66/asset-2318866.jpg",
    "squareImage": "https://static.colruytgroup.com/images/500x500sq/std.lang.all/88/66/asset-2318866.jpg",
    "content": "70cl",
    "walkRouteSequenceNumber": 4033,
    "price": {
      "basicPrice": 5.35,
      "recommendedQuantity": "1.0",
      "quantityPrice": 5.14,
      "quantityPriceQuantity": "3.0",
      "measurementUnitPrice": 7.65,
      "measurementUnitQuantityPrice": 7.35,
      "measurementUnit": "L",
      "isRedPrice": false,
      "pricePerUOM": 7.65,
      "activationDate": "03-02-2024",
      "recordSource": "Online",
      "isPromoActive": "N",
      "priceChangeCode": "L",
      "quantityPricePerUOM": 7.35,
      "quantityActivationDate": "03-02-2024",
      "quantityPriceChangeCode": "L"
    },
    "isAvailable": true,
    "isPriceAvailable": true,
    "inPromo": false,
    "gtin": [
      "03225355380707",
      "05410221305382",
      "03225355490895"
    ],
    "topCategoryName": "Dranken",
    "topCategoryId": "354",
    "businessDomain": "RETAIL_BE",
    "IsPrivateLabel": false,
    "IsBiffe": false,
    "WeightconversionFactor": "0",
    "IsWeightArticle": false,
    "nutriscoreLabel": "B",
    "IsBio": false,
    "CountryOfOrigin": "SPANJE",
    "IsExclusivelySoldInLuxembourg": false,
    "OrderUnit": "P",
    "ShortName": "PULCO LIMOEN 70CL",
    "IsNew": false,
    "EcoscoreLabel": "E",
    "RecentQuanityOfStockUnits": "1,12",
    "LongName": "PULCO limoensap glas 70cl",
    "AlcoholVolume": "0",
    "FicCode": "E",
    "EcoscoreValue": "4"
  },
  {
    "productId": "614607",
    "technicalArticleNumber": "4289885",
    "commercialArticleNumber": "23347",
    "name": "caps Flat White",
    "description": "*Koffie met melk\n*Fluweelachtig\n*Schuimlaag\n*16 Capsules",
    "brand": "NESCAFÉ DOLCE GUSTO",
    "seoBrand": "Nescafé Dolce Gusto",
    "thumbNail": "https://static.colruytgroup.com/images/200x200/std.lang.all/77/99/asset-2137799.jpg",
    "fullImage": "https://static.colruytgroup.com/images/500x500/std.lang.all/77/99/asset-2137799.jpg",
    "squareImage": "https://static.colruytgroup.com/images/500x500sq/std.lang.all/77/99/asset-2137799.jpg",
    "content": "16st",
    "walkRouteSequenceNumber": 1113,
    "price": {
      "basicPrice": 5.79,
      "recommendedQuantity": "1.0",
      "quantityPrice": 4.34,
      "quantityPriceQuantity": "2.0",
      "measurementUnitPrice": 30.97,
      "measurementUnitQuantityPrice": 23.21,
      "measurementUnit": "K",
      "isRedPrice": false,
      "pricePerUOM": 30.97,
      "activationDate": "21-03-2024",
      "recordSource": "Offline",
      "isPromoActive": "N",
      "priceChangeCode": "E",
      "quantityPricePerUOM": 23.21,
      "quantityActivationDate": "21-03-2024",
      "quantityPriceChangeCode": "H"
    },
    "isAvailable": true,
    "isPriceAvailable": true,
    "inPromo": false,
    "gtin": [
      "07613036595735",
      "07613036596244"
    ],
    "topCategoryName": "Dranken",
    "topCategoryId": "354",
    "businessDomain": "RETAIL_BE",
    "IsPrivateLabel": false,
    "IsBiffe": false,
    "WeightconversionFactor": "0",
    "IsWeightArticle": false,
    "nutriscoreLabel": "D",
    "IsBio": false,
    "CountryOfOrigin": "VERENIGD KONINKRIJK",
    "IsExclusivelySoldInLuxembourg": false,
    "OrderUnit": "P",
    "ShortName": "NESC DG FLAT WHITE16CAP",
    "IsNew": false,
    "RecentQuanityOfStockUnits": "3,1",
    "LongName": "NESCAFÉ DOLCE GUSTO caps Flat White 16st",
    "FicCode": "E"
  },
  {
    "productId": "786531",
    "technicalArticleNumber": "4588116",
    "commercialArticleNumber": "21025",
    "name": "Espresso bonen",
    "brand": "LAVAZZA",
    "seoBrand": "Lavazza",
    "thumbNail": "https://static.colruytgroup.com/images/200x200/std.lang.all/60/97/asset-3216097.jpg",
    "fullImage": "https://static.colruytgroup.com/images/500x500/std.lang.all/60/97/asset-3216097.jpg",
    "squareImage": "https://static.colruytgroup.com/images/500x500sq/std.lang.all/60/97/asset-3216097.jpg",
    "content": "1kg",
    "walkRouteSequenceNumber": 1073,
    "price": {
      "basicPrice": 17.9,
      "recommendedQuantity": "1.0",
      "quantityPrice": 16.47,
      "quantityPriceQuantity": "3.0",
      "measurementUnitPrice": 17.9,
      "measurementUnitQuantityPrice": 16.47,
      "measurementUnit": "K",
      "isRedPrice": false,
      "pricePerUOM": 17.9,
      "activationDate": "03-01-2024",
      "isPromoActive": "N",
      "priceChangeCode": "H",
      "quantityPricePerUOM": 16.47,
      "quantityActivationDate": "03-01-2024",
      "quantityPriceChangeCode": "H"
    },
    "isAvailable": true,
    "isPriceAvailable": true,
    "inPromo": false,
    "gtin": [
      "08000070038660",
      "08000070038677"
    ],
    "topCategoryName": "Dranken",
    "topCategoryId": "354",
    "businessDomain": "RETAIL_BE",
    "IsPrivateLabel": false,
    "IsBiffe": false,
    "WeightconversionFactor": "0",
    "IsWeightArticle": false,
    "nutriscoreLabel": "B",
    "IsBio": false,
    "CountryOfOrigin": "ITALIË",
    "IsExclusivelySoldInLuxembourg": false,
    "OrderUnit": "P",
    "ShortName": "LAVA ESPRESSO BONEN 1KG",
    "IsNew": false,
    "EcoscoreLabel": "C",
    "RecentQuanityOfStockUnits": "1,6",
    "LongName": "LAVAZZA Espresso bonen 1kg",
    "FicCode": "E",
    "EcoscoreValue": "40"
  },
  {
    "productId": "881788",
    "technicalArticleNumber": "4739253",
    "commercialArticleNumber": "4376",
    "name": "Zero siroop Iced T.perzik",
    "brand": "TEISSEIRE",
    "seoBrand": "Teisseire",
    "thumbNail": "https://static.colruytgroup.com/images/200x200/std.lang.all/57/22/asset-3285722.jpg",
    "fullImage": "https://static.colruytgroup.com/images/500x500/std.lang.all/57/22/asset-3285722.jpg",
    "squareImage": "https://static.colruytgroup.com/images/500x500sq/std.lang.all/57/22/asset-3285722.jpg",
    "content": "60cl",
    "walkRouteSequenceNumber": 4025,
    "price": {
      "basicPrice": 5.99,
      "recommendedQuantity": "1.0",
      "quantityPrice": 5.75,
      "quantityPriceQuantity": "6.0",
      "measurementUnitPrice": 9.99,
      "measurementUnitQuantityPrice": 9.59,
      "measurementUnit": "L",
      "isRedPrice": false,
      "pricePerUOM": 9.99,
      "activationDate": "07-03-2024",
      "recordSource": "Offline",
      "isPromoActive": "N",
      "priceChangeCode": "E",
      "quantityPricePerUOM": 9.59,
      "quantityActivationDate": "07-03-2024",
      "quantityPriceChangeCode": "H"
    },
    "isAvailable": true,
    "isPriceAvailable": true,
    "inPromo": false,
    "gtin": [
      "03092718639167",
      "03092718638146"
    ],
    "topCategoryName": "Dranken",
    "topCategoryId": "354",
    "businessDomain": "RETAIL_BE",
    "IsPrivateLabel": false,
    "IsBiffe": false,
    "WeightconversionFactor": "0",
    "IsWeightArticle": false,
    "IsBio": false,
    "CountryOfOrigin": "FRANKRIJK",
    "IsExclusivelySoldInLuxembourg": false,
    "OrderUnit": "P",
    "ShortName": "TEIS ZERO IT PERZIK60CL",
    "IsNew": false,
    "RecentQuanityOfStockUnits": "1",
    "LongName": "TEISSEIRE Zero siroop Iced T.perzik 60cl",
    "AlcoholVolume": "0",
    "FicCode": "E"
  },
  {
    "productId": "449508",
    "technicalArticleNumber": "4024085",
    "commercialArticleNumber": "5241",
    "name": "bruisend water glas",
    "description": "*Natuurlijk mineraalwater\n*Bruisend\n*Droogrest: 385 ml/l",
    "brand": "CHAUDFONTAINE",
    "seoBrand": "Chaudfontaine",
    "thumbNail": "https://static.colruytgroup.com/images/200x200/std.lang.all/27/34/asset-2402734.jpg",
    "fullImage": "https://static.colruytgroup.com/images/500x500/std.lang.all/27/34/asset-2402734.jpg",
    "squareImage": "https://static.colruytgroup.com/images/500x500sq/std.lang.all/27/34/asset-2402734.jpg",
    "content": "6x1L",
    "walkRouteSequenceNumber": 3892,
    "price": {
      "basicPrice": 5.28,
      "recommendedQuantity": "1.0",
      "measurementUnitPrice": 0.88,
      "measurementUnit": "L",
      "isRedPrice": false,
      "pricePerUOM": 0.88,
      "activationDate": "29-02-2024",
      "recordSource": "Online",
      "isPromoActive": "N",
      "priceChangeCode": "E"
    },
    "isAvailable": true,
    "isPriceAvailable": true,
    "inPromo": false,
    "gtin": [
      "05449000113368",
      "05449000127730"
    ],
    "topCategoryName": "Dranken",
    "topCategoryId": "354",
    "businessDomain": "RETAIL_BE",
    "IsPrivateLabel": false,
    "IsBiffe": false,
    "WeightconversionFactor": "0",
    "IsWeightArticle": false,
    "nutriscoreLabel": "A",
    "IsBio": false,
    "CountryOfOrigin": "BELGIË",
    "IsExclusivelySoldInLuxembourg": false,
    "OrderUnit": "P",
    "ShortName": "CHAU BRUISEND WATER6X1L",
    "IsNew": false,
    "RecentQuanityOfStockUnits": "1",
    "LongName": "CHAUDFONTAINE bruisend water glas 6x1L",
    "AlcoholVolume": "0",
    "FicCode": "E",
    "DepositValue": [
      3.5
    ]
  },
  {
    "productId": "68308",
    "technicalArticleNumber": "2783372",
    "commercialArticleNumber": "45816",
    "name": "bier 5,2%",
    "description": "*Vlaams roodbruin\nbier\n*5,2 % vol\n*Gemengde gisting",
    "brand": "RODENBACH",
    "seoBrand": "Rodenbach",
    "thumbNail": "https://static.colruytgroup.com/images/200x200/std.lang.all/99/83/asset-1729983.jpg",
    "fullImage": "https://static.colruytgroup.com/images/500x500/std.lang.all/99/83/asset-1729983.jpg",
    "squareImage": "https://static.colruytgroup.com/images/500x500sq/std.lang.all/99/83/asset-1729983.jpg",
    "content": "8x25cl",
    "walkRouteSequenceNumber": 3774,
    "price": {
      "basicPrice": 7.92,
      "recommendedQuantity": "1.0",
      "quantityPrice": 7.6,
      "quantityPriceQuantity": "3.0",
      "measurementUnitPrice": 3.96,
      "measurementUnitQuantityPrice": 3.8,
      "measurementUnit": "L",
      "isRedPrice": false,
      "pricePerUOM": 3.96,
      "activationDate": "19-01-2024",
      "recordSource": "Offline",
      "isPromoActive": "N",
      "priceChangeCode": "L",
      "quantityPricePerUOM": 3.8,
      "quantityActivationDate": "19-01-2024",
      "quantityPriceChangeCode": "L"
    },
    "isAvailable": true,
    "isPriceAvailable": true,
    "inPromo": false,
    "gtin": [
      "05400141015706"
    ],
    "topCategoryName": "Dranken",
    "topCategoryId": "354",
    "businessDomain": "RETAIL_BE",
    "IsPrivateLabel": false,
    "IsBiffe": false,
    "WeightconversionFactor": "0",
    "IsWeightArticle": false,
    "IsBio": false,
    "CountryOfOrigin": "BELGIË",
    "IsExclusivelySoldInLuxembourg": false,
    "OrderUnit": "P",
    "ShortName": "RODENBACH 8X25CL",
    "IsNew": false,
    "EcoscoreLabel": "D",
    "RecentQuanityOfStockUnits": "1",
    "LongName": "RODENBACH bier 5,2% 8x25cl",
    "AlcoholVolume": "5.2",
    "FicCode": "E",
    "DepositValue": [
      0.8
    ],
    "EcoscoreValue": "37"
  },
  {
    "productId": "1279",
    "technicalArticleNumber": "19017",
    "commercialArticleNumber": "19017",
    "name": "White Port 19,5%",
    "description": "*Porto wit\n*Aperitief\n*19,5 % vol",
    "brand": "OFFLEY",
    "seoBrand": "Offley",
    "thumbNail": "https://static.colruytgroup.com/images/200x200/std.lang.all/77/62/asset-2107762.jpg",
    "fullImage": "https://static.colruytgroup.com/images/500x500/std.lang.all/77/62/asset-2107762.jpg",
    "squareImage": "https://static.colruytgroup.com/images/500x500sq/std.lang.all/77/62/asset-2107762.jpg",
    "content": "75cl",
    "walkRouteSequenceNumber": 714,
    "price": {
      "basicPrice": 9.35,
      "recommendedQuantity": "1.0",
      "quantityPrice": 8.98,
      "quantityPriceQuantity": "6.0",
      "measurementUnitPrice": 12.47,
      "measurementUnitQuantityPrice": 11.98,
      "measurementUnit": "L",
      "isRedPrice": false,
      "pricePerUOM": 12.47,
      "activationDate": "23-03-2024",
      "recordSource": "Offline",
      "isPromoActive": "N",
      "priceChangeCode": "H",
      "quantityPricePerUOM": 11.98,
      "quantityActivationDate": "23-03-2024",
      "quantityPriceChangeCode": "H"
    },
    "isAvailable": true,
    "isPriceAvailable": true,
    "inPromo": false,
    "gtin": [
      "05601034000759",
      "05601034002500",
      "05601034002524",
      "55601034000143"
    ],
    "topCategoryName": "Dranken",
    "topCategoryId": "354",
    "businessDomain": "RETAIL_BE",
    "IsPrivateLabel": false,
    "IsBiffe": false,
    "WeightconversionFactor": "0",
    "IsWeightArticle": false,
    "IsBio": false,
    "CountryOfOrigin": "PORTUGAL",
    "IsExclusivelySoldInLuxembourg": false,
    "OrderUnit": "P",
    "ShortName": "OFFLEY PORTO WIT 75CL",
    "IsNew": false,
    "EcoscoreLabel": "D",
    "RecentQuanityOfStockUnits": "1,6,6",
    "LongName": "OFFLEY White Port 19,5% 75cl",
    "AlcoholVolume": "19.5",
    "FicCode": "E",
    "EcoscoreValue": "27"
  },
  {
    "productId": "353403",
    "technicalArticleNumber": "3855919",
    "commercialArticleNumber": "21889",
    "name": "tripel d'Anvers",
    "description": "*Sterk blond bier\n*8 % vol\n*Hoge gisting\n*Duvel Moortgat",
    "brand": "DE KONINCK",
    "seoBrand": "De Koninck",
    "thumbNail": "https://static.colruytgroup.com/images/200x200/std.lang.all/54/20/asset-2855420.jpg",
    "fullImage": "https://static.colruytgroup.com/images/500x500/std.lang.all/54/20/asset-2855420.jpg",
    "squareImage": "https://static.colruytgroup.com/images/500x500sq/std.lang.all/54/20/asset-2855420.jpg",
    "content": "6x33cl",
    "walkRouteSequenceNumber": 3722,
    "price": {
      "basicPrice": 10.68,
      "recommendedQuantity": "1.0",
      "measurementUnitPrice": 5.4,
      "measurementUnit": "L",
      "isRedPrice": false,
      "pricePerUOM": 5.4,
      "activationDate": "06-03-2024",
      "recordSource": "Online",
      "isPromoActive": "N",
      "priceChangeCode": "H"
    },
    "isAvailable": true,
    "isPriceAvailable": true,
    "inPromo": false,
    "gtin": [
      "05400141231083",
      "00000054107090"
    ],
    "topCategoryName": "Dranken",
    "topCategoryId": "354",
    "businessDomain": "RETAIL_BE",
    "IsPrivateLabel": false,
    "IsBiffe": false,
    "WeightconversionFactor": "0",
    "IsWeightArticle": false,
    "IsBio": false,
    "CountryOfOrigin": "BELGIË",
    "IsExclusivelySoldInLuxembourg": false,
    "OrderUnit": "P",
    "ShortName": "RE DKON TRIP.ANV.6X33CL",
    "IsNew": false,
    "EcoscoreLabel": "B",
    "RecentQuanityOfStockUnits": "1",
    "LongName": "DE KONINCK tripel d'Anvers 6x33cl",
    "AlcoholVolume": "8",
    "FicCode": "E",
    "DepositValue": [
      0.6
    ],
    "EcoscoreValue": "72"
  },
  {
    "productId": "278974",
    "technicalArticleNumber": "3668052",
    "commercialArticleNumber": "11198",
    "name": "Original",
    "description": "*Sinaasappelsap\n*Puur sap\n*100% vruchten\n*Met pulp",
    "brand": "TROPICANA",
    "seoBrand": "Tropicana",
    "thumbNail": "https://static.colruytgroup.com/images/200x200/std.lang.all/97/65/asset-1479765.jpg",
    "fullImage": "https://static.colruytgroup.com/images/500x500/std.lang.all/97/65/asset-1479765.jpg",
    "squareImage": "https://static.colruytgroup.com/images/500x500sq/std.lang.all/97/65/asset-1479765.jpg",
    "content": "1,5L",
    "walkRouteSequenceNumber": 5026,
    "price": {
      "basicPrice": 4.99,
      "recommendedQuantity": "1.0",
      "measurementUnitPrice": 3.33,
      "measurementUnit": "L",
      "isRedPrice": false,
      "pricePerUOM": 3.33,
      "activationDate": "20-02-2024",
      "recordSource": "Offline",
      "isPromoActive": "N",
      "priceChangeCode": "H"
    },
    "isAvailable": true,
    "isPriceAvailable": true,
    "inPromo": false,
    "gtin": [
      "05410188031836",
      "05410188031843"
    ],
    "topCategoryName": "Dranken",
    "topCategoryId": "354",
    "businessDomain": "RETAIL_BE",
    "IsPrivateLabel": false,
    "IsBiffe": false,
    "WeightconversionFactor": "0",
    "IsWeightArticle": false,
    "nutriscoreLabel": "C",
    "IsBio": false,
    "CountryOfOrigin": "EUROPA",
    "IsExclusivelySoldInLuxembourg": false,
    "OrderUnit": "P",
    "ShortName": "TROP PURE ORANGE 1.5L",
    "IsNew": false,
    "RecentQuanityOfStockUnits": "1",
    "LongName": "TROPICANA Original 1,5L",
    "AlcoholVolume": "0",
    "FicCode": "E"
  },
  {
    "productId": "152591",
    "technicalArticleNumber": "3268055",
    "commercialArticleNumber": "38930",
    "name": "London Dry Gin 37,5%",
    "description": "*Gin\n*37,5 % vol\n*Floraal - zoet\n*Combineren met:\nNeutrale tonic",
    "brand": "BOMBAY",
    "seoBrand": "Bombay",
    "thumbNail": "https://static.colruytgroup.com/images/200x200/std.lang.all/14/11/asset-2791411.jpg",
    "fullImage": "https://static.colruytgroup.com/images/500x500/std.lang.all/14/11/asset-2791411.jpg",
    "squareImage": "https://static.colruytgroup.com/images/500x500sq/std.lang.all/14/11/asset-2791411.jpg",
    "content": "70cl",
    "walkRouteSequenceNumber": 742,
    "price": {
      "basicPrice": 19.99,
      "recommendedQuantity": "1.0",
      "measurementUnitPrice": 28.56,
      "measurementUnit": "L",
      "isRedPrice": false,
      "pricePerUOM": 28.56,
      "activationDate": "13-03-2024",
      "recordSource": "Offline",
      "isPromoActive": "N",
      "priceChangeCode": "E"
    },
    "isAvailable": true,
    "isPriceAvailable": true,
    "inPromo": true,
    "promotion": [
      {
        "techPromoId": "100909COLR",
        "promotionId": "100909",
        "promotionType": "0",
        "isPersonalized": "N",
        "publicationStartDate": "13-03-2024",
        "publicationEndDate": "26-03-2024"
      }
    ],
    "gtin": [
      "05010677704182",
      "05010677710497",
      "05410098609415"
    ],
    "topCategoryName": "Dranken",
    "topCategoryId": "354",
    "businessDomain": "RETAIL_BE",
    "IsPrivateLabel": false,
    "IsBiffe": false,
    "WeightconversionFactor": "0",
    "IsWeightArticle": false,
    "IsBio": false,
    "CountryOfOrigin": "VERENIGD KONINKRIJK",
    "IsExclusivelySoldInLuxembourg": false,
    "OrderUnit": "P",
    "ShortName": "BOMB ORIGINAL 37.5%70CL",
    "InSeason": true,
    "IsNew": false,
    "EcoscoreLabel": "D",
    "RecentQuanityOfStockUnits": "6,1",
    "LongName": "BOMBAY London Dry Gin 37,5% 70cl",
    "AlcoholVolume": "37.5",
    "StartSeasonDate": "11/10/2021",
    "FicCode": "E",
    "EcoscoreValue": "38"
  },
  {
    "productId": "273601",
    "technicalArticleNumber": "3639774",
    "commercialArticleNumber": "10110",
    "name": "Rosée framboos 3% blik",
    "description": "*Fruitbier\n*3 % vol\n*Smaak: framboos",
    "brand": "HOEGAARDEN",
    "seoBrand": "Hoegaarden",
    "thumbNail": "https://static.colruytgroup.com/images/200x200/std.lang.all/26/99/asset-2452699.jpg",
    "fullImage": "https://static.colruytgroup.com/images/500x500/std.lang.all/26/99/asset-2452699.jpg",
    "squareImage": "https://static.colruytgroup.com/images/500x500sq/std.lang.all/26/99/asset-2452699.jpg",
    "content": "33cl",
    "walkRouteSequenceNumber": 3775,
    "price": {
      "basicPrice": 1.49,
      "recommendedQuantity": "6.0",
      "measurementUnitPrice": 4.52,
      "measurementUnit": "L",
      "isRedPrice": false,
      "pricePerUOM": 4.52,
      "activationDate": "23-01-2024",
      "recordSource": "Offline",
      "isPromoActive": "N",
      "priceChangeCode": "H"
    },
    "isAvailable": true,
    "isPriceAvailable": true,
    "inPromo": false,
    "gtin": [
      "05410228287605",
      "05410228287919",
      "05410228218678",
      "05410228218685",
      "05410228218746"
    ],
    "topCategoryName": "Dranken",
    "topCategoryId": "354",
    "businessDomain": "RETAIL_BE",
    "IsPrivateLabel": false,
    "IsBiffe": false,
    "WeightconversionFactor": "0",
    "IsWeightArticle": false,
    "IsBio": false,
    "CountryOfOrigin": "BELGIË",
    "IsExclusivelySoldInLuxembourg": false,
    "OrderUnit": "P",
    "ShortName": "HOEG ROSE 3% BLIK 33CL",
    "IsNew": false,
    "RecentQuanityOfStockUnits": "1,6,24",
    "LongName": "HOEGAARDEN Rosée framboos 3% blik 33cl",
    "AlcoholVolume": "3",
    "FicCode": "E"
  },
  {
    "productId": "419872",
    "technicalArticleNumber": "3934382",
    "commercialArticleNumber": "1148",
    "name": "Blond",
    "description": "*Speciaalbier\n*8% vol",
    "brand": "CHOUFFE",
    "seoBrand": "Chouffe",
    "thumbNail": "https://static.colruytgroup.com/images/200x200/std.lang.all/64/90/asset-1536490.jpg",
    "fullImage": "https://static.colruytgroup.com/images/500x500/std.lang.all/64/90/asset-1536490.jpg",
    "squareImage": "https://static.colruytgroup.com/images/500x500sq/std.lang.all/64/90/asset-1536490.jpg",
    "content": "75cl",
    "walkRouteSequenceNumber": 3638,
    "price": {
      "basicPrice": 3.99,
      "recommendedQuantity": "1.0",
      "measurementUnitPrice": 5.32,
      "measurementUnit": "L",
      "isRedPrice": false,
      "pricePerUOM": 5.32,
      "activationDate": "14-03-2024",
      "recordSource": "Offline",
      "isPromoActive": "N",
      "priceChangeCode": "E"
    },
    "isAvailable": true,
    "isPriceAvailable": true,
    "inPromo": false,
    "gtin": [
      "05410769100098",
      "05410769801025"
    ],
    "topCategoryName": "Dranken",
    "topCategoryId": "354",
    "businessDomain": "RETAIL_BE",
    "IsPrivateLabel": false,
    "IsBiffe": false,
    "WeightconversionFactor": "0",
    "IsWeightArticle": false,
    "IsBio": false,
    "CountryOfOrigin": "BELGIË",
    "IsExclusivelySoldInLuxembourg": false,
    "OrderUnit": "P",
    "ShortName": "LA CHOUFFE BLOND 75CL",
    "InSeason": true,
    "IsNew": false,
    "EcoscoreLabel": "B",
    "RecentQuanityOfStockUnits": "6,1",
    "LongName": "CHOUFFE Blond 75cl",
    "AlcoholVolume": "8",
    "StartSeasonDate": "04/05/2020",
    "FicCode": "E",
    "EcoscoreValue": "72"
  },
  {
    "productId": "430",
    "technicalArticleNumber": "5119",
    "commercialArticleNumber": "5119",
    "name": "limonade",
    "description": "*Smaak: sinaasappel\n*Bruisend\n*Met suiker",
    "brand": "ORANGINA",
    "seoBrand": "Orangina",
    "thumbNail": "https://static.colruytgroup.com/images/200x200/std.lang.all/52/59/asset-2415259.jpg",
    "fullImage": "https://static.colruytgroup.com/images/500x500/std.lang.all/52/59/asset-2415259.jpg",
    "squareImage": "https://static.colruytgroup.com/images/500x500sq/std.lang.all/52/59/asset-2415259.jpg",
    "content": "1,5L",
    "walkRouteSequenceNumber": 4337,
    "price": {
      "basicPrice": 2.49,
      "recommendedQuantity": "6.0",
      "measurementUnitPrice": 1.66,
      "measurementUnit": "L",
      "isRedPrice": false,
      "pricePerUOM": 1.66,
      "activationDate": "23-03-2024",
      "recordSource": "Offline",
      "isPromoActive": "N",
      "priceChangeCode": "L"
    },
    "isAvailable": true,
    "isPriceAvailable": true,
    "inPromo": false,
    "gtin": [
      "03249760000654",
      "05410221708008",
      "03249778011093"
    ],
    "topCategoryName": "Dranken",
    "topCategoryId": "354",
    "businessDomain": "RETAIL_BE",
    "IsPrivateLabel": false,
    "IsBiffe": false,
    "WeightconversionFactor": "0",
    "IsWeightArticle": false,
    "nutriscoreLabel": "E",
    "IsBio": false,
    "CountryOfOrigin": "FRANKRIJK",
    "IsExclusivelySoldInLuxembourg": false,
    "OrderUnit": "P",
    "ShortName": "ORANGINA 1L5 PET",
    "IsNew": false,
    "RecentQuanityOfStockUnits": "6,1",
    "LongName": "ORANGINA limonade 1,5L",
    "AlcoholVolume": "0",
    "FicCode": "E"
  },
  {
    "productId": "603857",
    "technicalArticleNumber": "4272391",
    "commercialArticleNumber": "22987",
    "name": "Vibrante <0.5%",
    "description": "*Aperitief\n*Alcoholvrij",
    "brand": "MARTINI",
    "seoBrand": "Martini",
    "thumbNail": "https://static.colruytgroup.com/images/200x200/std.lang.all/13/78/asset-2091378.jpg",
    "fullImage": "https://static.colruytgroup.com/images/500x500/std.lang.all/13/78/asset-2091378.jpg",
    "squareImage": "https://static.colruytgroup.com/images/500x500sq/std.lang.all/13/78/asset-2091378.jpg",
    "content": "75cl",
    "walkRouteSequenceNumber": 637,
    "price": {
      "basicPrice": 7.49,
      "recommendedQuantity": "1.0",
      "measurementUnitPrice": 9.99,
      "measurementUnit": "L",
      "isRedPrice": false,
      "pricePerUOM": 9.99,
      "activationDate": "15-03-2024",
      "recordSource": "Offline",
      "isPromoActive": "N",
      "priceChangeCode": "L"
    },
    "isAvailable": true,
    "isPriceAvailable": true,
    "inPromo": true,
    "promotion": [
      {
        "techPromoId": "100907COLR",
        "promotionId": "100907",
        "promotionType": "3",
        "isPersonalized": "N",
        "publicationStartDate": "13-03-2024",
        "publicationEndDate": "26-03-2024"
      }
    ],
    "gtin": [
      "07630040403665",
      "07630040403658"
    ],
    "topCategoryName": "Dranken",
    "topCategoryId": "354",
    "businessDomain": "RETAIL_BE",
    "IsPrivateLabel": false,
    "IsBiffe": false,
    "WeightconversionFactor": "0",
    "IsWeightArticle": false,
    "nutriscoreLabel": "E",
    "IsBio": false,
    "CountryOfOrigin": "ITALIË",
    "IsExclusivelySoldInLuxembourg": false,
    "OrderUnit": "P",
    "ShortName": "MART VIBRANTE 0.5% 75CL",
    "IsNew": false,
    "EcoscoreLabel": "D",
    "RecentQuanityOfStockUnits": "6,1",
    "LongName": "MARTINI Vibrante <0.5% 75cl",
    "AlcoholVolume": "0.3",
    "FicCode": "E",
    "EcoscoreValue": "27"
  },
  {
    "productId": "224263",
    "technicalArticleNumber": "3490786",
    "commercialArticleNumber": "40984",
    "name": "cider Blackberry 4,5% blik",
    "description": "*Cider\n*4,5 % vol",
    "brand": "SOMERSBY",
    "seoBrand": "Somersby",
    "thumbNail": "https://static.colruytgroup.com/images/200x200/std.lang.all/88/03/asset-3228803.jpg",
    "fullImage": "https://static.colruytgroup.com/images/500x500/std.lang.all/88/03/asset-3228803.jpg",
    "squareImage": "https://static.colruytgroup.com/images/500x500sq/std.lang.all/88/03/asset-3228803.jpg",
    "content": "33cl",
    "walkRouteSequenceNumber": 701,
    "price": {
      "basicPrice": 1.69,
      "recommendedQuantity": "6.0",
      "quantityPrice": 1.55,
      "quantityPriceQuantity": "24.0",
      "measurementUnitPrice": 5.13,
      "measurementUnitQuantityPrice": 4.7,
      "measurementUnit": "L",
      "isRedPrice": false,
      "pricePerUOM": 5.13,
      "activationDate": "21-03-2024",
      "recordSource": "Offline",
      "isPromoActive": "N",
      "priceChangeCode": "H",
      "quantityPricePerUOM": 4.7,
      "quantityActivationDate": "21-03-2024",
      "quantityPriceChangeCode": "L"
    },
    "isAvailable": true,
    "isPriceAvailable": true,
    "inPromo": false,
    "gtin": [
      "05740700989537",
      "05740700989490",
      "05740700989506"
    ],
    "topCategoryName": "Dranken",
    "topCategoryId": "354",
    "businessDomain": "RETAIL_BE",
    "IsPrivateLabel": false,
    "IsBiffe": false,
    "WeightconversionFactor": "0",
    "IsWeightArticle": false,
    "IsBio": false,
    "CountryOfOrigin": "DENEMARKEN",
    "IsExclusivelySoldInLuxembourg": false,
    "OrderUnit": "P",
    "ShortName": "SOMERSBY BLACKB. BLIK33",
    "IsNew": false,
    "EcoscoreLabel": "C",
    "RecentQuanityOfStockUnits": "24,6,1",
    "LongName": "SOMERSBY cider Blackberry 4,5% blik 33cl",
    "AlcoholVolume": "4.5",
    "FicCode": "E",
    "EcoscoreValue": "48"
  },
  {
    "productId": "568276",
    "technicalArticleNumber": "4211808",
    "commercialArticleNumber": "16448",
    "name": "bruisend Lemon",
    "description": "*Mineraalwater\n*Bruisend\n*Smaak: citroen",
    "brand": "SPA TOUCH",
    "seoBrand": "Spa Touch",
    "thumbNail": "https://static.colruytgroup.com/images/200x200/std.lang.all/19/04/asset-2661904.jpg",
    "fullImage": "https://static.colruytgroup.com/images/500x500/std.lang.all/19/04/asset-2661904.jpg",
    "squareImage": "https://static.colruytgroup.com/images/500x500sq/std.lang.all/19/04/asset-2661904.jpg",
    "content": "1L",
    "walkRouteSequenceNumber": 4044,
    "price": {
      "basicPrice": 1.39,
      "recommendedQuantity": "4.0",
      "quantityPrice": 1.33,
      "quantityPriceQuantity": "12.0",
      "measurementUnitPrice": 1.39,
      "measurementUnitQuantityPrice": 1.33,
      "measurementUnit": "L",
      "isRedPrice": false,
      "pricePerUOM": 1.39,
      "activationDate": "02-03-2024",
      "recordSource": "Offline",
      "isPromoActive": "N",
      "priceChangeCode": "H",
      "quantityPricePerUOM": 1.33,
      "quantityActivationDate": "02-03-2024",
      "quantityPriceChangeCode": "H"
    },
    "isAvailable": true,
    "isPriceAvailable": true,
    "inPromo": false,
    "gtin": [
      "05410013153818",
      "05410013153801"
    ],
    "topCategoryName": "Dranken",
    "topCategoryId": "354",
    "businessDomain": "RETAIL_BE",
    "IsPrivateLabel": false,
    "IsBiffe": false,
    "WeightconversionFactor": "0",
    "IsWeightArticle": false,
    "nutriscoreLabel": "A",
    "IsBio": false,
    "CountryOfOrigin": "BELGIË",
    "IsExclusivelySoldInLuxembourg": false,
    "OrderUnit": "P",
    "ShortName": "SPA TOUC BRUIS.LEMON 1L",
    "IsNew": false,
    "RecentQuanityOfStockUnits": "1,4",
    "LongName": "SPA TOUCH bruisend Lemon 1L",
    "FicCode": "E"
  },
  {
    "productId": "57903",
    "technicalArticleNumber": "2277729",
    "commercialArticleNumber": "4386",
    "name": "10%vol",
    "description": "*Ready to drink\n*Kant- en klaar\n*10,0 % vol",
    "brand": "FLÜGEL",
    "seoBrand": "Flügel",
    "thumbNail": "https://static.colruytgroup.com/images/200x200/std.lang.all/43/87/asset-1464387.jpg",
    "fullImage": "https://static.colruytgroup.com/images/500x500/std.lang.all/43/87/asset-1464387.jpg",
    "squareImage": "https://static.colruytgroup.com/images/500x500sq/std.lang.all/43/87/asset-1464387.jpg",
    "content": "10x2cl",
    "walkRouteSequenceNumber": 771,
    "price": {
      "basicPrice": 8.1,
      "recommendedQuantity": "1.0",
      "measurementUnitPrice": 40.5,
      "measurementUnit": "L",
      "isRedPrice": false,
      "pricePerUOM": 40.5,
      "activationDate": "20-02-2024",
      "recordSource": "Online",
      "isPromoActive": "N",
      "priceChangeCode": "E"
    },
    "isAvailable": true,
    "isPriceAvailable": true,
    "inPromo": false,
    "gtin": [
      "08714432100284",
      "08714432000409",
      "05400141004908",
      "08714432000010",
      "00000087296020"
    ],
    "topCategoryName": "Dranken",
    "topCategoryId": "354",
    "businessDomain": "RETAIL_BE",
    "IsPrivateLabel": false,
    "IsBiffe": false,
    "WeightconversionFactor": "0",
    "IsWeightArticle": false,
    "IsBio": false,
    "CountryOfOrigin": "NEDERLAND",
    "IsExclusivelySoldInLuxembourg": false,
    "OrderUnit": "P",
    "ShortName": "FLUGEL 10X2CL",
    "IsNew": false,
    "EcoscoreLabel": "D",
    "RecentQuanityOfStockUnits": "1,12",
    "LongName": "FLÜGEL 10%vol 10x2cl",
    "AlcoholVolume": "10",
    "FicCode": "E",
    "EcoscoreValue": "38"
  },
  {
    "productId": "1033441",
    "technicalArticleNumber": "4795479",
    "commercialArticleNumber": "35738",
    "name": "Especial rum 37,5%",
    "brand": "HAVANA CLUB",
    "seoBrand": "Havana Club",
    "thumbNail": "https://static.colruytgroup.com/images/200x200/std.lang.all/23/95/asset-3432395.jpg",
    "fullImage": "https://static.colruytgroup.com/images/500x500/std.lang.all/23/95/asset-3432395.jpg",
    "squareImage": "https://static.colruytgroup.com/images/500x500sq/std.lang.all/23/95/asset-3432395.jpg",
    "content": "70cl",
    "walkRouteSequenceNumber": 801,
    "price": {
      "basicPrice": 21.99,
      "recommendedQuantity": "1.0",
      "measurementUnitPrice": 31.42,
      "measurementUnit": "L",
      "isRedPrice": false,
      "pricePerUOM": 31.42,
      "activationDate": "07-03-2024",
      "recordSource": "Offline",
      "isPromoActive": "N",
      "priceChangeCode": "E"
    },
    "isAvailable": true,
    "isPriceAvailable": true,
    "inPromo": false,
    "gtin": [
      "18501110086193",
      "08501110086196"
    ],
    "topCategoryName": "Dranken",
    "topCategoryId": "354",
    "businessDomain": "RETAIL_BE",
    "IsPrivateLabel": false,
    "IsBiffe": false,
    "WeightconversionFactor": "0",
    "IsWeightArticle": false,
    "IsBio": false,
    "CountryOfOrigin": "CUBA",
    "IsExclusivelySoldInLuxembourg": false,
    "OrderUnit": "P",
    "ShortName": "HACL ESPECIAL 37.5%70CL",
    "IsNew": true,
    "EcoscoreLabel": "D",
    "RecentQuanityOfStockUnits": "1,6",
    "LongName": "HAVANA CLUB Especial rum 37,5% 70cl",
    "AlcoholVolume": "37.5",
    "FicCode": "E",
    "EcoscoreValue": "38"
  },
  {
    "productId": "785027",
    "technicalArticleNumber": "4585104",
    "commercialArticleNumber": "14495",
    "name": "Zero Pink",
    "description": "*Bruisend\n*Met zoetstoffen\n*Bevat kinine",
    "brand": "SCHWEPPES",
    "seoBrand": "Schweppes",
    "thumbNail": "https://static.colruytgroup.com/images/200x200/std.lang.all/01/01/asset-3270101.jpg",
    "fullImage": "https://static.colruytgroup.com/images/500x500/std.lang.all/01/01/asset-3270101.jpg",
    "squareImage": "https://static.colruytgroup.com/images/500x500sq/std.lang.all/01/01/asset-3270101.jpg",
    "content": "33cl",
    "walkRouteSequenceNumber": 4284,
    "price": {
      "basicPrice": 0.998,
      "recommendedQuantity": "6.0",
      "measurementUnitPrice": 3.03,
      "measurementUnit": "L",
      "isRedPrice": false,
      "pricePerUOM": 3.03,
      "activationDate": "14-03-2024",
      "recordSource": "Offline",
      "isPromoActive": "N",
      "priceChangeCode": "E"
    },
    "isAvailable": true,
    "isPriceAvailable": true,
    "inPromo": false,
    "gtin": [
      "05410221107597",
      "05410221205859",
      "05410221308642"
    ],
    "topCategoryName": "Dranken",
    "topCategoryId": "354",
    "businessDomain": "RETAIL_BE",
    "IsPrivateLabel": false,
    "IsBiffe": false,
    "WeightconversionFactor": "0",
    "IsWeightArticle": false,
    "IsBio": false,
    "CountryOfOrigin": "FRANKRIJK",
    "IsExclusivelySoldInLuxembourg": false,
    "OrderUnit": "P",
    "ShortName": "SCHW ZERO PINK 33CL",
    "IsNew": false,
    "RecentQuanityOfStockUnits": "6,1,24",
    "LongName": "SCHWEPPES Zero Pink 33cl",
    "FicCode": "E"
  },
  {
    "productId": "105605",
    "technicalArticleNumber": "3121751",
    "commercialArticleNumber": "7163",
    "name": "London Dry Gin 43,1%vol",
    "description": "*floraal-gekruid\n*met aromat. tonic\n*garn. jeneverbes\n*Verenigd Koninkrijk",
    "brand": "TANQUERAY",
    "seoBrand": "Tanqueray",
    "thumbNail": "https://static.colruytgroup.com/images/200x200/std.lang.all/84/50/asset-2818450.jpg",
    "fullImage": "https://static.colruytgroup.com/images/500x500/std.lang.all/84/50/asset-2818450.jpg",
    "squareImage": "https://static.colruytgroup.com/images/500x500sq/std.lang.all/84/50/asset-2818450.jpg",
    "content": "70cl",
    "walkRouteSequenceNumber": 744,
    "price": {
      "basicPrice": 19.99,
      "recommendedQuantity": "1.0",
      "measurementUnitPrice": 28.56,
      "measurementUnit": "L",
      "isRedPrice": false,
      "pricePerUOM": 28.56,
      "activationDate": "07-03-2024",
      "recordSource": "Offline",
      "isPromoActive": "N",
      "priceChangeCode": "H"
    },
    "isAvailable": true,
    "isPriceAvailable": true,
    "inPromo": false,
    "gtin": [
      "05000281015279",
      "05000281015248",
      "05000291023165"
    ],
    "topCategoryName": "Dranken",
    "topCategoryId": "354",
    "businessDomain": "RETAIL_BE",
    "IsPrivateLabel": false,
    "IsBiffe": false,
    "WeightconversionFactor": "0",
    "IsWeightArticle": false,
    "IsBio": false,
    "CountryOfOrigin": "VERENIGD KONINKRIJK",
    "IsExclusivelySoldInLuxembourg": false,
    "OrderUnit": "P",
    "ShortName": "TANQUERAY GIN 70C",
    "IsNew": false,
    "EcoscoreLabel": "C",
    "RecentQuanityOfStockUnits": "1,6",
    "LongName": "TANQUERAY London Dry Gin 43,1%vol 70cl",
    "AlcoholVolume": "43.1",
    "FicCode": "E",
    "EcoscoreValue": "51"
  },
  {
    "productId": "892010",
    "technicalArticleNumber": "4753264",
    "commercialArticleNumber": "21513",
    "name": "7%",
    "description": "*Blond bier\n*7 % vol",
    "brand": "CUVÉE DES TROLLS",
    "seoBrand": "Cuvée Des Trolls",
    "thumbNail": "https://static.colruytgroup.com/images/200x200/std.lang.all/38/62/asset-3283862.jpg",
    "fullImage": "https://static.colruytgroup.com/images/500x500/std.lang.all/38/62/asset-3283862.jpg",
    "squareImage": "https://static.colruytgroup.com/images/500x500sq/std.lang.all/38/62/asset-3283862.jpg",
    "content": "6x33cl",
    "walkRouteSequenceNumber": 1565,
    "price": {
      "basicPrice": 8.34,
      "recommendedQuantity": "1.0",
      "quantityPrice": 8.01,
      "quantityPriceQuantity": "3.0",
      "measurementUnitPrice": 4.22,
      "measurementUnitQuantityPrice": 4.05,
      "measurementUnit": "L",
      "isRedPrice": false,
      "pricePerUOM": 4.22,
      "activationDate": "16-03-2024",
      "recordSource": "Online",
      "isPromoActive": "N",
      "priceChangeCode": "L",
      "quantityPricePerUOM": 4.05,
      "quantityActivationDate": "16-03-2024",
      "quantityPriceChangeCode": "L"
    },
    "isAvailable": true,
    "isPriceAvailable": true,
    "inPromo": true,
    "promotion": [
      {
        "techPromoId": "100950COLR",
        "promotionId": "100950",
        "promotionType": "3",
        "isPersonalized": "N",
        "publicationStartDate": "13-03-2024",
        "publicationEndDate": "26-03-2024"
      }
    ],
    "gtin": [
      "05411551080222",
      "05400141585179"
    ],
    "topCategoryName": "Dranken",
    "topCategoryId": "354",
    "businessDomain": "RETAIL_BE",
    "IsPrivateLabel": false,
    "IsBiffe": false,
    "WeightconversionFactor": "0",
    "IsWeightArticle": false,
    "IsBio": false,
    "CountryOfOrigin": "BELGIË",
    "IsExclusivelySoldInLuxembourg": false,
    "OrderUnit": "P",
    "ShortName": "CUVEE DES TROLLS 6X33CL",
    "IsNew": false,
    "EcoscoreLabel": "D",
    "RecentQuanityOfStockUnits": "1",
    "LongName": "CUVÉE DES TROLLS 7% 6x33cl",
    "AlcoholVolume": "7",
    "FicCode": "I",
    "DepositValue": [
      0.6
    ],
    "EcoscoreValue": "37"
  },
  {
    "productId": "1750",
    "technicalArticleNumber": "22390",
    "commercialArticleNumber": "22390",
    "name": "Superior Blend Black",
    "description": "Smaak: pittig, rijk\n*Gemalen koffie",
    "brand": "DOUWE EGBERTS",
    "seoBrand": "Douwe Egberts",
    "thumbNail": "https://static.colruytgroup.com/images/200x200/std.lang.all/16/11/asset-1731611.jpg",
    "fullImage": "https://static.colruytgroup.com/images/500x500/std.lang.all/16/11/asset-1731611.jpg",
    "squareImage": "https://static.colruytgroup.com/images/500x500sq/std.lang.all/16/11/asset-1731611.jpg",
    "content": "250g",
    "walkRouteSequenceNumber": 1144,
    "price": {
      "basicPrice": 4.79,
      "recommendedQuantity": "1.0",
      "measurementUnitPrice": 19.16,
      "measurementUnit": "K",
      "isRedPrice": false,
      "pricePerUOM": 19.16,
      "activationDate": "26-02-2024",
      "recordSource": "Offline",
      "isPromoActive": "N",
      "priceChangeCode": "E"
    },
    "isAvailable": true,
    "isPriceAvailable": true,
    "inPromo": false,
    "gtin": [
      "05410138002121",
      "05410138045036",
      "05410138049911"
    ],
    "topCategoryName": "Dranken",
    "topCategoryId": "354",
    "businessDomain": "RETAIL_BE",
    "IsPrivateLabel": false,
    "IsBiffe": false,
    "WeightconversionFactor": "0",
    "IsWeightArticle": false,
    "IsBio": false,
    "CountryOfOrigin": "FRANKRIJK",
    "IsExclusivelySoldInLuxembourg": false,
    "OrderUnit": "P",
    "ShortName": "DE AROMA BLACK 250G",
    "InSeason": true,
    "IsNew": false,
    "RecentQuanityOfStockUnits": "1",
    "LongName": "DOUWE EGBERTS Superior Blend Black 250g",
    "AlcoholVolume": "0",
    "StartSeasonDate": "08/05/2012",
    "FicCode": "E"
  },
  {
    "productId": "146498",
    "technicalArticleNumber": "3318177",
    "commercialArticleNumber": "18737",
    "name": "Tonic & Pink Pepper",
    "description": "*Bruisend\n*Bevat kinine\n*Kruidige tonic",
    "brand": "SCHWEPPES",
    "seoBrand": "Schweppes",
    "thumbNail": "https://static.colruytgroup.com/images/200x200/std.lang.all/26/59/asset-3222659.jpg",
    "fullImage": "https://static.colruytgroup.com/images/500x500/std.lang.all/26/59/asset-3222659.jpg",
    "squareImage": "https://static.colruytgroup.com/images/500x500sq/std.lang.all/26/59/asset-3222659.jpg",
    "content": "4x20cl",
    "walkRouteSequenceNumber": 765,
    "price": {
      "basicPrice": 5.96,
      "recommendedQuantity": "1.0",
      "quantityPrice": 5.72,
      "quantityPriceQuantity": "6.0",
      "measurementUnitPrice": 7.45,
      "measurementUnitQuantityPrice": 7.15,
      "measurementUnit": "L",
      "isRedPrice": false,
      "pricePerUOM": 7.45,
      "activationDate": "23-03-2024",
      "recordSource": "Offline",
      "isPromoActive": "N",
      "priceChangeCode": "H",
      "quantityPricePerUOM": 7.15,
      "quantityActivationDate": "23-03-2024",
      "quantityPriceChangeCode": "H"
    },
    "isAvailable": true,
    "isPriceAvailable": true,
    "inPromo": false,
    "gtin": [
      "05410221105555",
      "05410221205149",
      "00000054004146"
    ],
    "topCategoryName": "Dranken",
    "topCategoryId": "354",
    "businessDomain": "RETAIL_BE",
    "IsPrivateLabel": false,
    "IsBiffe": false,
    "WeightconversionFactor": "0",
    "IsWeightArticle": false,
    "nutriscoreLabel": "D",
    "IsBio": false,
    "CountryOfOrigin": "SPANJE",
    "IsExclusivelySoldInLuxembourg": false,
    "OrderUnit": "P",
    "ShortName": "SCHW TONIC&P.PEPPER4X20",
    "IsNew": false,
    "RecentQuanityOfStockUnits": "1,6",
    "LongName": "SCHWEPPES Tonic & Pink Pepper 4x20cl",
    "AlcoholVolume": "0",
    "FicCode": "E"
  },
  {
    "productId": "918927",
    "technicalArticleNumber": "4761324",
    "commercialArticleNumber": "13202",
    "name": "Juice Drink Passion Fruit",
    "description": "*Niet bruisende\nlimonade\n*Smaak: passievrucht",
    "brand": "MAAZA",
    "seoBrand": "Maaza",
    "thumbNail": "https://static.colruytgroup.com/images/200x200/std.lang.all/21/79/asset-3342179.jpg",
    "fullImage": "https://static.colruytgroup.com/images/500x500/std.lang.all/21/79/asset-3342179.jpg",
    "squareImage": "https://static.colruytgroup.com/images/500x500sq/std.lang.all/21/79/asset-3342179.jpg",
    "content": "1L",
    "walkRouteSequenceNumber": 4093,
    "price": {
      "basicPrice": 1.99,
      "recommendedQuantity": "1.0",
      "quantityPrice": 1.91,
      "quantityPriceQuantity": "6.0",
      "measurementUnitPrice": 1.99,
      "measurementUnitQuantityPrice": 1.91,
      "measurementUnit": "L",
      "isRedPrice": false,
      "pricePerUOM": 1.99,
      "activationDate": "02-03-2024",
      "isPromoActive": "N",
      "priceChangeCode": "E",
      "quantityPricePerUOM": 1.91,
      "quantityActivationDate": "02-03-2024",
      "quantityPriceChangeCode": "E"
    },
    "isAvailable": true,
    "isPriceAvailable": true,
    "inPromo": false,
    "gtin": [
      "08718226329394",
      "08718226323064"
    ],
    "topCategoryName": "Dranken",
    "topCategoryId": "354",
    "businessDomain": "RETAIL_BE",
    "IsPrivateLabel": false,
    "IsBiffe": false,
    "WeightconversionFactor": "0",
    "IsWeightArticle": false,
    "IsBio": false,
    "CountryOfOrigin": "NEDERLAND",
    "IsExclusivelySoldInLuxembourg": false,
    "OrderUnit": "P",
    "ShortName": "MAAZ PASSION FRUIT 1L",
    "IsNew": false,
    "RecentQuanityOfStockUnits": "1,6",
    "LongName": "MAAZA Juice Drink Passion Fruit 1L",
    "AlcoholVolume": "0",
    "FicCode": "E"
  },
  {
    "productId": "930494",
    "technicalArticleNumber": "4765469",
    "commercialArticleNumber": "25895",
    "name": "Bruisend water citroen",
    "description": "*Bronwater\n*Bruisend\n*Smaak: citroen",
    "brand": "CRISTALINE",
    "seoBrand": "Cristaline",
    "thumbNail": "https://ecgproductmw.colruytgroup.com/ecgproductmw/noPicForArticle_2.jpg",
    "fullImage": "https://ecgproductmw.colruytgroup.com/ecgproductmw/noPicForArticle_5.jpg",
    "squareImage": "https://ecgproductmw.colruytgroup.com/ecgproductmw/noPicForArticle_5.jpg",
    "content": "1,5L",
    "walkRouteSequenceNumber": 4067,
    "price": {
      "basicPrice": 0.79,
      "recommendedQuantity": "1.0",
      "quantityPrice": 0.76,
      "quantityPriceQuantity": "6.0",
      "measurementUnitPrice": 0.53,
      "measurementUnitQuantityPrice": 0.51,
      "measurementUnit": "L",
      "isRedPrice": false,
      "pricePerUOM": 0.53,
      "activationDate": "02-11-2023",
      "isPromoActive": "N",
      "priceChangeCode": "E",
      "quantityPricePerUOM": 0.51,
      "quantityActivationDate": "02-11-2023",
      "quantityPriceChangeCode": "E"
    },
    "isAvailable": true,
    "isPriceAvailable": true,
    "inPromo": false,
    "gtin": [
      "03254381051800"
    ],
    "topCategoryName": "Dranken",
    "topCategoryId": "354",
    "businessDomain": "RETAIL_BE",
    "IsPrivateLabel": false,
    "IsBiffe": false,
    "WeightconversionFactor": "0",
    "IsWeightArticle": false,
    "nutriscoreLabel": "B",
    "IsBio": false,
    "CountryOfOrigin": "FRANKRIJK",
    "IsExclusivelySoldInLuxembourg": false,
    "OrderUnit": "P",
    "ShortName": "CRIS BRUIS.CITROEN 1.5L",
    "IsNew": false,
    "RecentQuanityOfStockUnits": "6,1",
    "LongName": "CRISTALINE Bruisend water citroen 1,5L",
    "AlcoholVolume": "0",
    "FicCode": "E"
  },
  {
    "productId": "3615",
    "technicalArticleNumber": "1101373",
    "commercialArticleNumber": "22105",
    "name": "oplosk. Decaf glas",
    "description": "*Sterkte:Zachte\nkoffie\n*Smaak: halfpittig\n*Oploskoffie\n*Cafeïnevrij",
    "brand": "NESCAFÉ SELECT",
    "seoBrand": "Nescafé Select",
    "thumbNail": "https://ecgproductmw.colruytgroup.com/ecgproductmw/noPicForArticle_2.jpg",
    "fullImage": "https://ecgproductmw.colruytgroup.com/ecgproductmw/noPicForArticle_5.jpg",
    "squareImage": "https://ecgproductmw.colruytgroup.com/ecgproductmw/noPicForArticle_5.jpg",
    "content": "200g",
    "walkRouteSequenceNumber": 1184,
    "price": {
      "basicPrice": 9.49,
      "recommendedQuantity": "1.0",
      "measurementUnitPrice": 47.45,
      "measurementUnit": "K",
      "isRedPrice": false,
      "pricePerUOM": 47.45,
      "activationDate": "17-02-2024",
      "recordSource": "Offline",
      "isPromoActive": "N",
      "priceChangeCode": "E"
    },
    "isAvailable": true,
    "isPriceAvailable": true,
    "inPromo": false,
    "gtin": [
      "08410100882710",
      "08410100077420"
    ],
    "topCategoryName": "Dranken",
    "topCategoryId": "354",
    "businessDomain": "RETAIL_BE",
    "IsPrivateLabel": false,
    "IsBiffe": false,
    "WeightconversionFactor": "0",
    "IsWeightArticle": false,
    "nutriscoreLabel": "B",
    "IsBio": false,
    "CountryOfOrigin": "SPANJE",
    "IsExclusivelySoldInLuxembourg": false,
    "OrderUnit": "P",
    "ShortName": "NESCAFE SELECT DECA 200",
    "IsNew": false,
    "RecentQuanityOfStockUnits": "1",
    "LongName": "NESCAFÉ SELECT oplosk. Decaf glas 200g",
    "AlcoholVolume": "0",
    "FicCode": "E"
  },
  {
    "productId": "190498",
    "technicalArticleNumber": "3469591",
    "commercialArticleNumber": "12076",
    "name": "likeur 17,0%vol",
    "description": "*Ready to serve\n*Basis voor cocktail\n*17,0 % vol",
    "brand": "PISANG AMBON",
    "seoBrand": "Pisang Ambon",
    "thumbNail": "https://static.colruytgroup.com/images/200x200/std.lang.all/99/80/asset-2719980.jpg",
    "fullImage": "https://static.colruytgroup.com/images/500x500/std.lang.all/99/80/asset-2719980.jpg",
    "squareImage": "https://static.colruytgroup.com/images/500x500sq/std.lang.all/99/80/asset-2719980.jpg",
    "content": "70cl",
    "walkRouteSequenceNumber": 877,
    "price": {
      "basicPrice": 13.99,
      "recommendedQuantity": "1.0",
      "measurementUnitPrice": 19.99,
      "measurementUnit": "L",
      "isRedPrice": true,
      "redPriceReason": "Promo",
      "referencePrice": 15.55,
      "retentionPeriod": 30,
      "pricePerUOM": 19.99,
      "activationDate": "13-03-2024",
      "isPromoActive": "Y",
      "priceChangeCode": "L"
    },
    "isAvailable": true,
    "isPriceAvailable": true,
    "inPromo": false,
    "gtin": [
      "05413976003732",
      "08716000118752",
      "08716000968869"
    ],
    "topCategoryName": "Dranken",
    "topCategoryId": "354",
    "businessDomain": "RETAIL_BE",
    "IsPrivateLabel": false,
    "IsBiffe": false,
    "WeightconversionFactor": "0",
    "IsWeightArticle": false,
    "IsBio": false,
    "CountryOfOrigin": "NEDERLAND",
    "IsExclusivelySoldInLuxembourg": false,
    "OrderUnit": "P",
    "ShortName": "PISANG AMBON 17% 70CL",
    "IsNew": false,
    "EcoscoreLabel": "E",
    "RecentQuanityOfStockUnits": "1,6",
    "LongName": "PISANG AMBON likeur 17,0%vol 70cl",
    "AlcoholVolume": "17",
    "FicCode": "E",
    "EcoscoreValue": "18"
  },
  {
    "productId": "853655",
    "technicalArticleNumber": "4702297",
    "commercialArticleNumber": "31200",
    "name": "Ice Tea perzik",
    "brand": "OASIS",
    "seoBrand": "Oasis",
    "thumbNail": "https://static.colruytgroup.com/images/200x200/std.lang.all/29/65/asset-3222965.jpg",
    "fullImage": "https://static.colruytgroup.com/images/500x500/std.lang.all/29/65/asset-3222965.jpg",
    "squareImage": "https://static.colruytgroup.com/images/500x500sq/std.lang.all/29/65/asset-3222965.jpg",
    "content": "33cl",
    "walkRouteSequenceNumber": 4085,
    "price": {
      "basicPrice": 0.931,
      "recommendedQuantity": "6.0",
      "measurementUnitPrice": 2.83,
      "measurementUnit": "L",
      "isRedPrice": false,
      "pricePerUOM": 2.83,
      "activationDate": "20-03-2024",
      "recordSource": "Offline",
      "isPromoActive": "N",
      "priceChangeCode": "H"
    },
    "isAvailable": true,
    "isPriceAvailable": true,
    "inPromo": false,
    "gtin": [
      "03124480196118",
      "03124480195401",
      "03124488196110"
    ],
    "topCategoryName": "Dranken",
    "topCategoryId": "354",
    "businessDomain": "RETAIL_BE",
    "IsPrivateLabel": false,
    "IsBiffe": false,
    "WeightconversionFactor": "0",
    "IsWeightArticle": false,
    "nutriscoreLabel": "D",
    "IsBio": false,
    "CountryOfOrigin": "FRANKRIJK",
    "IsExclusivelySoldInLuxembourg": false,
    "OrderUnit": "P",
    "ShortName": "OASI ICE TEA PERZIK33CL",
    "IsNew": false,
    "RecentQuanityOfStockUnits": "24,6,1",
    "LongName": "OASIS Ice Tea perzik 33cl",
    "FicCode": "E"
  },
  {
    "productId": "702107",
    "technicalArticleNumber": "4435211",
    "commercialArticleNumber": "18099",
    "name": "Blonde espresso bonen",
    "brand": "STARBUCKS",
    "seoBrand": "Starbucks",
    "thumbNail": "https://static.colruytgroup.com/images/200x200/std.lang.all/96/12/asset-2779612.jpg",
    "fullImage": "https://static.colruytgroup.com/images/500x500/std.lang.all/96/12/asset-2779612.jpg",
    "squareImage": "https://static.colruytgroup.com/images/500x500sq/std.lang.all/96/12/asset-2779612.jpg",
    "content": "450g",
    "walkRouteSequenceNumber": 1020,
    "price": {
      "basicPrice": 8.99,
      "recommendedQuantity": "1.0",
      "measurementUnitPrice": 19.98,
      "measurementUnit": "K",
      "isRedPrice": false,
      "pricePerUOM": 19.98,
      "activationDate": "07-03-2024",
      "recordSource": "Offline",
      "isPromoActive": "N",
      "priceChangeCode": "H"
    },
    "isAvailable": true,
    "isPriceAvailable": true,
    "inPromo": false,
    "gtin": [
      "07613037204797",
      "07613037204803"
    ],
    "topCategoryName": "Dranken",
    "topCategoryId": "354",
    "businessDomain": "RETAIL_BE",
    "IsPrivateLabel": false,
    "IsBiffe": false,
    "WeightconversionFactor": "0",
    "IsWeightArticle": false,
    "nutriscoreLabel": "B",
    "IsBio": false,
    "CountryOfOrigin": "PORTUGAL",
    "IsExclusivelySoldInLuxembourg": false,
    "OrderUnit": "P",
    "ShortName": "STAR BLO.ESPR.BONEN450G",
    "IsNew": false,
    "RecentQuanityOfStockUnits": "1,4",
    "LongName": "STARBUCKS Blonde espresso bonen 450g",
    "FicCode": "E"
  },
  {
    "productId": "1313",
    "technicalArticleNumber": "18025",
    "commercialArticleNumber": "18025",
    "name": "Irish Whiskey 40,0%vol",
    "description": "*Irish blend.whiskey\n*Ierland",
    "brand": "JAMESON",
    "seoBrand": "Jameson",
    "thumbNail": "https://static.colruytgroup.com/images/200x200/std.lang.all/15/83/asset-2701583.jpg",
    "fullImage": "https://static.colruytgroup.com/images/500x500/std.lang.all/15/83/asset-2701583.jpg",
    "squareImage": "https://static.colruytgroup.com/images/500x500sq/std.lang.all/15/83/asset-2701583.jpg",
    "content": "70cl",
    "walkRouteSequenceNumber": 982,
    "price": {
      "basicPrice": 22.99,
      "recommendedQuantity": "1.0",
      "measurementUnitPrice": 32.85,
      "measurementUnit": "L",
      "isRedPrice": true,
      "redPriceReason": "Promo",
      "referencePrice": 24.29,
      "retentionPeriod": 30,
      "pricePerUOM": 32.85,
      "activationDate": "13-03-2024",
      "isPromoActive": "Y",
      "priceChangeCode": "L"
    },
    "isAvailable": true,
    "isPriceAvailable": true,
    "inPromo": false,
    "gtin": [
      "05011007003005",
      "05011007003050",
      "05011007025151",
      "05413585000061",
      "05400141089196"
    ],
    "topCategoryName": "Dranken",
    "topCategoryId": "354",
    "businessDomain": "RETAIL_BE",
    "IsPrivateLabel": false,
    "IsBiffe": false,
    "WeightconversionFactor": "0",
    "IsWeightArticle": false,
    "IsBio": false,
    "CountryOfOrigin": "IERLAND",
    "IsExclusivelySoldInLuxembourg": false,
    "OrderUnit": "P",
    "ShortName": "WHISKY JAMES40D70CL",
    "IsNew": false,
    "EcoscoreLabel": "D",
    "RecentQuanityOfStockUnits": "1,6",
    "LongName": "JAMESON Irish Whiskey 40,0%vol 70cl",
    "AlcoholVolume": "40",
    "FicCode": "E",
    "EcoscoreValue": "38"
  },
  {
    "productId": "197269",
    "technicalArticleNumber": "3433411",
    "commercialArticleNumber": "40645",
    "name": "thee English Breakfast",
    "description": "*Zwarte thee",
    "brand": "TWININGS",
    "seoBrand": "Twinings",
    "thumbNail": "https://static.colruytgroup.com/images/200x200/std.lang.all/60/93/asset-806093.jpg",
    "fullImage": "https://static.colruytgroup.com/images/500x500/std.lang.all/60/93/asset-806093.jpg",
    "squareImage": "https://static.colruytgroup.com/images/500x500sq/std.lang.all/60/93/asset-806093.jpg",
    "content": "50st",
    "walkRouteSequenceNumber": 1246,
    "price": {
      "basicPrice": 5.49,
      "recommendedQuantity": "1.0",
      "measurementUnitPrice": 68.63,
      "measurementUnit": "K",
      "isRedPrice": false,
      "pricePerUOM": 68.63,
      "activationDate": "23-03-2024",
      "recordSource": "Offline",
      "isPromoActive": "N",
      "priceChangeCode": "H"
    },
    "isAvailable": true,
    "isPriceAvailable": true,
    "inPromo": false,
    "gtin": [
      "05055953902654",
      "00070177078904",
      "05055953950761"
    ],
    "topCategoryName": "Dranken",
    "topCategoryId": "354",
    "businessDomain": "RETAIL_BE",
    "IsPrivateLabel": false,
    "IsBiffe": false,
    "WeightconversionFactor": "0",
    "IsWeightArticle": false,
    "nutriscoreLabel": "B",
    "IsBio": false,
    "CountryOfOrigin": "POLEN",
    "IsExclusivelySoldInLuxembourg": false,
    "OrderUnit": "P",
    "ShortName": "TWIN ENGLISH BREAKF 50B",
    "InSeason": true,
    "IsNew": false,
    "EcoscoreLabel": "B",
    "RecentQuanityOfStockUnits": "1,10",
    "LongName": "TWININGS thee English Breakfast 50st",
    "AlcoholVolume": "0",
    "StartSeasonDate": "12/05/2020",
    "FicCode": "E",
    "EcoscoreValue": "79"
  },
  {
    "productId": "12262",
    "technicalArticleNumber": "1299022",
    "commercialArticleNumber": "5464",
    "name": "witbier 4,9% blik",
    "description": "*Witbier\n*4,9 % vol",
    "brand": "HOEGAARDEN",
    "seoBrand": "Hoegaarden",
    "thumbNail": "https://static.colruytgroup.com/images/200x200/std.lang.all/18/32/asset-2141832.jpg",
    "fullImage": "https://static.colruytgroup.com/images/500x500/std.lang.all/18/32/asset-2141832.jpg",
    "squareImage": "https://static.colruytgroup.com/images/500x500sq/std.lang.all/18/32/asset-2141832.jpg",
    "content": "33cl",
    "walkRouteSequenceNumber": 3800,
    "price": {
      "basicPrice": 1.3,
      "recommendedQuantity": "8.0",
      "measurementUnitPrice": 3.94,
      "measurementUnit": "L",
      "isRedPrice": false,
      "pricePerUOM": 3.94,
      "activationDate": "23-03-2024",
      "recordSource": "Offline",
      "isPromoActive": "N",
      "priceChangeCode": "H"
    },
    "isAvailable": true,
    "isPriceAvailable": true,
    "inPromo": false,
    "gtin": [
      "05410228289128",
      "05410228288244",
      "05410228168195",
      "05410228168423",
      "05410228168416"
    ],
    "topCategoryName": "Dranken",
    "topCategoryId": "354",
    "businessDomain": "RETAIL_BE",
    "IsPrivateLabel": false,
    "IsBiffe": false,
    "WeightconversionFactor": "0",
    "IsWeightArticle": false,
    "IsBio": false,
    "CountryOfOrigin": "BELGIË",
    "IsExclusivelySoldInLuxembourg": false,
    "OrderUnit": "P",
    "ShortName": "HOEG WITBIER BLIK 33CL",
    "IsNew": false,
    "RecentQuanityOfStockUnits": "8,1,24",
    "LongName": "HOEGAARDEN witbier 4,9% blik 33cl",
    "AlcoholVolume": "4.9",
    "FicCode": "E"
  },
  {
    "productId": "198955",
    "technicalArticleNumber": "3413836",
    "commercialArticleNumber": "17948",
    "name": "Crème Cassis 16%",
    "description": "*Likeur\n*16,0 % vol",
    "brand": "CHERRY ROCHER",
    "seoBrand": "Cherry Rocher",
    "thumbNail": "https://static.colruytgroup.com/images/200x200/std.lang.all/62/56/asset-796256.jpg",
    "fullImage": "https://static.colruytgroup.com/images/500x500/std.lang.all/62/56/asset-796256.jpg",
    "squareImage": "https://static.colruytgroup.com/images/500x500sq/std.lang.all/62/56/asset-796256.jpg",
    "content": "50cl",
    "walkRouteSequenceNumber": 879,
    "price": {
      "basicPrice": 7.35,
      "recommendedQuantity": "1.0",
      "measurementUnitPrice": 14.7,
      "measurementUnit": "L",
      "isRedPrice": false,
      "pricePerUOM": 14.7,
      "activationDate": "02-02-2023",
      "isPromoActive": "N",
      "priceChangeCode": "H"
    },
    "isAvailable": true,
    "isPriceAvailable": true,
    "inPromo": false,
    "gtin": [
      "03032230108437",
      "03032230108444"
    ],
    "topCategoryName": "Dranken",
    "topCategoryId": "354",
    "businessDomain": "RETAIL_BE",
    "IsPrivateLabel": false,
    "IsBiffe": false,
    "WeightconversionFactor": "0",
    "IsWeightArticle": false,
    "IsBio": false,
    "CountryOfOrigin": "FRANKRIJK",
    "IsExclusivelySoldInLuxembourg": false,
    "OrderUnit": "P",
    "ShortName": "ROCHER CASSIS 16GR 50CL",
    "IsNew": false,
    "RecentQuanityOfStockUnits": "1",
    "LongName": "CHERRY ROCHER Crème Cassis 16% 50cl",
    "AlcoholVolume": "16",
    "FicCode": "E"
  },
  {
    "productId": "690091",
    "technicalArticleNumber": "4416262",
    "commercialArticleNumber": "16757",
    "name": "triple 10%",
    "description": "*Abdijbier\n*Blond\n*10 % vol",
    "brand": "PAIX DIEU",
    "seoBrand": "Paix Dieu",
    "thumbNail": "https://static.colruytgroup.com/images/200x200/std.lang.all/18/11/asset-2371811.jpg",
    "fullImage": "https://static.colruytgroup.com/images/500x500/std.lang.all/18/11/asset-2371811.jpg",
    "squareImage": "https://static.colruytgroup.com/images/500x500sq/std.lang.all/18/11/asset-2371811.jpg",
    "content": "75cl",
    "walkRouteSequenceNumber": 3602,
    "price": {
      "basicPrice": 6.79,
      "recommendedQuantity": "1.0",
      "quantityPrice": 6.25,
      "quantityPriceQuantity": "6.0",
      "measurementUnitPrice": 9.06,
      "measurementUnitQuantityPrice": 8.34,
      "measurementUnit": "L",
      "isRedPrice": false,
      "pricePerUOM": 9.06,
      "activationDate": "08-11-2023",
      "recordSource": "Offline",
      "isPromoActive": "N",
      "priceChangeCode": "H",
      "quantityPricePerUOM": 8.34,
      "quantityActivationDate": "08-11-2023",
      "quantityPriceChangeCode": "H"
    },
    "isAvailable": true,
    "isPriceAvailable": true,
    "inPromo": false,
    "gtin": [
      "05412983233026",
      "05412983232036"
    ],
    "topCategoryName": "Dranken",
    "topCategoryId": "354",
    "businessDomain": "RETAIL_BE",
    "IsPrivateLabel": false,
    "IsBiffe": false,
    "WeightconversionFactor": "0",
    "IsWeightArticle": false,
    "IsBio": false,
    "CountryOfOrigin": "BELGIË",
    "IsExclusivelySoldInLuxembourg": false,
    "OrderUnit": "P",
    "ShortName": "PAIX TRIPLE 10% 75CL",
    "IsNew": false,
    "EcoscoreLabel": "D",
    "RecentQuanityOfStockUnits": "6,1",
    "LongName": "PAIX DIEU triple 10% 75cl",
    "AlcoholVolume": "10",
    "FicCode": "E",
    "EcoscoreValue": "37"
  },
  {
    "productId": "97342",
    "technicalArticleNumber": "2857921",
    "commercialArticleNumber": "17641",
    "name": "bier blonde 8,0%vol",
    "description": "*Sterk blond bier\n*8 % vol\n*Nagisting op fles",
    "brand": "OMER",
    "seoBrand": "Omer",
    "thumbNail": "https://static.colruytgroup.com/images/200x200/std.lang.all/71/17/asset-367117.jpg",
    "fullImage": "https://static.colruytgroup.com/images/500x500/std.lang.all/71/17/asset-367117.jpg",
    "squareImage": "https://static.colruytgroup.com/images/500x500sq/std.lang.all/71/17/asset-367117.jpg",
    "content": "24x33cl",
    "walkRouteSequenceNumber": 3929,
    "price": {
      "basicPrice": 34.99,
      "recommendedQuantity": "1.0",
      "measurementUnitPrice": 4.42,
      "measurementUnit": "L",
      "isRedPrice": false,
      "pricePerUOM": 4.42,
      "activationDate": "10-01-2024",
      "recordSource": "Offline",
      "isPromoActive": "N",
      "priceChangeCode": "L"
    },
    "isAvailable": true,
    "isPriceAvailable": true,
    "inPromo": false,
    "gtin": [
      "05411858000145"
    ],
    "topCategoryName": "Dranken",
    "topCategoryId": "354",
    "businessDomain": "RETAIL_BE",
    "IsPrivateLabel": false,
    "IsBiffe": false,
    "WeightconversionFactor": "0",
    "IsWeightArticle": false,
    "IsBio": false,
    "CountryOfOrigin": "BELGIË",
    "IsExclusivelySoldInLuxembourg": false,
    "OrderUnit": "P",
    "ShortName": "RE OMER 24X33CL",
    "IsNew": false,
    "EcoscoreLabel": "B",
    "RecentQuanityOfStockUnits": "1",
    "LongName": "OMER bier blonde 8,0%vol 24x33cl",
    "AlcoholVolume": "8",
    "FicCode": "I",
    "DepositValue": [
      4.5
    ],
    "EcoscoreValue": "72"
  },
  {
    "productId": "973507",
    "technicalArticleNumber": "4776113",
    "commercialArticleNumber": "2871",
    "name": "Green Tea Mango-Chamomile",
    "description": "*Smaak: mango,\nkamille\n*Niet-bruisend",
    "brand": "FUZE TEA",
    "seoBrand": "Fuze Tea",
    "thumbNail": "https://static.colruytgroup.com/images/200x200/std.lang.all/72/00/asset-3377200.jpg",
    "fullImage": "https://static.colruytgroup.com/images/500x500/std.lang.all/72/00/asset-3377200.jpg",
    "squareImage": "https://static.colruytgroup.com/images/500x500sq/std.lang.all/72/00/asset-3377200.jpg",
    "content": "33cl",
    "walkRouteSequenceNumber": 4243,
    "price": {
      "basicPrice": 0.75,
      "recommendedQuantity": "6.0",
      "quantityPrice": 0.424,
      "quantityPriceQuantity": "12.0",
      "measurementUnitPrice": 2.28,
      "measurementUnitQuantityPrice": 1.29,
      "measurementUnit": "L",
      "isRedPrice": false,
      "pricePerUOM": 2.28,
      "activationDate": "20-03-2024",
      "recordSource": "Offline",
      "isPromoActive": "N",
      "priceChangeCode": "E",
      "quantityPricePerUOM": 1.29,
      "quantityActivationDate": "20-03-2024",
      "quantityPriceChangeCode": "H"
    },
    "isAvailable": true,
    "isPriceAvailable": true,
    "inPromo": false,
    "gtin": [
      "05449000308832",
      "05449000236258",
      "05449000308849"
    ],
    "topCategoryName": "Dranken",
    "topCategoryId": "354",
    "businessDomain": "RETAIL_BE",
    "IsPrivateLabel": false,
    "IsBiffe": false,
    "WeightconversionFactor": "0",
    "IsWeightArticle": false,
    "nutriscoreLabel": "D",
    "IsBio": false,
    "CountryOfOrigin": "BELGIË",
    "IsExclusivelySoldInLuxembourg": false,
    "OrderUnit": "P",
    "ShortName": "FUZE GR.TEA MAN-KAM33CL",
    "IsNew": false,
    "RecentQuanityOfStockUnits": "1,6,24",
    "LongName": "FUZE TEA Green Tea Mango-Chamomile 33cl",
    "AlcoholVolume": "0",
    "FicCode": "E"
  },
  {
    "productId": "602594",
    "technicalArticleNumber": "4270086",
    "commercialArticleNumber": "22877",
    "name": "Recharge",
    "brand": "INNOCENT SUPER SMOOTHIE",
    "seoBrand": "Innocent Super Smoothie",
    "thumbNail": "https://static.colruytgroup.com/images/200x200/std.lang.all/53/30/asset-2095330.jpg",
    "fullImage": "https://static.colruytgroup.com/images/500x500/std.lang.all/53/30/asset-2095330.jpg",
    "squareImage": "https://static.colruytgroup.com/images/500x500sq/std.lang.all/53/30/asset-2095330.jpg",
    "content": "30cl",
    "walkRouteSequenceNumber": 5030,
    "price": {
      "basicPrice": 2.69,
      "recommendedQuantity": "1.0",
      "quantityPrice": 1.42,
      "quantityPriceQuantity": "2.0",
      "measurementUnitPrice": 8.97,
      "measurementUnitQuantityPrice": 4.74,
      "measurementUnit": "L",
      "isRedPrice": false,
      "pricePerUOM": 8.97,
      "activationDate": "19-03-2024",
      "recordSource": "Offline",
      "isPromoActive": "N",
      "priceChangeCode": "E",
      "quantityPricePerUOM": 4.74,
      "quantityActivationDate": "19-03-2024",
      "quantityPriceChangeCode": "L"
    },
    "isAvailable": true,
    "isPriceAvailable": true,
    "inPromo": false,
    "gtin": [
      "05038862232616",
      "05038862239288"
    ],
    "topCategoryName": "Dranken",
    "topCategoryId": "354",
    "businessDomain": "RETAIL_BE",
    "IsPrivateLabel": false,
    "IsBiffe": false,
    "WeightconversionFactor": "0",
    "IsWeightArticle": false,
    "IsBio": false,
    "CountryOfOrigin": "VERENIGD KONINKRIJK",
    "IsExclusivelySoldInLuxembourg": false,
    "OrderUnit": "P",
    "ShortName": "INNO SUSM RECHARGE 30CL",
    "IsNew": false,
    "EcoscoreLabel": "D",
    "RecentQuanityOfStockUnits": "1",
    "LongName": "INNOCENT SUPER SMOOTHIE Recharge 30cl",
    "FicCode": "E",
    "EcoscoreValue": "39"
  },
  {
    "productId": "374",
    "technicalArticleNumber": "5021",
    "commercialArticleNumber": "5021",
    "name": "pils 5.0%vol",
    "description": "*Pilsbier\n*5 % vol",
    "brand": "CRISTAL ALKEN",
    "seoBrand": "Cristal Alken",
    "thumbNail": "https://static.colruytgroup.com/images/200x200/std.lang.all/96/10/asset-3379610.jpg",
    "fullImage": "https://static.colruytgroup.com/images/500x500/std.lang.all/96/10/asset-3379610.jpg",
    "squareImage": "https://static.colruytgroup.com/images/500x500sq/std.lang.all/96/10/asset-3379610.jpg",
    "content": "24x25cl",
    "walkRouteSequenceNumber": 3862,
    "price": {
      "basicPrice": 16.49,
      "recommendedQuantity": "1.0",
      "measurementUnitPrice": 2.75,
      "measurementUnit": "L",
      "isRedPrice": false,
      "pricePerUOM": 2.75,
      "activationDate": "13-03-2024",
      "recordSource": "Offline",
      "isPromoActive": "Y",
      "priceChangeCode": "E"
    },
    "isAvailable": true,
    "isPriceAvailable": true,
    "inPromo": true,
    "promotion": [
      {
        "techPromoId": "100962COLR",
        "promotionId": "100962",
        "promotionType": "3",
        "isPersonalized": "N",
        "publicationStartDate": "13-03-2024",
        "publicationEndDate": "26-03-2024"
      }
    ],
    "gtin": [
      "00000054055001",
      "00000054055575",
      "05410078001413",
      "05410078235498"
    ],
    "topCategoryName": "Dranken",
    "topCategoryId": "354",
    "businessDomain": "RETAIL_BE",
    "IsPrivateLabel": false,
    "IsBiffe": false,
    "WeightconversionFactor": "0",
    "IsWeightArticle": false,
    "IsBio": false,
    "CountryOfOrigin": "BELGIË",
    "IsExclusivelySoldInLuxembourg": false,
    "OrderUnit": "P",
    "ShortName": "CRISTAL ALKEN 24X25CL",
    "IsNew": false,
    "EcoscoreLabel": "B",
    "RecentQuanityOfStockUnits": "1,1",
    "LongName": "CRISTAL ALKEN pils 5.0%vol 24x25cl",
    "AlcoholVolume": "5",
    "FicCode": "E",
    "DepositValue": [
      4.5
    ],
    "EcoscoreValue": "70"
  },
  {
    "productId": "227895",
    "technicalArticleNumber": "3573302",
    "commercialArticleNumber": "11349",
    "name": "café-lait déca",
    "description": "*Koffie met melk\n*Cafeïnevrij\n*Intensiteit 7\n*16 Capsules",
    "brand": "NESCAFÉ DOLCE GUSTO",
    "seoBrand": "Nescafé Dolce Gusto",
    "thumbNail": "https://static.colruytgroup.com/images/200x200/std.lang.all/48/24/asset-1094824.jpg",
    "fullImage": "https://static.colruytgroup.com/images/500x500/std.lang.all/48/24/asset-1094824.jpg",
    "squareImage": "https://static.colruytgroup.com/images/500x500sq/std.lang.all/48/24/asset-1094824.jpg",
    "content": "16st",
    "walkRouteSequenceNumber": 1067,
    "price": {
      "basicPrice": 5.49,
      "recommendedQuantity": "1.0",
      "quantityPrice": 4.34,
      "quantityPriceQuantity": "2.0",
      "measurementUnitPrice": 34.32,
      "measurementUnitQuantityPrice": 27.13,
      "measurementUnit": "K",
      "isRedPrice": false,
      "pricePerUOM": 34.32,
      "activationDate": "21-03-2024",
      "recordSource": "Offline",
      "isPromoActive": "N",
      "priceChangeCode": "E",
      "quantityPricePerUOM": 27.13,
      "quantityActivationDate": "21-03-2024",
      "quantityPriceChangeCode": "H"
    },
    "isAvailable": true,
    "isPriceAvailable": true,
    "inPromo": false,
    "gtin": [
      "07613035674370",
      "07613035674387"
    ],
    "topCategoryName": "Dranken",
    "topCategoryId": "354",
    "businessDomain": "RETAIL_BE",
    "IsPrivateLabel": false,
    "IsBiffe": false,
    "WeightconversionFactor": "0",
    "IsWeightArticle": false,
    "nutriscoreLabel": "C",
    "IsBio": false,
    "CountryOfOrigin": "SPANJE",
    "IsExclusivelySoldInLuxembourg": false,
    "OrderUnit": "P",
    "ShortName": "RE DG CAF.LAIT DEC 16CA",
    "IsNew": false,
    "RecentQuanityOfStockUnits": "1,3",
    "LongName": "NESCAFÉ DOLCE GUSTO café-lait déca 16st",
    "AlcoholVolume": "0",
    "FicCode": "E"
  },
  {
    "productId": "488167",
    "technicalArticleNumber": "4039990",
    "commercialArticleNumber": "4811",
    "name": "cola glas",
    "description": "*Bruisend\n*Bevat cafeïne\n*Zonder\nbewaarmiddelen",
    "brand": "RITCHIE",
    "seoBrand": "Ritchie",
    "thumbNail": "https://static.colruytgroup.com/images/200x200/std.lang.all/55/18/asset-2355518.jpg",
    "fullImage": "https://static.colruytgroup.com/images/500x500/std.lang.all/55/18/asset-2355518.jpg",
    "squareImage": "https://static.colruytgroup.com/images/500x500sq/std.lang.all/55/18/asset-2355518.jpg",
    "content": "27,5cl",
    "walkRouteSequenceNumber": 4342,
    "price": {
      "basicPrice": 1.5,
      "recommendedQuantity": "4.0",
      "measurementUnitPrice": 5.46,
      "measurementUnit": "L",
      "isRedPrice": false,
      "pricePerUOM": 5.46,
      "activationDate": "08-11-2023",
      "recordSource": "Online",
      "isPromoActive": "N",
      "priceChangeCode": "H"
    },
    "isAvailable": true,
    "isPriceAvailable": true,
    "inPromo": false,
    "gtin": [
      "05414145267948",
      "05430002241111",
      "05430002241098",
      "05430002241104",
      "05414145067944",
      "05414145167941"
    ],
    "topCategoryName": "Dranken",
    "topCategoryId": "354",
    "businessDomain": "RETAIL_BE",
    "IsPrivateLabel": false,
    "IsBiffe": false,
    "WeightconversionFactor": "0",
    "IsWeightArticle": false,
    "nutriscoreLabel": "E",
    "IsBio": false,
    "CountryOfOrigin": "BELGIË",
    "IsExclusivelySoldInLuxembourg": false,
    "OrderUnit": "P",
    "ShortName": "RITC COLA GLAS 27.5CL",
    "IsNew": false,
    "RecentQuanityOfStockUnits": "4,1",
    "LongName": "RITCHIE cola glas 27,5cl",
    "FicCode": "E"
  },
  {
    "productId": "601125",
    "technicalArticleNumber": "4267236",
    "commercialArticleNumber": "20690",
    "name": "bruisend Orange",
    "description": "*Bruisende limonade\n*Smaak: sinaasappel\n*Met suiker en\nzoetstoffen",
    "brand": "SPA FRUIT",
    "seoBrand": "Spa Fruit",
    "thumbNail": "https://static.colruytgroup.com/images/200x200/std.lang.all/84/53/asset-2818453.jpg",
    "fullImage": "https://static.colruytgroup.com/images/500x500/std.lang.all/84/53/asset-2818453.jpg",
    "squareImage": "https://static.colruytgroup.com/images/500x500sq/std.lang.all/84/53/asset-2818453.jpg",
    "content": "1,25L",
    "walkRouteSequenceNumber": 4330,
    "price": {
      "basicPrice": 1.89,
      "recommendedQuantity": "4.0",
      "measurementUnitPrice": 1.52,
      "measurementUnit": "L",
      "isRedPrice": false,
      "pricePerUOM": 1.52,
      "activationDate": "14-03-2024",
      "recordSource": "Offline",
      "isPromoActive": "N",
      "priceChangeCode": "H"
    },
    "isAvailable": true,
    "isPriceAvailable": true,
    "inPromo": false,
    "gtin": [
      "05410013800019",
      "05410013800002",
      "05410013144304",
      "05410013144311"
    ],
    "topCategoryName": "Dranken",
    "topCategoryId": "354",
    "businessDomain": "RETAIL_BE",
    "IsPrivateLabel": false,
    "IsBiffe": false,
    "WeightconversionFactor": "0",
    "IsWeightArticle": false,
    "nutriscoreLabel": "C",
    "IsBio": false,
    "CountryOfOrigin": "BELGIË",
    "IsExclusivelySoldInLuxembourg": false,
    "OrderUnit": "P",
    "ShortName": "SPA FRUI BR.ORANGE1.25L",
    "IsNew": false,
    "RecentQuanityOfStockUnits": "1,4",
    "LongName": "SPA FRUIT bruisend Orange 1,25L",
    "AlcoholVolume": "0",
    "FicCode": "E"
  },
  {
    "productId": "614610",
    "technicalArticleNumber": "4289956",
    "commercialArticleNumber": "23350",
    "name": "caps Decaf Espresso Roast",
    "description": "*Intense koffie\n*Caps",
    "brand": "STARBUCKS",
    "seoBrand": "Starbucks",
    "thumbNail": "https://static.colruytgroup.com/images/200x200/std.lang.all/71/48/asset-3447148.jpg",
    "fullImage": "https://static.colruytgroup.com/images/500x500/std.lang.all/71/48/asset-3447148.jpg",
    "squareImage": "https://static.colruytgroup.com/images/500x500sq/std.lang.all/71/48/asset-3447148.jpg",
    "content": "10st",
    "walkRouteSequenceNumber": 1036,
    "price": {
      "basicPrice": 4.29,
      "recommendedQuantity": "1.0",
      "quantityPrice": 2.49,
      "quantityPriceQuantity": "4.0",
      "measurementUnitPrice": 75.27,
      "measurementUnitQuantityPrice": 43.69,
      "measurementUnit": "K",
      "isRedPrice": false,
      "pricePerUOM": 75.27,
      "activationDate": "23-03-2024",
      "recordSource": "Offline",
      "isPromoActive": "N",
      "priceChangeCode": "E",
      "quantityPricePerUOM": 43.69,
      "quantityActivationDate": "23-03-2024",
      "quantityPriceChangeCode": "E"
    },
    "isAvailable": true,
    "isPriceAvailable": true,
    "inPromo": false,
    "gtin": [
      "07613036961820",
      "07613037048476"
    ],
    "topCategoryName": "Dranken",
    "topCategoryId": "354",
    "businessDomain": "RETAIL_BE",
    "IsPrivateLabel": false,
    "IsBiffe": false,
    "WeightconversionFactor": "0",
    "IsWeightArticle": false,
    "nutriscoreLabel": "B",
    "IsBio": false,
    "CountryOfOrigin": "ZWITSERLAND",
    "IsExclusivelySoldInLuxembourg": false,
    "OrderUnit": "P",
    "ShortName": "STAR DECAF ESPR.R.10CAP",
    "IsNew": false,
    "RecentQuanityOfStockUnits": "1,12",
    "LongName": "STARBUCKS caps Decaf Espresso Roast 10st",
    "FicCode": "E"
  },
  {
    "productId": "1360",
    "technicalArticleNumber": "18722",
    "commercialArticleNumber": "18722",
    "name": "graanjenever 30%",
    "description": "*Jenever\n*30 % vol\n*Smaak: graan",
    "brand": "PETERMAN",
    "seoBrand": "Peterman",
    "thumbNail": "https://static.colruytgroup.com/images/200x200/std.lang.all/20/60/asset-2272060.jpg",
    "fullImage": "https://static.colruytgroup.com/images/500x500/std.lang.all/20/60/asset-2272060.jpg",
    "squareImage": "https://static.colruytgroup.com/images/500x500sq/std.lang.all/20/60/asset-2272060.jpg",
    "content": "1L",
    "walkRouteSequenceNumber": 903,
    "price": {
      "basicPrice": 17.99,
      "recommendedQuantity": "1.0",
      "measurementUnitPrice": 17.99,
      "measurementUnit": "L",
      "isRedPrice": false,
      "pricePerUOM": 17.99,
      "activationDate": "12-03-2024",
      "recordSource": "Offline",
      "isPromoActive": "N",
      "priceChangeCode": "H"
    },
    "isAvailable": true,
    "isPriceAvailable": true,
    "inPromo": false,
    "gtin": [
      "05410293001410",
      "05410293001519",
      "15410293001509",
      "15410293001790",
      "15410293001868"
    ],
    "topCategoryName": "Dranken",
    "topCategoryId": "354",
    "businessDomain": "RETAIL_BE",
    "IsPrivateLabel": false,
    "IsBiffe": false,
    "WeightconversionFactor": "0",
    "IsWeightArticle": false,
    "IsBio": false,
    "CountryOfOrigin": "BELGIË",
    "IsExclusivelySoldInLuxembourg": false,
    "OrderUnit": "P",
    "ShortName": "PETE GRAANJENEVER30% 1L",
    "IsNew": false,
    "EcoscoreLabel": "D",
    "RecentQuanityOfStockUnits": "6,1",
    "LongName": "PETERMAN graanjenever 30% 1L",
    "AlcoholVolume": "30",
    "FicCode": "E",
    "EcoscoreValue": "38"
  },
  {
    "productId": "469716",
    "technicalArticleNumber": "4059362",
    "commercialArticleNumber": "6786",
    "name": "Virgin Mojito BIB",
    "description": "*Alcoholvrij",
    "brand": "YUMMIX",
    "seoBrand": "Yummix",
    "thumbNail": "https://static.colruytgroup.com/images/200x200/std.lang.all/23/01/asset-3242301.jpg",
    "fullImage": "https://static.colruytgroup.com/images/500x500/std.lang.all/23/01/asset-3242301.jpg",
    "squareImage": "https://static.colruytgroup.com/images/500x500sq/std.lang.all/23/01/asset-3242301.jpg",
    "content": "3L",
    "walkRouteSequenceNumber": 626,
    "price": {
      "basicPrice": 6.49,
      "recommendedQuantity": "1.0",
      "measurementUnitPrice": 2.17,
      "measurementUnit": "L",
      "isRedPrice": false,
      "pricePerUOM": 2.17,
      "activationDate": "19-03-2024",
      "recordSource": "Offline",
      "isPromoActive": "N",
      "priceChangeCode": "H"
    },
    "isAvailable": true,
    "isPriceAvailable": true,
    "inPromo": false,
    "gtin": [
      "03760224570266",
      "03021891003380",
      "03021891082699"
    ],
    "topCategoryName": "Dranken",
    "topCategoryId": "354",
    "businessDomain": "RETAIL_BE",
    "IsPrivateLabel": false,
    "IsBiffe": false,
    "WeightconversionFactor": "0",
    "IsWeightArticle": false,
    "IsBio": false,
    "CountryOfOrigin": "FRANKRIJK",
    "IsExclusivelySoldInLuxembourg": false,
    "OrderUnit": "P",
    "ShortName": "YUMM VIRGIN MOJITO 3L",
    "InSeason": true,
    "IsNew": false,
    "RecentQuanityOfStockUnits": "1,3",
    "LongName": "YUMMIX Virgin Mojito BIB 3L",
    "StartSeasonDate": "12/12/2020",
    "FicCode": "E"
  },
  {
    "productId": "882062",
    "technicalArticleNumber": "4739798",
    "commercialArticleNumber": "6230",
    "name": "Biondo 0%",
    "description": "*Aperitief\n*Alcoholvrij",
    "brand": "BONGIORNO",
    "seoBrand": "Bongiorno",
    "thumbNail": "https://static.colruytgroup.com/images/200x200/std.lang.all/99/05/asset-3269905.jpg",
    "fullImage": "https://static.colruytgroup.com/images/500x500/std.lang.all/99/05/asset-3269905.jpg",
    "squareImage": "https://static.colruytgroup.com/images/500x500sq/std.lang.all/99/05/asset-3269905.jpg",
    "content": "6x10cl",
    "walkRouteSequenceNumber": 605,
    "price": {
      "basicPrice": 2.99,
      "recommendedQuantity": "1.0",
      "measurementUnitPrice": 4.99,
      "measurementUnit": "L",
      "isRedPrice": false,
      "pricePerUOM": 4.99,
      "activationDate": "14-02-2024",
      "isPromoActive": "N",
      "priceChangeCode": "E"
    },
    "isAvailable": true,
    "isPriceAvailable": true,
    "inPromo": false,
    "gtin": [
      "48018005973526",
      "08018005973528"
    ],
    "topCategoryName": "Dranken",
    "topCategoryId": "354",
    "businessDomain": "RETAIL_BE",
    "IsPrivateLabel": false,
    "IsBiffe": false,
    "WeightconversionFactor": "0",
    "IsWeightArticle": false,
    "nutriscoreLabel": "E",
    "IsBio": false,
    "CountryOfOrigin": "ITALIË",
    "IsExclusivelySoldInLuxembourg": false,
    "OrderUnit": "P",
    "ShortName": "BONG BIONDO 0% 6X10CL",
    "IsNew": false,
    "RecentQuanityOfStockUnits": "1,4,1",
    "LongName": "BONGIORNO Biondo 0% 6x10cl",
    "AlcoholVolume": "0",
    "FicCode": "E"
  },
  {
    "productId": "786542",
    "technicalArticleNumber": "4588127",
    "commercialArticleNumber": "21105",
    "name": "Bitter Lemon",
    "description": "*Bruisende limonade",
    "brand": "SCHWEPPES",
    "seoBrand": "Schweppes",
    "thumbNail": "https://static.colruytgroup.com/images/200x200/std.lang.all/29/32/asset-3232932.jpg",
    "fullImage": "https://static.colruytgroup.com/images/500x500/std.lang.all/29/32/asset-3232932.jpg",
    "squareImage": "https://static.colruytgroup.com/images/500x500sq/std.lang.all/29/32/asset-3232932.jpg",
    "content": "33cl",
    "walkRouteSequenceNumber": 4282,
    "price": {
      "basicPrice": 1.09,
      "recommendedQuantity": "6.0",
      "quantityPrice": 1.05,
      "quantityPriceQuantity": "24.0",
      "measurementUnitPrice": 3.31,
      "measurementUnitQuantityPrice": 3.19,
      "measurementUnit": "L",
      "isRedPrice": false,
      "pricePerUOM": 3.31,
      "activationDate": "14-03-2024",
      "recordSource": "Offline",
      "isPromoActive": "N",
      "priceChangeCode": "E",
      "quantityPricePerUOM": 3.19,
      "quantityActivationDate": "14-03-2024",
      "quantityPriceChangeCode": "E"
    },
    "isAvailable": true,
    "isPriceAvailable": true,
    "inPromo": false,
    "gtin": [
      "08435185972965",
      "08435185972972",
      "08435185972958"
    ],
    "topCategoryName": "Dranken",
    "topCategoryId": "354",
    "businessDomain": "RETAIL_BE",
    "IsPrivateLabel": false,
    "IsBiffe": false,
    "WeightconversionFactor": "0",
    "IsWeightArticle": false,
    "nutriscoreLabel": "D",
    "IsBio": false,
    "CountryOfOrigin": "FRANKRIJK",
    "IsExclusivelySoldInLuxembourg": false,
    "OrderUnit": "P",
    "ShortName": "SCHW BITTER LEMON 33CL",
    "IsNew": false,
    "RecentQuanityOfStockUnits": "1,6,24",
    "LongName": "SCHWEPPES Bitter Lemon 33cl",
    "FicCode": "E"
  },
  {
    "productId": "11182",
    "technicalArticleNumber": "1371655",
    "commercialArticleNumber": "5495",
    "name": "trappist rood 7,0%vol",
    "description": "*Trappistenbier\n*7 % vol\n*Nagisting op fles",
    "brand": "CHIMAY",
    "seoBrand": "Chimay",
    "thumbNail": "https://static.colruytgroup.com/images/200x200/std.lang.all/96/19/asset-379619.jpg",
    "fullImage": "https://static.colruytgroup.com/images/500x500/std.lang.all/96/19/asset-379619.jpg",
    "squareImage": "https://static.colruytgroup.com/images/500x500sq/std.lang.all/96/19/asset-379619.jpg",
    "content": "6x33cl",
    "walkRouteSequenceNumber": 3624,
    "price": {
      "basicPrice": 8.76,
      "recommendedQuantity": "1.0",
      "quantityPrice": 8.41,
      "quantityPriceQuantity": "3.0",
      "measurementUnitPrice": 4.43,
      "measurementUnitQuantityPrice": 4.25,
      "measurementUnit": "L",
      "isRedPrice": false,
      "pricePerUOM": 4.43,
      "activationDate": "23-03-2024",
      "recordSource": "Online",
      "isPromoActive": "Y",
      "priceChangeCode": "H",
      "quantityPricePerUOM": 4.25,
      "quantityActivationDate": "23-03-2024",
      "quantityPriceChangeCode": "H"
    },
    "isAvailable": true,
    "isPriceAvailable": true,
    "inPromo": false,
    "gtin": [
      "00000025054958",
      "05400141054958",
      "05410908000012"
    ],
    "topCategoryName": "Dranken",
    "topCategoryId": "354",
    "businessDomain": "RETAIL_BE",
    "IsPrivateLabel": false,
    "IsBiffe": false,
    "WeightconversionFactor": "0",
    "IsWeightArticle": false,
    "IsBio": false,
    "CountryOfOrigin": "BELGIË",
    "IsExclusivelySoldInLuxembourg": false,
    "OrderUnit": "P",
    "ShortName": "CHIMAY ROOD 6X33CL",
    "IsNew": false,
    "EcoscoreLabel": "D",
    "RecentQuanityOfStockUnits": "1",
    "LongName": "CHIMAY trappist rood 7,0%vol 6x33cl",
    "AlcoholVolume": "7",
    "FicCode": "E",
    "DepositValue": [
      0.6
    ],
    "EcoscoreValue": "37"
  },
  {
    "productId": "506082",
    "technicalArticleNumber": "4077735",
    "commercialArticleNumber": "7432",
    "name": "Tripel hop cashmere 9,5%vol",
    "description": "*Sterk blond bier\n*9,5 % vol\n*Nagisting op fles\n*Duvel Moortgat",
    "brand": "DUVEL",
    "seoBrand": "Duvel",
    "thumbNail": "https://static.colruytgroup.com/images/200x200/std.lang.all/29/98/asset-2372998.jpg",
    "fullImage": "https://static.colruytgroup.com/images/500x500/std.lang.all/29/98/asset-2372998.jpg",
    "squareImage": "https://static.colruytgroup.com/images/500x500sq/std.lang.all/29/98/asset-2372998.jpg",
    "content": "6x33cl",
    "walkRouteSequenceNumber": 3699,
    "price": {
      "basicPrice": 11.23,
      "recommendedQuantity": "1.0",
      "measurementUnitPrice": 5.68,
      "measurementUnit": "L",
      "isRedPrice": false,
      "pricePerUOM": 5.68,
      "activationDate": "19-03-2024",
      "recordSource": "Offline",
      "isPromoActive": "N",
      "priceChangeCode": "L"
    },
    "isAvailable": true,
    "isPriceAvailable": true,
    "inPromo": false,
    "gtin": [
      "05411681406039",
      "05400141275438"
    ],
    "topCategoryName": "Dranken",
    "topCategoryId": "354",
    "businessDomain": "RETAIL_BE",
    "IsPrivateLabel": false,
    "IsBiffe": false,
    "WeightconversionFactor": "0",
    "IsWeightArticle": false,
    "IsBio": false,
    "CountryOfOrigin": "BELGIË",
    "IsExclusivelySoldInLuxembourg": false,
    "OrderUnit": "P",
    "ShortName": "DUVEL TR.HOP CASH.6X33C",
    "InSeason": true,
    "IsNew": false,
    "EcoscoreLabel": "B",
    "RecentQuanityOfStockUnits": "1",
    "LongName": "DUVEL Tripel hop cashmere 9,5%vol 6x33cl",
    "AlcoholVolume": "9.5",
    "StartSeasonDate": "04/02/2020",
    "FicCode": "E",
    "DepositValue": [
      0.6
    ],
    "EcoscoreValue": "72"
  },
  {
    "productId": "249714",
    "technicalArticleNumber": "3606642",
    "commercialArticleNumber": "12759",
    "name": "pads Magnifico",
    "description": "*Koffie\n*Pads",
    "brand": "CHARLES LIÉGEOIS",
    "seoBrand": "Charles Liégeois",
    "thumbNail": "https://static.colruytgroup.com/images/200x200/std.lang.all/47/35/asset-3414735.jpg",
    "fullImage": "https://static.colruytgroup.com/images/500x500/std.lang.all/47/35/asset-3414735.jpg",
    "squareImage": "https://static.colruytgroup.com/images/500x500sq/std.lang.all/47/35/asset-3414735.jpg",
    "content": "30st",
    "walkRouteSequenceNumber": 1204,
    "price": {
      "basicPrice": 4.59,
      "recommendedQuantity": "1.0",
      "quantityPrice": 2.37,
      "quantityPriceQuantity": "2.0",
      "measurementUnitPrice": 19.13,
      "measurementUnitQuantityPrice": 9.88,
      "measurementUnit": "K",
      "isRedPrice": false,
      "pricePerUOM": 19.13,
      "activationDate": "23-03-2024",
      "recordSource": "Offline",
      "isPromoActive": "N",
      "priceChangeCode": "E",
      "quantityPricePerUOM": 9.88,
      "quantityActivationDate": "23-03-2024",
      "quantityPriceChangeCode": "E"
    },
    "isAvailable": true,
    "isPriceAvailable": true,
    "inPromo": false,
    "gtin": [
      "15411651090777",
      "05411651090770",
      "65411651090772"
    ],
    "topCategoryName": "Dranken",
    "topCategoryId": "354",
    "businessDomain": "RETAIL_BE",
    "IsPrivateLabel": false,
    "IsBiffe": false,
    "WeightconversionFactor": "0",
    "IsWeightArticle": false,
    "nutriscoreLabel": "B",
    "IsBio": false,
    "CountryOfOrigin": "BELGIË",
    "IsExclusivelySoldInLuxembourg": false,
    "OrderUnit": "P",
    "ShortName": "RE CHLI MAGNIFICO 30PAD",
    "IsNew": false,
    "EcoscoreLabel": "C",
    "RecentQuanityOfStockUnits": "5,1",
    "LongName": "CHARLES LIÉGEOIS pads Magnifico 30st",
    "AlcoholVolume": "0",
    "FicCode": "E",
    "EcoscoreValue": "45"
  },
  {
    "productId": "861228",
    "technicalArticleNumber": "4712342",
    "commercialArticleNumber": "21346",
    "name": "caps Decaf RFA",
    "brand": "BONI",
    "seoBrand": "Boni Selection",
    "thumbNail": "https://static.colruytgroup.com/images/200x200/std.lang.all/75/06/asset-3247506.jpg",
    "fullImage": "https://static.colruytgroup.com/images/500x500/std.lang.all/75/06/asset-3247506.jpg",
    "squareImage": "https://static.colruytgroup.com/images/500x500sq/std.lang.all/75/06/asset-3247506.jpg",
    "content": "16st",
    "walkRouteSequenceNumber": 1102,
    "price": {
      "basicPrice": 3.55,
      "recommendedQuantity": "1.0",
      "measurementUnitPrice": 30.87,
      "measurementUnit": "K",
      "isRedPrice": false,
      "pricePerUOM": 30.87,
      "activationDate": "14-03-2024",
      "isPromoActive": "N",
      "priceChangeCode": "H"
    },
    "isAvailable": true,
    "isPriceAvailable": true,
    "inPromo": false,
    "gtin": [
      "05400141506075"
    ],
    "topCategoryName": "Dranken",
    "topCategoryId": "354",
    "businessDomain": "RETAIL_BE",
    "IsPrivateLabel": true,
    "IsBiffe": false,
    "WeightconversionFactor": "0",
    "IsWeightArticle": false,
    "nutriscoreLabel": "B",
    "IsBio": false,
    "CountryOfOrigin": "BELGIË",
    "IsExclusivelySoldInLuxembourg": false,
    "OrderUnit": "P",
    "ShortName": "BONI DECAF 16CAPS",
    "IsNew": false,
    "EcoscoreLabel": "C",
    "RecentQuanityOfStockUnits": "1",
    "LongName": "BONI caps Decaf RFA 16st",
    "AlcoholVolume": "0",
    "FicCode": "I",
    "EcoscoreValue": "49"
  },
  {
    "productId": "868722",
    "technicalArticleNumber": "4721998",
    "commercialArticleNumber": "16864",
    "name": "Botanical Cassis Lavender",
    "description": "*Energiedrank\n*Bevat cafeïne\n*Suiker/zoetstoffen",
    "brand": "NALU",
    "seoBrand": "Nalu",
    "thumbNail": "https://static.colruytgroup.com/images/200x200/std.lang.all/37/16/asset-3243716.jpg",
    "fullImage": "https://static.colruytgroup.com/images/500x500/std.lang.all/37/16/asset-3243716.jpg",
    "squareImage": "https://static.colruytgroup.com/images/500x500sq/std.lang.all/37/16/asset-3243716.jpg",
    "content": "25cl",
    "walkRouteSequenceNumber": 4668,
    "price": {
      "basicPrice": 1.4,
      "recommendedQuantity": "6.0",
      "quantityPrice": 1.34,
      "quantityPriceQuantity": "24.0",
      "measurementUnitPrice": 5.6,
      "measurementUnitQuantityPrice": 5.36,
      "measurementUnit": "L",
      "isRedPrice": false,
      "pricePerUOM": 5.6,
      "activationDate": "29-02-2024",
      "recordSource": "Online",
      "isPromoActive": "N",
      "priceChangeCode": "E",
      "quantityPricePerUOM": 5.36,
      "quantityActivationDate": "29-02-2024",
      "quantityPriceChangeCode": "H"
    },
    "isAvailable": true,
    "isPriceAvailable": true,
    "inPromo": false,
    "gtin": [
      "05060895748574",
      "05060895748581",
      "05060895748567"
    ],
    "topCategoryName": "Dranken",
    "topCategoryId": "354",
    "businessDomain": "RETAIL_BE",
    "IsPrivateLabel": false,
    "IsBiffe": false,
    "WeightconversionFactor": "0",
    "IsWeightArticle": false,
    "nutriscoreLabel": "D",
    "IsBio": false,
    "CountryOfOrigin": "BELGIË",
    "IsExclusivelySoldInLuxembourg": false,
    "OrderUnit": "P",
    "ShortName": "NALU CASSIS-LAVEND25CL",
    "IsNew": false,
    "RecentQuanityOfStockUnits": "6,1,24",
    "LongName": "NALU Botanical Cassis Lavender 25cl",
    "FicCode": "E"
  },
  {
    "productId": "16564",
    "technicalArticleNumber": "1567475",
    "commercialArticleNumber": "7956",
    "name": "Rijstdrank",
    "description": "*Plantaardig",
    "brand": "JOYA",
    "seoBrand": "Joya",
    "thumbNail": "https://static.colruytgroup.com/images/200x200/std.lang.all/01/03/asset-3240103.jpg",
    "fullImage": "https://static.colruytgroup.com/images/500x500/std.lang.all/01/03/asset-3240103.jpg",
    "squareImage": "https://static.colruytgroup.com/images/500x500sq/std.lang.all/01/03/asset-3240103.jpg",
    "content": "1L",
    "walkRouteSequenceNumber": 6261,
    "price": {
      "basicPrice": 2.69,
      "recommendedQuantity": "1.0",
      "measurementUnitPrice": 2.69,
      "measurementUnit": "L",
      "isRedPrice": false,
      "pricePerUOM": 2.69,
      "activationDate": "12-12-2023",
      "isPromoActive": "N",
      "priceChangeCode": "H"
    },
    "isAvailable": true,
    "isPriceAvailable": true,
    "inPromo": false,
    "gtin": [
      "00084253334129",
      "05425000199281",
      "09020200132999"
    ],
    "topCategoryName": "Zuivel",
    "topCategoryId": "65",
    "businessDomain": "RETAIL_BE",
    "IsPrivateLabel": false,
    "IsBiffe": false,
    "WeightconversionFactor": "0",
    "IsWeightArticle": false,
    "nutriscoreLabel": "D",
    "IsBio": false,
    "CountryOfOrigin": "DUITSLAND",
    "IsExclusivelySoldInLuxembourg": false,
    "OrderUnit": "P",
    "ShortName": "JOYA RIJSTDRANK 1L",
    "InSeason": true,
    "IsNew": false,
    "EcoscoreLabel": "A",
    "RecentQuanityOfStockUnits": "1,8",
    "LongName": "JOYA Rijstdrank 1L",
    "AlcoholVolume": "0",
    "StartSeasonDate": "13/07/2007",
    "FicCode": "E",
    "EcoscoreValue": "88"
  },
  {
    "productId": "560093",
    "technicalArticleNumber": "4197665",
    "commercialArticleNumber": "1655",
    "name": "tripel 8,0%vol",
    "description": "*Abdijbier\n*Blond\n*8 % vol",
    "brand": "ST BERNARDUS",
    "seoBrand": "St Bernardus",
    "thumbNail": "https://static.colruytgroup.com/images/200x200/std.lang.all/37/26/asset-2923726.jpg",
    "fullImage": "https://static.colruytgroup.com/images/500x500/std.lang.all/37/26/asset-2923726.jpg",
    "squareImage": "https://static.colruytgroup.com/images/500x500sq/std.lang.all/37/26/asset-2923726.jpg",
    "content": "6x33cl",
    "walkRouteSequenceNumber": 3679,
    "price": {
      "basicPrice": 8.34,
      "recommendedQuantity": "1.0",
      "measurementUnitPrice": 4.22,
      "measurementUnit": "L",
      "isRedPrice": false,
      "pricePerUOM": 4.22,
      "activationDate": "23-05-2023",
      "recordSource": "Offline",
      "isPromoActive": "N",
      "priceChangeCode": "H"
    },
    "isAvailable": true,
    "isPriceAvailable": true,
    "inPromo": false,
    "gtin": [
      "05411911001034",
      "00000054079038",
      "05400141341836"
    ],
    "topCategoryName": "Dranken",
    "topCategoryId": "354",
    "businessDomain": "RETAIL_BE",
    "IsPrivateLabel": false,
    "IsBiffe": false,
    "WeightconversionFactor": "0",
    "IsWeightArticle": false,
    "IsBio": false,
    "CountryOfOrigin": "BELGIË",
    "IsExclusivelySoldInLuxembourg": false,
    "OrderUnit": "P",
    "ShortName": "STBE TRIPEL 6X33CL",
    "IsNew": false,
    "EcoscoreLabel": "D",
    "RecentQuanityOfStockUnits": "1",
    "LongName": "ST BERNARDUS tripel 8,0%vol 6x33cl",
    "AlcoholVolume": "8",
    "FicCode": "E",
    "DepositValue": [
      0.6
    ],
    "EcoscoreValue": "37"
  },
  {
    "productId": "54166",
    "technicalArticleNumber": "2387692",
    "commercialArticleNumber": "2201",
    "name": "bier blond 8,0%vol",
    "description": "*Sterk blond bier\n*8 % vol\n*Nagisting op fles",
    "brand": "OMER",
    "seoBrand": "Omer",
    "thumbNail": "https://static.colruytgroup.com/images/200x200/std.lang.all/57/59/asset-1205759.jpg",
    "fullImage": "https://static.colruytgroup.com/images/500x500/std.lang.all/57/59/asset-1205759.jpg",
    "squareImage": "https://static.colruytgroup.com/images/500x500sq/std.lang.all/57/59/asset-1205759.jpg",
    "content": "6x33cl",
    "walkRouteSequenceNumber": 3689,
    "price": {
      "basicPrice": 8.98,
      "recommendedQuantity": "1.0",
      "measurementUnitPrice": 4.54,
      "measurementUnit": "L",
      "isRedPrice": false,
      "pricePerUOM": 4.54,
      "activationDate": "12-03-2024",
      "recordSource": "Offline",
      "isPromoActive": "N",
      "priceChangeCode": "E"
    },
    "isAvailable": true,
    "isPriceAvailable": true,
    "inPromo": false,
    "gtin": [
      "05400141922011"
    ],
    "topCategoryName": "Dranken",
    "topCategoryId": "354",
    "businessDomain": "RETAIL_BE",
    "IsPrivateLabel": false,
    "IsBiffe": false,
    "WeightconversionFactor": "0",
    "IsWeightArticle": false,
    "IsBio": false,
    "CountryOfOrigin": "BELGIË",
    "IsExclusivelySoldInLuxembourg": false,
    "OrderUnit": "P",
    "ShortName": "OMER 6X33CL",
    "IsNew": false,
    "EcoscoreLabel": "B",
    "RecentQuanityOfStockUnits": "1",
    "LongName": "OMER bier blond 8,0%vol 6x33cl",
    "AlcoholVolume": "8",
    "FicCode": "I",
    "DepositValue": [
      0.6
    ],
    "EcoscoreValue": "72"
  },
  {
    "productId": "871997",
    "technicalArticleNumber": "4726079",
    "commercialArticleNumber": "14268",
    "name": "Blond 6%",
    "description": "*Blond bier\n*6 % vol\n*Hoge gisting\n*Nagisting op fles",
    "brand": "YPRA",
    "seoBrand": "Ypra",
    "thumbNail": "https://static.colruytgroup.com/images/200x200/std.lang.all/25/47/asset-3412547.jpg",
    "fullImage": "https://static.colruytgroup.com/images/500x500/std.lang.all/25/47/asset-3412547.jpg",
    "squareImage": "https://static.colruytgroup.com/images/500x500sq/std.lang.all/25/47/asset-3412547.jpg",
    "content": "4x33cl",
    "walkRouteSequenceNumber": 1569,
    "price": {
      "basicPrice": 6.29,
      "recommendedQuantity": "1.0",
      "measurementUnitPrice": 4.77,
      "measurementUnit": "L",
      "isRedPrice": false,
      "pricePerUOM": 4.77,
      "activationDate": "13-03-2024",
      "recordSource": "Offline",
      "isPromoActive": "Y",
      "priceChangeCode": "H"
    },
    "isAvailable": true,
    "isPriceAvailable": true,
    "inPromo": true,
    "promotion": [
      {
        "techPromoId": "100949COLR",
        "promotionId": "100949",
        "promotionType": "0",
        "isPersonalized": "N",
        "publicationStartDate": "13-03-2024",
        "publicationEndDate": "26-03-2024"
      }
    ],
    "gtin": [
      "05411858100319",
      "05400141952407"
    ],
    "topCategoryName": "Dranken",
    "topCategoryId": "354",
    "businessDomain": "RETAIL_BE",
    "IsPrivateLabel": false,
    "IsBiffe": false,
    "WeightconversionFactor": "0",
    "IsWeightArticle": false,
    "IsBio": false,
    "CountryOfOrigin": "BELGIË",
    "IsExclusivelySoldInLuxembourg": false,
    "OrderUnit": "P",
    "ShortName": "YPRA BLOND 6% 4X33CL",
    "IsNew": false,
    "EcoscoreLabel": "D",
    "RecentQuanityOfStockUnits": "1",
    "LongName": "YPRA Blond 6% 4x33cl",
    "AlcoholVolume": "6",
    "FicCode": "E",
    "DepositValue": [
      0.4
    ],
    "EcoscoreValue": "37"
  },
  {
    "productId": "589661",
    "technicalArticleNumber": "4247564",
    "commercialArticleNumber": "20759",
    "name": "sap sinaasappel-mandarijn",
    "description": "*Vers fruitsap\n*Sinaasappel-\nmandarijn",
    "brand": "BONI",
    "seoBrand": "Boni Selection",
    "thumbNail": "https://static.colruytgroup.com/images/200x200/std.lang.all/92/60/asset-3349260.jpg",
    "fullImage": "https://static.colruytgroup.com/images/500x500/std.lang.all/92/60/asset-3349260.jpg",
    "squareImage": "https://static.colruytgroup.com/images/500x500sq/std.lang.all/92/60/asset-3349260.jpg",
    "content": "50cl",
    "walkRouteSequenceNumber": 5033,
    "price": {
      "basicPrice": 2.65,
      "recommendedQuantity": "1.0",
      "quantityPrice": 2.44,
      "quantityPriceQuantity": "6.0",
      "measurementUnitPrice": 5.3,
      "measurementUnitQuantityPrice": 4.88,
      "measurementUnit": "L",
      "isRedPrice": false,
      "pricePerUOM": 5.3,
      "activationDate": "14-03-2024",
      "isPromoActive": "N",
      "priceChangeCode": "H",
      "quantityPricePerUOM": 4.88,
      "quantityActivationDate": "14-03-2024",
      "quantityPriceChangeCode": "H"
    },
    "isAvailable": true,
    "isPriceAvailable": true,
    "inPromo": false,
    "gtin": [
      "05400141365870",
      "15400141365877"
    ],
    "topCategoryName": "Dranken",
    "topCategoryId": "354",
    "businessDomain": "RETAIL_BE",
    "IsPrivateLabel": true,
    "IsBiffe": false,
    "WeightconversionFactor": "0",
    "IsWeightArticle": false,
    "nutriscoreLabel": "C",
    "IsBio": false,
    "CountryOfOrigin": "NEDERLAND",
    "IsExclusivelySoldInLuxembourg": false,
    "OrderUnit": "P",
    "ShortName": "BONI SAP SIN-MANDAR50CL",
    "IsNew": false,
    "EcoscoreLabel": "C",
    "RecentQuanityOfStockUnits": "6,1",
    "LongName": "BONI sap sinaasappel-mandarijn 50cl",
    "FicCode": "I",
    "EcoscoreValue": "53"
  },
  {
    "productId": "329611",
    "technicalArticleNumber": "3814443",
    "commercialArticleNumber": "51224",
    "name": "Pads Extra Strong RFA",
    "description": "*Heel intense koffie\n*Intens, krachtig\n*Pads",
    "brand": "GRAINDOR",
    "seoBrand": "Graindor",
    "thumbNail": "https://static.colruytgroup.com/images/200x200/std.lang.all/94/73/asset-1619473.jpg",
    "fullImage": "https://static.colruytgroup.com/images/500x500/std.lang.all/94/73/asset-1619473.jpg",
    "squareImage": "https://static.colruytgroup.com/images/500x500sq/std.lang.all/94/73/asset-1619473.jpg",
    "content": "36st",
    "walkRouteSequenceNumber": 1157,
    "price": {
      "basicPrice": 4.99,
      "recommendedQuantity": "1.0",
      "measurementUnitPrice": 19.81,
      "measurementUnit": "K",
      "isRedPrice": false,
      "pricePerUOM": 19.81,
      "activationDate": "16-02-2024",
      "recordSource": "Offline",
      "isPromoActive": "N",
      "priceChangeCode": "E"
    },
    "isAvailable": true,
    "isPriceAvailable": true,
    "inPromo": false,
    "gtin": [
      "15400141034704",
      "05400141034707"
    ],
    "topCategoryName": "Dranken",
    "topCategoryId": "354",
    "businessDomain": "RETAIL_BE",
    "IsPrivateLabel": true,
    "IsBiffe": false,
    "WeightconversionFactor": "0",
    "IsWeightArticle": false,
    "nutriscoreLabel": "B",
    "IsBio": false,
    "CountryOfOrigin": "BELGIË",
    "IsExclusivelySoldInLuxembourg": false,
    "OrderUnit": "P",
    "ShortName": "RFA GRAI EXTR STRG 36P.",
    "IsNew": false,
    "EcoscoreLabel": "C",
    "RecentQuanityOfStockUnits": "1,10",
    "LongName": "GRAINDOR Pads Extra Strong RFA 36st",
    "AlcoholVolume": "0",
    "FicCode": "I",
    "EcoscoreValue": "55"
  },
  {
    "productId": "873283",
    "technicalArticleNumber": "4727756",
    "commercialArticleNumber": "26219",
    "name": "Koffie gemalen deca RFA",
    "description": "*Gemalen koffie\n*Deca",
    "brand": "BONI",
    "seoBrand": "Boni Selection",
    "thumbNail": "https://static.colruytgroup.com/images/200x200/std.lang.all/89/69/asset-3338969.jpg",
    "fullImage": "https://static.colruytgroup.com/images/500x500/std.lang.all/89/69/asset-3338969.jpg",
    "squareImage": "https://static.colruytgroup.com/images/500x500sq/std.lang.all/89/69/asset-3338969.jpg",
    "content": "500g",
    "walkRouteSequenceNumber": 1133,
    "price": {
      "basicPrice": 3.18,
      "recommendedQuantity": "1.0",
      "measurementUnitPrice": 6.36,
      "measurementUnit": "K",
      "isRedPrice": false,
      "pricePerUOM": 6.36,
      "activationDate": "29-02-2024",
      "recordSource": "Offline",
      "isPromoActive": "N",
      "priceChangeCode": "E"
    },
    "isAvailable": true,
    "isPriceAvailable": true,
    "inPromo": false,
    "gtin": [
      "05400141929089",
      "15400141929086"
    ],
    "topCategoryName": "Dranken",
    "topCategoryId": "354",
    "businessDomain": "RETAIL_BE",
    "IsPrivateLabel": true,
    "IsBiffe": false,
    "WeightconversionFactor": "0",
    "IsWeightArticle": false,
    "nutriscoreLabel": "B",
    "IsBio": false,
    "CountryOfOrigin": "BELGIË",
    "IsExclusivelySoldInLuxembourg": false,
    "OrderUnit": "P",
    "ShortName": "BONI GEMAL.DECA RFA500G",
    "IsNew": false,
    "EcoscoreLabel": "B",
    "RecentQuanityOfStockUnits": "1",
    "LongName": "BONI Koffie gemalen deca RFA 500g",
    "AlcoholVolume": "0",
    "FicCode": "I",
    "EcoscoreValue": "61"
  },
  {
    "productId": "219545",
    "technicalArticleNumber": "3482693",
    "commercialArticleNumber": "11694",
    "name": "Red Berries 4,5%vol",
    "description": "*Appelcider met\naroma van rode\nvruchten\n*4,5 % vol",
    "brand": "STRONGBOW",
    "seoBrand": "Strongbow",
    "thumbNail": "https://static.colruytgroup.com/images/200x200/std.lang.all/51/15/asset-2465115.jpg",
    "fullImage": "https://static.colruytgroup.com/images/500x500/std.lang.all/51/15/asset-2465115.jpg",
    "squareImage": "https://static.colruytgroup.com/images/500x500sq/std.lang.all/51/15/asset-2465115.jpg",
    "content": "4x33cl",
    "walkRouteSequenceNumber": 699,
    "price": {
      "basicPrice": 6.59,
      "recommendedQuantity": "1.0",
      "measurementUnitPrice": 5,
      "measurementUnit": "L",
      "isRedPrice": false,
      "pricePerUOM": 5,
      "activationDate": "15-03-2024",
      "recordSource": "Offline",
      "isPromoActive": "N",
      "priceChangeCode": "H"
    },
    "isAvailable": true,
    "isPriceAvailable": true,
    "inPromo": false,
    "gtin": [
      "05035766045427",
      "05035766044819",
      "05035766045410"
    ],
    "topCategoryName": "Dranken",
    "topCategoryId": "354",
    "businessDomain": "RETAIL_BE",
    "IsPrivateLabel": false,
    "IsBiffe": false,
    "WeightconversionFactor": "0",
    "IsWeightArticle": false,
    "IsBio": false,
    "CountryOfOrigin": "BELGIË",
    "IsExclusivelySoldInLuxembourg": false,
    "OrderUnit": "P",
    "ShortName": "STRO RED BERRIES 4X33CL",
    "IsNew": false,
    "EcoscoreLabel": "B",
    "RecentQuanityOfStockUnits": "1,6",
    "LongName": "STRONGBOW Red Berries 4,5%vol 4x33cl",
    "AlcoholVolume": "4.5",
    "FicCode": "E",
    "EcoscoreValue": "62"
  },
  {
    "productId": "352328",
    "technicalArticleNumber": "3864010",
    "commercialArticleNumber": "42255",
    "name": "Sinaas PET",
    "description": "*Sinaasappelsap\n*Uit sapconcentraat",
    "brand": "MINUTE MAID",
    "seoBrand": "Minute Maid",
    "thumbNail": "https://static.colruytgroup.com/images/200x200/nl_be/48/32/asset-1534832.jpg",
    "fullImage": "https://static.colruytgroup.com/images/500x500/nl_be/48/32/asset-1534832.jpg",
    "squareImage": "https://static.colruytgroup.com/images/500x500sq/nl_be/48/32/asset-1534832.jpg",
    "content": "33cl",
    "walkRouteSequenceNumber": 4853,
    "price": {
      "basicPrice": 1.28,
      "recommendedQuantity": "4.0",
      "quantityPrice": 1.23,
      "quantityPriceQuantity": "24.0",
      "measurementUnitPrice": 3.88,
      "measurementUnitQuantityPrice": 3.73,
      "measurementUnit": "L",
      "isRedPrice": false,
      "pricePerUOM": 3.88,
      "activationDate": "16-03-2024",
      "recordSource": "Offline",
      "isPromoActive": "N",
      "priceChangeCode": "L",
      "quantityPricePerUOM": 3.73,
      "quantityActivationDate": "16-03-2024",
      "quantityPriceChangeCode": "L"
    },
    "isAvailable": true,
    "isPriceAvailable": true,
    "inPromo": false,
    "gtin": [
      "05449000243577",
      "05449000243560",
      "00000054008304"
    ],
    "topCategoryName": "Dranken",
    "topCategoryId": "354",
    "businessDomain": "RETAIL_BE",
    "IsPrivateLabel": false,
    "IsBiffe": false,
    "WeightconversionFactor": "0",
    "IsWeightArticle": false,
    "nutriscoreLabel": "C",
    "IsBio": false,
    "CountryOfOrigin": "FRANKRIJK",
    "IsExclusivelySoldInLuxembourg": false,
    "OrderUnit": "P",
    "ShortName": "MIMA SINAAS PET 33CL",
    "IsNew": false,
    "EcoscoreLabel": "D",
    "RecentQuanityOfStockUnits": "1,4,24",
    "LongName": "MINUTE MAID Sinaas PET 33cl",
    "AlcoholVolume": "0",
    "FicCode": "E",
    "EcoscoreValue": "34"
  },
  {
    "productId": "604652",
    "technicalArticleNumber": "4273874",
    "commercialArticleNumber": "23052",
    "name": "Multivitamins PET",
    "description": "*Multivitaminesap\n*Puur sap\n*100% fruit\n*Zonder pulp",
    "brand": "TROPICANA",
    "seoBrand": "Tropicana",
    "thumbNail": "https://static.colruytgroup.com/images/200x200/std.lang.all/49/01/asset-3374901.jpg",
    "fullImage": "https://static.colruytgroup.com/images/500x500/std.lang.all/49/01/asset-3374901.jpg",
    "squareImage": "https://static.colruytgroup.com/images/500x500sq/std.lang.all/49/01/asset-3374901.jpg",
    "content": "90cl",
    "walkRouteSequenceNumber": 5039,
    "price": {
      "basicPrice": 4.59,
      "recommendedQuantity": "1.0",
      "measurementUnitPrice": 5.1,
      "measurementUnit": "L",
      "isRedPrice": false,
      "pricePerUOM": 5.1,
      "activationDate": "12-03-2024",
      "recordSource": "Offline",
      "isPromoActive": "N",
      "priceChangeCode": "H"
    },
    "isAvailable": true,
    "isPriceAvailable": true,
    "inPromo": false,
    "gtin": [
      "08710398516640",
      "08710398516633"
    ],
    "topCategoryName": "Dranken",
    "topCategoryId": "354",
    "businessDomain": "RETAIL_BE",
    "IsPrivateLabel": false,
    "IsBiffe": false,
    "WeightconversionFactor": "0",
    "IsWeightArticle": false,
    "nutriscoreLabel": "C",
    "IsBio": false,
    "CountryOfOrigin": "BELGIË",
    "IsExclusivelySoldInLuxembourg": false,
    "OrderUnit": "P",
    "ShortName": "TROP MULTIVITAM.PET90CL",
    "IsNew": false,
    "RecentQuanityOfStockUnits": "1",
    "LongName": "TROPICANA Multivitamins PET 90cl",
    "FicCode": "E"
  },
  {
    "productId": "855963",
    "technicalArticleNumber": "4705299",
    "commercialArticleNumber": "31372",
    "name": "Activate",
    "description": "*Bevat zoetstoffen",
    "brand": "CLEVERWATER",
    "seoBrand": "CLEVERWATER",
    "thumbNail": "https://static.colruytgroup.com/images/200x200/std.lang.all/30/95/asset-3133095.jpg",
    "fullImage": "https://static.colruytgroup.com/images/500x500/std.lang.all/30/95/asset-3133095.jpg",
    "squareImage": "https://static.colruytgroup.com/images/500x500sq/std.lang.all/30/95/asset-3133095.jpg",
    "content": "50cl",
    "walkRouteSequenceNumber": 4711,
    "price": {
      "basicPrice": 0.99,
      "recommendedQuantity": "1.0",
      "quantityPrice": 0.95,
      "quantityPriceQuantity": "12.0",
      "measurementUnitPrice": 1.98,
      "measurementUnitQuantityPrice": 1.9,
      "measurementUnit": "L",
      "isRedPrice": false,
      "pricePerUOM": 1.98,
      "activationDate": "31-05-2023",
      "isPromoActive": "N",
      "priceChangeCode": "E",
      "quantityPricePerUOM": 1.9,
      "quantityActivationDate": "31-05-2023",
      "quantityPriceChangeCode": "E"
    },
    "isAvailable": true,
    "isPriceAvailable": true,
    "inPromo": false,
    "gtin": [
      "05430002823003",
      "05430002823034"
    ],
    "topCategoryName": "Dranken",
    "topCategoryId": "354",
    "businessDomain": "RETAIL_BE",
    "IsPrivateLabel": false,
    "IsBiffe": false,
    "WeightconversionFactor": "0",
    "IsWeightArticle": false,
    "IsBio": false,
    "CountryOfOrigin": "BELGIË",
    "IsExclusivelySoldInLuxembourg": false,
    "OrderUnit": "P",
    "ShortName": "CLEV ACTIVATE LE-EL50CL",
    "IsNew": false,
    "RecentQuanityOfStockUnits": "1,12",
    "LongName": "CLEVERWATER Activate 50cl",
    "FicCode": "E"
  },
  {
    "productId": "39227",
    "technicalArticleNumber": "1789296",
    "commercialArticleNumber": "6952",
    "name": "bier blond 6%",
    "description": "*Speciaalbier\n*6 % vol\n*Nagisting op fles",
    "brand": "BRUGSE ZOT",
    "seoBrand": "Brugse Zot",
    "thumbNail": "https://static.colruytgroup.com/images/200x200/std.lang.all/50/17/asset-865017.jpg",
    "fullImage": "https://static.colruytgroup.com/images/500x500/std.lang.all/50/17/asset-865017.jpg",
    "squareImage": "https://static.colruytgroup.com/images/500x500sq/std.lang.all/50/17/asset-865017.jpg",
    "content": "6x33cl",
    "walkRouteSequenceNumber": 3742,
    "price": {
      "basicPrice": 8.23,
      "recommendedQuantity": "1.0",
      "measurementUnitPrice": 4.16,
      "measurementUnit": "L",
      "isRedPrice": false,
      "pricePerUOM": 4.16,
      "activationDate": "10-02-2024",
      "recordSource": "Offline",
      "isPromoActive": "N",
      "priceChangeCode": "H"
    },
    "isAvailable": true,
    "isPriceAvailable": true,
    "inPromo": false,
    "gtin": [
      "05425017240013",
      "05400141069525"
    ],
    "topCategoryName": "Dranken",
    "topCategoryId": "354",
    "businessDomain": "RETAIL_BE",
    "IsPrivateLabel": false,
    "IsBiffe": false,
    "WeightconversionFactor": "0",
    "IsWeightArticle": false,
    "IsBio": false,
    "CountryOfOrigin": "BELGIË",
    "IsExclusivelySoldInLuxembourg": false,
    "OrderUnit": "P",
    "ShortName": "BRUG ZOT BLOND 6X33C",
    "IsNew": false,
    "EcoscoreLabel": "B",
    "RecentQuanityOfStockUnits": "1",
    "LongName": "BRUGSE ZOT bier blond 6% 6x33cl",
    "AlcoholVolume": "6",
    "FicCode": "E",
    "DepositValue": [
      0.6
    ],
    "EcoscoreValue": "69"
  },
  {
    "productId": "853771",
    "technicalArticleNumber": "4702386",
    "commercialArticleNumber": "31204",
    "name": "Lemon tonic",
    "description": "*Bruisend\n*Smaak: citroen\n*Bevat kinine\n*Met suiker en\nzoetstoffen",
    "brand": "SCHWEPPES",
    "seoBrand": "Schweppes",
    "thumbNail": "https://static.colruytgroup.com/images/200x200/std.lang.all/94/94/asset-3169494.jpg",
    "fullImage": "https://static.colruytgroup.com/images/500x500/std.lang.all/94/94/asset-3169494.jpg",
    "squareImage": "https://static.colruytgroup.com/images/500x500sq/std.lang.all/94/94/asset-3169494.jpg",
    "content": "33cl",
    "walkRouteSequenceNumber": 4281,
    "price": {
      "basicPrice": 0.998,
      "recommendedQuantity": "1.0",
      "measurementUnitPrice": 3.03,
      "measurementUnit": "L",
      "isRedPrice": false,
      "pricePerUOM": 3.03,
      "activationDate": "21-03-2024",
      "recordSource": "Offline",
      "isPromoActive": "N",
      "priceChangeCode": "L"
    },
    "isAvailable": true,
    "isPriceAvailable": true,
    "inPromo": false,
    "gtin": [
      "08414100964032",
      "08414100364054",
      "08414100364030"
    ],
    "topCategoryName": "Dranken",
    "topCategoryId": "354",
    "businessDomain": "RETAIL_BE",
    "IsPrivateLabel": false,
    "IsBiffe": false,
    "WeightconversionFactor": "0",
    "IsWeightArticle": false,
    "nutriscoreLabel": "D",
    "IsBio": false,
    "CountryOfOrigin": "FRANKRIJK",
    "IsExclusivelySoldInLuxembourg": false,
    "OrderUnit": "P",
    "ShortName": "SCHW LEMON TONIC 33CL",
    "IsNew": false,
    "RecentQuanityOfStockUnits": "6,1,24",
    "LongName": "SCHWEPPES Lemon tonic 33cl",
    "AlcoholVolume": "0",
    "FicCode": "E"
  },
  {
    "productId": "367613",
    "technicalArticleNumber": "3791310",
    "commercialArticleNumber": "20761",
    "name": "Pina colada 14,5%",
    "description": "*Ready to serve\n*Pina colada\n*Basis voor cocktail\n*14,5 % vol",
    "brand": "MARIE GALANTE",
    "seoBrand": "Marie Galante",
    "thumbNail": "https://static.colruytgroup.com/images/200x200/std.lang.all/21/81/asset-1792181.jpg",
    "fullImage": "https://static.colruytgroup.com/images/500x500/std.lang.all/21/81/asset-1792181.jpg",
    "squareImage": "https://static.colruytgroup.com/images/500x500sq/std.lang.all/21/81/asset-1792181.jpg",
    "content": "70cl",
    "walkRouteSequenceNumber": 873,
    "price": {
      "basicPrice": 7.99,
      "recommendedQuantity": "1.0",
      "measurementUnitPrice": 11.42,
      "measurementUnit": "L",
      "isRedPrice": false,
      "pricePerUOM": 11.42,
      "activationDate": "17-02-2024",
      "recordSource": "Offline",
      "isPromoActive": "N",
      "priceChangeCode": "E"
    },
    "isAvailable": true,
    "isPriceAvailable": true,
    "inPromo": false,
    "gtin": [
      "05400141105483",
      "15400141105480"
    ],
    "topCategoryName": "Dranken",
    "topCategoryId": "354",
    "businessDomain": "RETAIL_BE",
    "IsPrivateLabel": true,
    "IsBiffe": false,
    "WeightconversionFactor": "0",
    "IsWeightArticle": false,
    "IsBio": false,
    "CountryOfOrigin": "BELGIË",
    "IsExclusivelySoldInLuxembourg": false,
    "OrderUnit": "P",
    "ShortName": "M.GAL PINA COL.14.5%70C",
    "IsNew": false,
    "EcoscoreLabel": "B",
    "RecentQuanityOfStockUnits": "1,6",
    "LongName": "MARIE GALANTE Pina colada 14,5% 70cl",
    "AlcoholVolume": "14.5",
    "FicCode": "I",
    "EcoscoreValue": "69"
  },
  {
    "productId": "918905",
    "technicalArticleNumber": "4761301",
    "commercialArticleNumber": "12663",
    "name": "Juice Drink Lychee",
    "description": "*Niet bruisende\nlimonade\n*Smaak: lychee",
    "brand": "MAAZA",
    "seoBrand": "Maaza",
    "thumbNail": "https://static.colruytgroup.com/images/200x200/std.lang.all/21/78/asset-3342178.jpg",
    "fullImage": "https://static.colruytgroup.com/images/500x500/std.lang.all/21/78/asset-3342178.jpg",
    "squareImage": "https://static.colruytgroup.com/images/500x500sq/std.lang.all/21/78/asset-3342178.jpg",
    "content": "1L",
    "walkRouteSequenceNumber": 4095,
    "price": {
      "basicPrice": 1.99,
      "recommendedQuantity": "1.0",
      "quantityPrice": 1.91,
      "quantityPriceQuantity": "6.0",
      "measurementUnitPrice": 1.99,
      "measurementUnitQuantityPrice": 1.91,
      "measurementUnit": "L",
      "isRedPrice": false,
      "pricePerUOM": 1.99,
      "activationDate": "10-10-2023",
      "isPromoActive": "N",
      "priceChangeCode": "E",
      "quantityPricePerUOM": 1.91,
      "quantityActivationDate": "10-10-2023",
      "quantityPriceChangeCode": "E"
    },
    "isAvailable": true,
    "isPriceAvailable": true,
    "inPromo": false,
    "gtin": [
      "08718226328434",
      "08718226323002"
    ],
    "topCategoryName": "Dranken",
    "topCategoryId": "354",
    "businessDomain": "RETAIL_BE",
    "IsPrivateLabel": false,
    "IsBiffe": false,
    "WeightconversionFactor": "0",
    "IsWeightArticle": false,
    "IsBio": false,
    "CountryOfOrigin": "NEDERLAND",
    "IsExclusivelySoldInLuxembourg": false,
    "OrderUnit": "P",
    "ShortName": "MAAZ LYCHEE 1L",
    "IsNew": false,
    "EcoscoreLabel": "E",
    "RecentQuanityOfStockUnits": "1,6",
    "LongName": "MAAZA Juice Drink Lychee 1L",
    "AlcoholVolume": "0",
    "FicCode": "E",
    "EcoscoreValue": "4"
  },
  {
    "productId": "87583",
    "technicalArticleNumber": "3022829",
    "commercialArticleNumber": "3944",
    "name": "amandeldrink choco",
    "description": "*België\n*Plantaardig",
    "brand": "ALPRO",
    "seoBrand": "Alpro",
    "thumbNail": "https://static.colruytgroup.com/images/200x200/std.lang.all/77/70/asset-3367770.jpg",
    "fullImage": "https://static.colruytgroup.com/images/500x500/std.lang.all/77/70/asset-3367770.jpg",
    "squareImage": "https://static.colruytgroup.com/images/500x500sq/std.lang.all/77/70/asset-3367770.jpg",
    "content": "1L",
    "walkRouteSequenceNumber": 6309,
    "price": {
      "basicPrice": 3.89,
      "recommendedQuantity": "4.0",
      "measurementUnitPrice": 3.89,
      "measurementUnit": "L",
      "isRedPrice": false,
      "pricePerUOM": 3.89,
      "activationDate": "19-03-2024",
      "recordSource": "Offline",
      "isPromoActive": "N",
      "priceChangeCode": "E"
    },
    "isAvailable": true,
    "isPriceAvailable": true,
    "inPromo": false,
    "gtin": [
      "35400141312820",
      "05411188114666",
      "05411188114673"
    ],
    "topCategoryName": "Zuivel",
    "topCategoryId": "65",
    "businessDomain": "RETAIL_BE",
    "IsPrivateLabel": false,
    "IsBiffe": false,
    "WeightconversionFactor": "0",
    "IsWeightArticle": false,
    "nutriscoreLabel": "B",
    "IsBio": false,
    "CountryOfOrigin": "VERENIGD KONINKRIJK",
    "IsExclusivelySoldInLuxembourg": false,
    "OrderUnit": "P",
    "ShortName": "ALPRO AMAND DARK CHOC1L",
    "IsNew": false,
    "EcoscoreLabel": "A",
    "RecentQuanityOfStockUnits": "4,1",
    "LongName": "ALPRO amandeldrink choco 1L",
    "AlcoholVolume": "0",
    "FicCode": "E",
    "EcoscoreValue": "84"
  },
  {
    "productId": "303710",
    "technicalArticleNumber": "3713070",
    "commercialArticleNumber": "19964",
    "name": "tropical (blik)",
    "description": "*Smaak:Multivruchten\n*Bruisend\n*Met suiker en\nzoetstoffen",
    "brand": "HAWAI",
    "seoBrand": "Hawai",
    "thumbNail": "https://static.colruytgroup.com/images/200x200/std.lang.all/69/03/asset-1246903.jpg",
    "fullImage": "https://static.colruytgroup.com/images/500x500/std.lang.all/69/03/asset-1246903.jpg",
    "squareImage": "https://static.colruytgroup.com/images/500x500sq/std.lang.all/69/03/asset-1246903.jpg",
    "content": "25cl",
    "walkRouteSequenceNumber": 4262,
    "price": {
      "basicPrice": 0.79,
      "recommendedQuantity": "1.0",
      "measurementUnitPrice": 3.16,
      "measurementUnit": "L",
      "isRedPrice": false,
      "pricePerUOM": 3.16,
      "activationDate": "16-03-2024",
      "recordSource": "Offline",
      "isPromoActive": "N",
      "priceChangeCode": "L"
    },
    "isAvailable": true,
    "isPriceAvailable": true,
    "inPromo": false,
    "gtin": [
      "05449000065957",
      "05449000025272"
    ],
    "topCategoryName": "Dranken",
    "topCategoryId": "354",
    "businessDomain": "RETAIL_BE",
    "IsPrivateLabel": false,
    "IsBiffe": false,
    "WeightconversionFactor": "0",
    "IsWeightArticle": false,
    "nutriscoreLabel": "E",
    "IsBio": false,
    "CountryOfOrigin": "BELGIË",
    "IsExclusivelySoldInLuxembourg": false,
    "OrderUnit": "P",
    "ShortName": "HAWA TROPICAL BLIK 25CL",
    "IsNew": false,
    "RecentQuanityOfStockUnits": "1,24",
    "LongName": "HAWAI tropical (blik) 25cl",
    "AlcoholVolume": "0",
    "FicCode": "E"
  },
  {
    "productId": "351978",
    "technicalArticleNumber": "3860790",
    "commercialArticleNumber": "42061",
    "name": "Zero siroop Mojito",
    "brand": "TEISSEIRE",
    "seoBrand": "Teisseire",
    "thumbNail": "https://static.colruytgroup.com/images/200x200/std.lang.all/17/37/asset-1481737.jpg",
    "fullImage": "https://static.colruytgroup.com/images/500x500/std.lang.all/17/37/asset-1481737.jpg",
    "squareImage": "https://static.colruytgroup.com/images/500x500sq/std.lang.all/17/37/asset-1481737.jpg",
    "content": "60cl",
    "walkRouteSequenceNumber": 4011,
    "price": {
      "basicPrice": 6.39,
      "recommendedQuantity": "1.0",
      "quantityPrice": 6.13,
      "quantityPriceQuantity": "6.0",
      "measurementUnitPrice": 10.65,
      "measurementUnitQuantityPrice": 10.22,
      "measurementUnit": "L",
      "isRedPrice": false,
      "pricePerUOM": 10.65,
      "activationDate": "07-03-2024",
      "recordSource": "Offline",
      "isPromoActive": "N",
      "priceChangeCode": "E",
      "quantityPricePerUOM": 10.22,
      "quantityActivationDate": "07-03-2024",
      "quantityPriceChangeCode": "H"
    },
    "isAvailable": true,
    "isPriceAvailable": true,
    "inPromo": false,
    "gtin": [
      "13092718625594",
      "03092718625580",
      "03092718607371",
      "03092718638207",
      "03092718639181"
    ],
    "topCategoryName": "Dranken",
    "topCategoryId": "354",
    "businessDomain": "RETAIL_BE",
    "IsPrivateLabel": false,
    "IsBiffe": false,
    "WeightconversionFactor": "0",
    "IsWeightArticle": false,
    "nutriscoreLabel": "D",
    "IsBio": false,
    "CountryOfOrigin": "FRANKRIJK",
    "IsExclusivelySoldInLuxembourg": false,
    "OrderUnit": "P",
    "ShortName": "TEIS ZERO MOJITO 60CL",
    "IsNew": false,
    "EcoscoreLabel": "B",
    "RecentQuanityOfStockUnits": "1",
    "LongName": "TEISSEIRE Zero siroop Mojito 60cl",
    "AlcoholVolume": "0",
    "FicCode": "E",
    "EcoscoreValue": "79"
  },
  {
    "productId": "681685",
    "technicalArticleNumber": "4401978",
    "commercialArticleNumber": "24678",
    "name": "Blue Spark",
    "brand": "INNOCENT",
    "seoBrand": "Innocent",
    "thumbNail": "https://static.colruytgroup.com/images/200x200/std.lang.all/88/62/asset-2368862.jpg",
    "fullImage": "https://static.colruytgroup.com/images/500x500/std.lang.all/88/62/asset-2368862.jpg",
    "squareImage": "https://static.colruytgroup.com/images/500x500sq/std.lang.all/88/62/asset-2368862.jpg",
    "content": "75cl",
    "walkRouteSequenceNumber": 5027,
    "price": {
      "basicPrice": 3.99,
      "recommendedQuantity": "1.0",
      "quantityPrice": 3.67,
      "quantityPriceQuantity": "6.0",
      "measurementUnitPrice": 5.32,
      "measurementUnitQuantityPrice": 4.9,
      "measurementUnit": "L",
      "isRedPrice": false,
      "pricePerUOM": 5.32,
      "activationDate": "22-01-2024",
      "recordSource": "Offline",
      "isPromoActive": "N",
      "priceChangeCode": "E",
      "quantityPricePerUOM": 4.9,
      "quantityActivationDate": "22-01-2024",
      "quantityPriceChangeCode": "H"
    },
    "isAvailable": true,
    "isPriceAvailable": true,
    "inPromo": false,
    "gtin": [
      "05038862137744",
      "05038862137799"
    ],
    "topCategoryName": "Dranken",
    "topCategoryId": "354",
    "businessDomain": "RETAIL_BE",
    "IsPrivateLabel": false,
    "IsBiffe": false,
    "WeightconversionFactor": "0",
    "IsWeightArticle": false,
    "nutriscoreLabel": "C",
    "IsBio": false,
    "CountryOfOrigin": "VERENIGD KONINKRIJK",
    "IsExclusivelySoldInLuxembourg": false,
    "OrderUnit": "P",
    "ShortName": "INNO BLUE SPARK 75CL",
    "IsNew": false,
    "EcoscoreLabel": "B",
    "RecentQuanityOfStockUnits": "1,6",
    "LongName": "INNOCENT Blue Spark 75cl",
    "FicCode": "E",
    "EcoscoreValue": "73"
  },
  {
    "productId": "47684",
    "technicalArticleNumber": "2485340",
    "commercialArticleNumber": "23217",
    "name": "caps Cappuccino",
    "description": "*Cappuccino\n*Dik schuimlaag\n*Volle melk\n*16 Capsules (8+8)",
    "brand": "NESCAFÉ DOLCE GUSTO",
    "seoBrand": "Nescafé Dolce Gusto",
    "thumbNail": "https://static.colruytgroup.com/images/200x200/std.lang.all/43/03/asset-374303.jpg",
    "fullImage": "https://static.colruytgroup.com/images/500x500/std.lang.all/43/03/asset-374303.jpg",
    "squareImage": "https://static.colruytgroup.com/images/500x500sq/std.lang.all/43/03/asset-374303.jpg",
    "content": "16st",
    "walkRouteSequenceNumber": 1120,
    "price": {
      "basicPrice": 4.99,
      "recommendedQuantity": "1.0",
      "quantityPrice": 3.32,
      "quantityPriceQuantity": "2.0",
      "measurementUnitPrice": 26.83,
      "measurementUnitQuantityPrice": 17.85,
      "measurementUnit": "K",
      "isRedPrice": false,
      "pricePerUOM": 26.83,
      "activationDate": "19-03-2024",
      "recordSource": "Folder",
      "isPromoActive": "N",
      "priceChangeCode": "L",
      "quantityPricePerUOM": 17.85,
      "quantityActivationDate": "19-03-2024",
      "quantityPriceChangeCode": "L"
    },
    "isAvailable": true,
    "isPriceAvailable": true,
    "inPromo": false,
    "gtin": [
      "07613036306461",
      "07613036306294",
      "07613031254095",
      "05011546498492"
    ],
    "topCategoryName": "Dranken",
    "topCategoryId": "354",
    "businessDomain": "RETAIL_BE",
    "IsPrivateLabel": false,
    "IsBiffe": false,
    "WeightconversionFactor": "0",
    "IsWeightArticle": false,
    "nutriscoreLabel": "D",
    "IsBio": false,
    "CountryOfOrigin": "VERENIGD KONINKRIJK",
    "IsExclusivelySoldInLuxembourg": false,
    "OrderUnit": "P",
    "ShortName": "NESC DG CAPPUCINO 16CUP",
    "InSeason": true,
    "IsNew": false,
    "RecentQuanityOfStockUnits": "1,6",
    "LongName": "NESCAFÉ DOLCE GUSTO caps Cappuccino 16st",
    "AlcoholVolume": "0",
    "StartSeasonDate": "19/12/2023",
    "FicCode": "E"
  },
  {
    "productId": "42011",
    "technicalArticleNumber": "2515709",
    "commercialArticleNumber": "14492",
    "name": "fruitsap citroen PET",
    "description": "*Citroensap\n*30 % vruchten\n*Zonder pulp",
    "brand": "MATERNE",
    "seoBrand": "Materne",
    "thumbNail": "https://static.colruytgroup.com/images/200x200/std.lang.all/52/48/asset-3425248.jpg",
    "fullImage": "https://static.colruytgroup.com/images/500x500/std.lang.all/52/48/asset-3425248.jpg",
    "squareImage": "https://static.colruytgroup.com/images/500x500sq/std.lang.all/52/48/asset-3425248.jpg",
    "content": "1L",
    "walkRouteSequenceNumber": 5017,
    "price": {
      "basicPrice": 4.69,
      "recommendedQuantity": "1.0",
      "quantityPrice": 3.12,
      "quantityPriceQuantity": "2.0",
      "measurementUnitPrice": 4.69,
      "measurementUnitQuantityPrice": 3.12,
      "measurementUnit": "L",
      "isRedPrice": false,
      "pricePerUOM": 4.69,
      "activationDate": "23-03-2024",
      "recordSource": "Offline",
      "isPromoActive": "N",
      "priceChangeCode": "E",
      "quantityPricePerUOM": 3.12,
      "quantityActivationDate": "23-03-2024",
      "quantityPriceChangeCode": "E"
    },
    "isAvailable": true,
    "isPriceAvailable": true,
    "inPromo": false,
    "gtin": [
      "05410046190804",
      "05410046016043"
    ],
    "topCategoryName": "Dranken",
    "topCategoryId": "354",
    "businessDomain": "RETAIL_BE",
    "IsPrivateLabel": false,
    "IsBiffe": false,
    "WeightconversionFactor": "0",
    "IsWeightArticle": false,
    "nutriscoreLabel": "C",
    "IsBio": false,
    "CountryOfOrigin": "BELGIË",
    "IsExclusivelySoldInLuxembourg": false,
    "OrderUnit": "P",
    "ShortName": "MATERNE CITR VERS 1L",
    "IsNew": false,
    "RecentQuanityOfStockUnits": "1,6",
    "LongName": "MATERNE fruitsap citroen PET 1L",
    "AlcoholVolume": "0",
    "FicCode": "E"
  },
  {
    "productId": "660383",
    "technicalArticleNumber": "4364698",
    "commercialArticleNumber": "24114",
    "name": "0,0% bruin",
    "description": "*Abdijbier\n*0 % vol",
    "brand": "LEFFE",
    "seoBrand": "Leffe",
    "thumbNail": "https://static.colruytgroup.com/images/200x200/std.lang.all/16/67/asset-2481667.jpg",
    "fullImage": "https://static.colruytgroup.com/images/500x500/std.lang.all/16/67/asset-2481667.jpg",
    "squareImage": "https://static.colruytgroup.com/images/500x500sq/std.lang.all/16/67/asset-2481667.jpg",
    "content": "6x33cl",
    "walkRouteSequenceNumber": 3855,
    "price": {
      "basicPrice": 6.54,
      "recommendedQuantity": "1.0",
      "measurementUnitPrice": 3.31,
      "measurementUnit": "L",
      "isRedPrice": false,
      "pricePerUOM": 3.31,
      "activationDate": "06-03-2024",
      "recordSource": "Offline",
      "isPromoActive": "N",
      "priceChangeCode": "H"
    },
    "isAvailable": true,
    "isPriceAvailable": true,
    "inPromo": false,
    "gtin": [
      "05410228275367",
      "05410228275398"
    ],
    "topCategoryName": "Dranken",
    "topCategoryId": "354",
    "businessDomain": "RETAIL_BE",
    "IsPrivateLabel": false,
    "IsBiffe": false,
    "WeightconversionFactor": "0",
    "IsWeightArticle": false,
    "IsBio": false,
    "CountryOfOrigin": "BELGIË",
    "IsExclusivelySoldInLuxembourg": false,
    "OrderUnit": "P",
    "ShortName": "LEFF 0% BRUIN 6X33CL",
    "IsNew": false,
    "RecentQuanityOfStockUnits": "1",
    "LongName": "LEFFE 0,0% bruin 6x33cl",
    "AlcoholVolume": "0",
    "FicCode": "E",
    "DepositValue": [
      0.6
    ]
  },
  {
    "productId": "1382",
    "technicalArticleNumber": "19004",
    "commercialArticleNumber": "19004",
    "name": "Moscatel Valencia 15%",
    "description": "*Likeurwijn\n*Aperitief\n*15,0 % vol",
    "brand": "MARIE GALANTE",
    "seoBrand": "Marie Galante",
    "thumbNail": "https://static.colruytgroup.com/images/200x200/std.lang.all/90/08/asset-1479008.jpg",
    "fullImage": "https://static.colruytgroup.com/images/500x500/std.lang.all/90/08/asset-1479008.jpg",
    "squareImage": "https://static.colruytgroup.com/images/500x500sq/std.lang.all/90/08/asset-1479008.jpg",
    "content": "75cl",
    "walkRouteSequenceNumber": 672,
    "price": {
      "basicPrice": 4.95,
      "recommendedQuantity": "1.0",
      "measurementUnitPrice": 6.6,
      "measurementUnit": "L",
      "isRedPrice": false,
      "pricePerUOM": 6.6,
      "activationDate": "01-03-2024",
      "recordSource": "Offline",
      "isPromoActive": "N",
      "priceChangeCode": "E"
    },
    "isAvailable": true,
    "isPriceAvailable": true,
    "inPromo": false,
    "gtin": [
      "05400141203288",
      "15400141388005",
      "15400141203285"
    ],
    "topCategoryName": "Dranken",
    "topCategoryId": "354",
    "businessDomain": "RETAIL_BE",
    "IsPrivateLabel": true,
    "IsBiffe": false,
    "WeightconversionFactor": "0",
    "IsWeightArticle": false,
    "IsBio": false,
    "CountryOfOrigin": "BELGIË",
    "IsExclusivelySoldInLuxembourg": false,
    "OrderUnit": "P",
    "ShortName": "MUSCAT DE VALENCE 75CL",
    "IsNew": false,
    "EcoscoreLabel": "B",
    "RecentQuanityOfStockUnits": "6,1",
    "LongName": "MARIE GALANTE Moscatel Valencia 15% 75cl",
    "AlcoholVolume": "15",
    "FicCode": "I",
    "EcoscoreValue": "62"
  },
  {
    "productId": "28906",
    "technicalArticleNumber": "1919937",
    "commercialArticleNumber": "5354",
    "name": "extra Pilsner 5,2%",
    "description": "*Luxepils\n*5,2 % vol",
    "brand": "VEDETT",
    "seoBrand": "Vedett",
    "thumbNail": "https://static.colruytgroup.com/images/200x200/std.lang.all/35/98/asset-3443598.jpg",
    "fullImage": "https://static.colruytgroup.com/images/500x500/std.lang.all/35/98/asset-3443598.jpg",
    "squareImage": "https://static.colruytgroup.com/images/500x500sq/std.lang.all/35/98/asset-3443598.jpg",
    "content": "6x33cl",
    "walkRouteSequenceNumber": 3814,
    "price": {
      "basicPrice": 7.14,
      "recommendedQuantity": "1.0",
      "measurementUnitPrice": 3.61,
      "measurementUnit": "L",
      "isRedPrice": false,
      "pricePerUOM": 3.61,
      "activationDate": "14-11-2023",
      "recordSource": "Offline",
      "isPromoActive": "N",
      "priceChangeCode": "E"
    },
    "isAvailable": true,
    "isPriceAvailable": true,
    "inPromo": false,
    "gtin": [
      "05400141053548",
      "00000025053548"
    ],
    "topCategoryName": "Dranken",
    "topCategoryId": "354",
    "businessDomain": "RETAIL_BE",
    "IsPrivateLabel": false,
    "IsBiffe": false,
    "WeightconversionFactor": "0",
    "IsWeightArticle": false,
    "IsBio": false,
    "CountryOfOrigin": "BELGIË",
    "IsExclusivelySoldInLuxembourg": false,
    "OrderUnit": "P",
    "ShortName": "VEDETT 6X33CL",
    "IsNew": false,
    "EcoscoreLabel": "D",
    "RecentQuanityOfStockUnits": "1",
    "LongName": "VEDETT extra Pilsner 5,2% 6x33cl",
    "AlcoholVolume": "5.2",
    "FicCode": "I",
    "DepositValue": [
      0.6
    ],
    "EcoscoreValue": "37"
  },
  {
    "productId": "551834",
    "technicalArticleNumber": "4183436",
    "commercialArticleNumber": "6766",
    "name": "Apple, Kiwi & Cucumber",
    "brand": "INNOCENT",
    "seoBrand": "Innocent",
    "thumbNail": "https://static.colruytgroup.com/images/200x200/std.lang.all/55/43/asset-1935543.jpg",
    "fullImage": "https://static.colruytgroup.com/images/500x500/std.lang.all/55/43/asset-1935543.jpg",
    "squareImage": "https://static.colruytgroup.com/images/500x500sq/std.lang.all/55/43/asset-1935543.jpg",
    "content": "90cl",
    "walkRouteSequenceNumber": 5047,
    "price": {
      "basicPrice": 3.19,
      "recommendedQuantity": "1.0",
      "quantityPrice": 2.39,
      "quantityPriceQuantity": "2.0",
      "measurementUnitPrice": 3.55,
      "measurementUnitQuantityPrice": 2.66,
      "measurementUnit": "L",
      "isRedPrice": false,
      "pricePerUOM": 3.55,
      "activationDate": "13-03-2024",
      "recordSource": "Offline",
      "isPromoActive": "N",
      "priceChangeCode": "E",
      "quantityPricePerUOM": 2.66,
      "quantityActivationDate": "13-03-2024",
      "quantityPriceChangeCode": "L"
    },
    "isAvailable": true,
    "isPriceAvailable": true,
    "inPromo": false,
    "gtin": [
      "05038862138352",
      "05038862138895"
    ],
    "topCategoryName": "Dranken",
    "topCategoryId": "354",
    "businessDomain": "RETAIL_BE",
    "IsPrivateLabel": false,
    "IsBiffe": false,
    "WeightconversionFactor": "0",
    "IsWeightArticle": false,
    "nutriscoreLabel": "C",
    "IsBio": false,
    "CountryOfOrigin": "VERENIGD KONINKRIJK",
    "IsExclusivelySoldInLuxembourg": false,
    "OrderUnit": "P",
    "ShortName": "INNO APPLE-KIWI-CUC90CL",
    "IsNew": false,
    "EcoscoreLabel": "C",
    "RecentQuanityOfStockUnits": "1",
    "LongName": "INNOCENT Apple, Kiwi & Cucumber 90cl",
    "FicCode": "E",
    "EcoscoreValue": "59"
  },
  {
    "productId": "795497",
    "technicalArticleNumber": "4604836",
    "commercialArticleNumber": "21558",
    "name": "sap appel-peer-rood fruit",
    "description": "*Vers fruitsap\n*Appel-peer-\nrood fruit",
    "brand": "BONI",
    "seoBrand": "Boni Selection",
    "thumbNail": "https://static.colruytgroup.com/images/200x200/std.lang.all/83/82/asset-3188382.jpg",
    "fullImage": "https://static.colruytgroup.com/images/500x500/std.lang.all/83/82/asset-3188382.jpg",
    "squareImage": "https://static.colruytgroup.com/images/500x500sq/std.lang.all/83/82/asset-3188382.jpg",
    "content": "50cl",
    "walkRouteSequenceNumber": 5034,
    "price": {
      "basicPrice": 2.99,
      "recommendedQuantity": "1.0",
      "quantityPrice": 2.75,
      "quantityPriceQuantity": "6.0",
      "measurementUnitPrice": 5.98,
      "measurementUnitQuantityPrice": 5.5,
      "measurementUnit": "L",
      "isRedPrice": false,
      "pricePerUOM": 5.98,
      "activationDate": "14-03-2024",
      "isPromoActive": "N",
      "priceChangeCode": "H",
      "quantityPricePerUOM": 5.5,
      "quantityActivationDate": "14-03-2024",
      "quantityPriceChangeCode": "H"
    },
    "isAvailable": true,
    "isPriceAvailable": true,
    "inPromo": false,
    "gtin": [
      "05400141989199",
      "15400141989196"
    ],
    "topCategoryName": "Dranken",
    "topCategoryId": "354",
    "businessDomain": "RETAIL_BE",
    "IsPrivateLabel": true,
    "IsBiffe": false,
    "WeightconversionFactor": "0",
    "IsWeightArticle": false,
    "nutriscoreLabel": "C",
    "IsBio": false,
    "CountryOfOrigin": "NEDERLAND",
    "IsExclusivelySoldInLuxembourg": false,
    "OrderUnit": "P",
    "ShortName": "BONI SAP AP-PEE-R.FR50C",
    "IsNew": false,
    "EcoscoreLabel": "C",
    "RecentQuanityOfStockUnits": "1",
    "LongName": "BONI sap appel-peer-rood fruit 50cl",
    "FicCode": "I",
    "EcoscoreValue": "52"
  },
  {
    "productId": "770602",
    "technicalArticleNumber": "4557817",
    "commercialArticleNumber": "26953",
    "name": "halfvolle geitenmelk",
    "description": "*Geitenmelk\n*Halfvol",
    "brand": "LACTEL",
    "seoBrand": "Lactel",
    "thumbNail": "https://static.colruytgroup.com/images/200x200/std.lang.all/30/91/asset-3193091.jpg",
    "fullImage": "https://static.colruytgroup.com/images/500x500/std.lang.all/30/91/asset-3193091.jpg",
    "squareImage": "https://static.colruytgroup.com/images/500x500sq/std.lang.all/30/91/asset-3193091.jpg",
    "content": "50cl",
    "walkRouteSequenceNumber": 6269,
    "price": {
      "basicPrice": 2.28,
      "recommendedQuantity": "1.0",
      "measurementUnitPrice": 4.56,
      "measurementUnit": "L",
      "isRedPrice": false,
      "pricePerUOM": 4.56,
      "activationDate": "17-02-2024",
      "recordSource": "Offline",
      "isPromoActive": "N",
      "priceChangeCode": "E"
    },
    "isAvailable": true,
    "isPriceAvailable": true,
    "inPromo": false,
    "gtin": [
      "03428273140051",
      "03428273140068"
    ],
    "topCategoryName": "Zuivel",
    "topCategoryId": "65",
    "businessDomain": "RETAIL_BE",
    "IsPrivateLabel": false,
    "IsBiffe": false,
    "WeightconversionFactor": "0",
    "IsWeightArticle": false,
    "nutriscoreLabel": "B",
    "IsBio": false,
    "CountryOfOrigin": "FRANKRIJK",
    "IsExclusivelySoldInLuxembourg": false,
    "OrderUnit": "P",
    "ShortName": "LACT GEITENMELK HV 50CL",
    "IsNew": false,
    "EcoscoreLabel": "E",
    "RecentQuanityOfStockUnits": "6,1",
    "LongName": "LACTEL halfvolle geitenmelk 50cl",
    "FicCode": "E",
    "EcoscoreValue": "19"
  },
  {
    "productId": "341130",
    "technicalArticleNumber": "3741182",
    "commercialArticleNumber": "15952",
    "name": "Cream liqueur 17%",
    "description": "*Likeur\n*Digestief\n*17,0 % vol",
    "brand": "MARIE GALANTE",
    "seoBrand": "Marie Galante",
    "thumbNail": "https://static.colruytgroup.com/images/200x200/std.lang.all/92/81/asset-1549281.jpg",
    "fullImage": "https://static.colruytgroup.com/images/500x500/std.lang.all/92/81/asset-1549281.jpg",
    "squareImage": "https://static.colruytgroup.com/images/500x500sq/std.lang.all/92/81/asset-1549281.jpg",
    "content": "70cl",
    "walkRouteSequenceNumber": 936,
    "price": {
      "basicPrice": 7.99,
      "recommendedQuantity": "1.0",
      "measurementUnitPrice": 11.42,
      "measurementUnit": "L",
      "isRedPrice": false,
      "pricePerUOM": 11.42,
      "activationDate": "29-01-2024",
      "recordSource": "Offline",
      "isPromoActive": "N",
      "priceChangeCode": "E"
    },
    "isAvailable": true,
    "isPriceAvailable": true,
    "inPromo": false,
    "gtin": [
      "05400141101577",
      "15400141101574"
    ],
    "topCategoryName": "Dranken",
    "topCategoryId": "354",
    "businessDomain": "RETAIL_BE",
    "IsPrivateLabel": true,
    "IsBiffe": false,
    "WeightconversionFactor": "0",
    "IsWeightArticle": false,
    "IsBio": false,
    "CountryOfOrigin": "NEDERLAND",
    "IsExclusivelySoldInLuxembourg": false,
    "OrderUnit": "P",
    "ShortName": "MGAL CREAM LIQ.17% 70CL",
    "IsNew": false,
    "EcoscoreLabel": "C",
    "RecentQuanityOfStockUnits": "1,6",
    "LongName": "MARIE GALANTE Cream liqueur 17% 70cl",
    "AlcoholVolume": "17",
    "FicCode": "I",
    "EcoscoreValue": "50"
  },
  {
    "productId": "690515",
    "technicalArticleNumber": "4417018",
    "commercialArticleNumber": "19149",
    "name": "pils 5,0%",
    "description": "*Pilsbier\n*5,0 % vol",
    "brand": "CRISTAL ALKEN",
    "seoBrand": "Cristal Alken",
    "thumbNail": "https://static.colruytgroup.com/images/200x200/std.lang.all/81/87/asset-3178187.jpg",
    "fullImage": "https://static.colruytgroup.com/images/500x500/std.lang.all/81/87/asset-3178187.jpg",
    "squareImage": "https://static.colruytgroup.com/images/500x500sq/std.lang.all/81/87/asset-3178187.jpg",
    "content": "6x25cl",
    "walkRouteSequenceNumber": 3828,
    "price": {
      "basicPrice": 4.25,
      "recommendedQuantity": "1.0",
      "measurementUnitPrice": 2.84,
      "measurementUnit": "L",
      "isRedPrice": false,
      "pricePerUOM": 2.84,
      "activationDate": "13-03-2024",
      "isPromoActive": "Y",
      "priceChangeCode": "L"
    },
    "isAvailable": true,
    "isPriceAvailable": true,
    "inPromo": true,
    "promotion": [
      {
        "techPromoId": "100964COLR",
        "promotionId": "100964",
        "promotionType": "3",
        "isPersonalized": "N",
        "publicationStartDate": "13-03-2024",
        "publicationEndDate": "26-03-2024"
      }
    ],
    "gtin": [
      "05410263925265",
      "05410263925258"
    ],
    "topCategoryName": "Dranken",
    "topCategoryId": "354",
    "businessDomain": "RETAIL_BE",
    "IsPrivateLabel": false,
    "IsBiffe": false,
    "WeightconversionFactor": "0",
    "IsWeightArticle": false,
    "IsBio": false,
    "CountryOfOrigin": "BELGIË",
    "IsExclusivelySoldInLuxembourg": false,
    "OrderUnit": "P",
    "ShortName": "CRIS PILS BASKET 6X25CL",
    "InSeason": true,
    "IsNew": false,
    "EcoscoreLabel": "B",
    "RecentQuanityOfStockUnits": "1,4",
    "LongName": "CRISTAL ALKEN pils 5,0% 6x25cl",
    "AlcoholVolume": "5",
    "StartSeasonDate": "29/12/2022",
    "FicCode": "E",
    "DepositValue": [
      0.6
    ],
    "EcoscoreValue": "70"
  },
  {
    "productId": "86086",
    "technicalArticleNumber": "2931812",
    "commercialArticleNumber": "38648",
    "name": "caps Chococino",
    "description": "*Warme Chocolade\n*Royale textuur\n*Intense choco smaak\n*16 Capsules",
    "brand": "NESCAFÉ DOLCE GUSTO",
    "seoBrand": "Nescafé Dolce Gusto",
    "thumbNail": "https://static.colruytgroup.com/images/200x200/std.lang.all/50/02/asset-375002.jpg",
    "fullImage": "https://static.colruytgroup.com/images/500x500/std.lang.all/50/02/asset-375002.jpg",
    "squareImage": "https://static.colruytgroup.com/images/500x500sq/std.lang.all/50/02/asset-375002.jpg",
    "content": "16st",
    "walkRouteSequenceNumber": 1115,
    "price": {
      "basicPrice": 5.79,
      "recommendedQuantity": "1.0",
      "quantityPrice": 4.34,
      "quantityPriceQuantity": "2.0",
      "measurementUnitPrice": 22.62,
      "measurementUnitQuantityPrice": 16.96,
      "measurementUnit": "K",
      "isRedPrice": false,
      "pricePerUOM": 22.62,
      "activationDate": "21-03-2024",
      "recordSource": "Offline",
      "isPromoActive": "N",
      "priceChangeCode": "E",
      "quantityPricePerUOM": 16.96,
      "quantityActivationDate": "21-03-2024",
      "quantityPriceChangeCode": "H"
    },
    "isAvailable": true,
    "isPriceAvailable": true,
    "inPromo": false,
    "gtin": [
      "07613031252671",
      "07613031252688",
      "07613035690660",
      "07613035690677"
    ],
    "topCategoryName": "Dranken",
    "topCategoryId": "354",
    "businessDomain": "RETAIL_BE",
    "IsPrivateLabel": false,
    "IsBiffe": false,
    "WeightconversionFactor": "0",
    "IsWeightArticle": false,
    "nutriscoreLabel": "E",
    "IsBio": false,
    "CountryOfOrigin": "VERENIGD KONINKRIJK",
    "IsExclusivelySoldInLuxembourg": false,
    "OrderUnit": "P",
    "ShortName": "DG CHOCOCINO 16 CUPS",
    "IsNew": false,
    "RecentQuanityOfStockUnits": "3,1",
    "LongName": "NESCAFÉ DOLCE GUSTO caps Chococino 16st",
    "AlcoholVolume": "0",
    "FicCode": "E"
  },
  {
    "productId": "861229",
    "technicalArticleNumber": "4712343",
    "commercialArticleNumber": "21483",
    "name": "caps Grande RFA",
    "brand": "BONI",
    "seoBrand": "Boni Selection",
    "thumbNail": "https://static.colruytgroup.com/images/200x200/std.lang.all/71/59/asset-3247159.jpg",
    "fullImage": "https://static.colruytgroup.com/images/500x500/std.lang.all/71/59/asset-3247159.jpg",
    "squareImage": "https://static.colruytgroup.com/images/500x500sq/std.lang.all/71/59/asset-3247159.jpg",
    "content": "16st",
    "walkRouteSequenceNumber": 1108,
    "price": {
      "basicPrice": 3.55,
      "recommendedQuantity": "1.0",
      "measurementUnitPrice": 27.74,
      "measurementUnit": "K",
      "isRedPrice": false,
      "pricePerUOM": 27.74,
      "activationDate": "14-03-2024",
      "isPromoActive": "N",
      "priceChangeCode": "H"
    },
    "isAvailable": true,
    "isPriceAvailable": true,
    "inPromo": false,
    "gtin": [
      "15400141506089",
      "05400141506082"
    ],
    "topCategoryName": "Dranken",
    "topCategoryId": "354",
    "businessDomain": "RETAIL_BE",
    "IsPrivateLabel": true,
    "IsBiffe": false,
    "WeightconversionFactor": "0",
    "IsWeightArticle": false,
    "nutriscoreLabel": "B",
    "IsBio": false,
    "CountryOfOrigin": "BELGIË",
    "IsExclusivelySoldInLuxembourg": false,
    "OrderUnit": "P",
    "ShortName": "BONI GRANDE 16CAPS",
    "IsNew": false,
    "EcoscoreLabel": "C",
    "RecentQuanityOfStockUnits": "1,6",
    "LongName": "BONI caps Grande RFA 16st",
    "AlcoholVolume": "0",
    "FicCode": "I",
    "EcoscoreValue": "50"
  },
  {
    "productId": "586571",
    "technicalArticleNumber": "4242922",
    "commercialArticleNumber": "19769",
    "name": "Pro Energy",
    "description": "*Sportdrank",
    "brand": "AA DRINK",
    "seoBrand": "AA DRINK",
    "thumbNail": "https://static.colruytgroup.com/images/200x200/std.lang.all/46/53/asset-2384653.jpg",
    "fullImage": "https://static.colruytgroup.com/images/500x500/std.lang.all/46/53/asset-2384653.jpg",
    "squareImage": "https://static.colruytgroup.com/images/500x500sq/std.lang.all/46/53/asset-2384653.jpg",
    "content": "50cl",
    "walkRouteSequenceNumber": 4722,
    "price": {
      "basicPrice": 1.39,
      "recommendedQuantity": "6.0",
      "quantityPrice": 1.28,
      "quantityPriceQuantity": "24.0",
      "measurementUnitPrice": 2.78,
      "measurementUnitQuantityPrice": 2.56,
      "measurementUnit": "L",
      "isRedPrice": false,
      "pricePerUOM": 2.78,
      "activationDate": "12-12-2023",
      "recordSource": "Offline",
      "isPromoActive": "N",
      "priceChangeCode": "E",
      "quantityPricePerUOM": 2.56,
      "quantityActivationDate": "12-12-2023",
      "quantityPriceChangeCode": "H"
    },
    "isAvailable": true,
    "isPriceAvailable": true,
    "inPromo": false,
    "gtin": [
      "08722200961197",
      "00000087222241",
      "08722200951853"
    ],
    "topCategoryName": "Dranken",
    "topCategoryId": "354",
    "businessDomain": "RETAIL_BE",
    "IsPrivateLabel": false,
    "IsBiffe": false,
    "WeightconversionFactor": "0",
    "IsWeightArticle": false,
    "nutriscoreLabel": "E",
    "IsBio": false,
    "CountryOfOrigin": "NEDERLAND",
    "IsExclusivelySoldInLuxembourg": false,
    "OrderUnit": "P",
    "ShortName": "AADR PRO ENERGY 50CL",
    "InSeason": true,
    "IsNew": false,
    "RecentQuanityOfStockUnits": "6,1",
    "LongName": "AA DRINK Pro Energy 50cl",
    "StartSeasonDate": "08/01/2021",
    "FicCode": "E"
  },
  {
    "productId": "699282",
    "technicalArticleNumber": "4430955",
    "commercialArticleNumber": "12025",
    "name": "Blond 8,5% blik",
    "description": "*Sterk blond bier\n*8,5 % vol",
    "brand": "VICTORIA",
    "seoBrand": "Victoria",
    "thumbNail": "https://static.colruytgroup.com/images/200x200/std.lang.all/51/07/asset-2455107.jpg",
    "fullImage": "https://static.colruytgroup.com/images/500x500/std.lang.all/51/07/asset-2455107.jpg",
    "squareImage": "https://static.colruytgroup.com/images/500x500sq/std.lang.all/51/07/asset-2455107.jpg",
    "content": "33cl",
    "walkRouteSequenceNumber": 3729,
    "price": {
      "basicPrice": 1.65,
      "recommendedQuantity": "4.0",
      "measurementUnitPrice": 5,
      "measurementUnit": "L",
      "isRedPrice": false,
      "pricePerUOM": 5,
      "activationDate": "22-03-2024",
      "isPromoActive": "Y",
      "priceChangeCode": "H"
    },
    "isAvailable": true,
    "isPriceAvailable": true,
    "inPromo": true,
    "promotion": [
      {
        "techPromoId": "100918COLR",
        "promotionId": "100918",
        "promotionType": "3",
        "isPersonalized": "N",
        "publicationStartDate": "13-03-2024",
        "publicationEndDate": "26-03-2024"
      }
    ],
    "gtin": [
      "05410228283331",
      "05410228282891",
      "05410228282921"
    ],
    "topCategoryName": "Dranken",
    "topCategoryId": "354",
    "businessDomain": "RETAIL_BE",
    "IsPrivateLabel": false,
    "IsBiffe": false,
    "WeightconversionFactor": "0",
    "IsWeightArticle": false,
    "IsBio": false,
    "CountryOfOrigin": "BELGIË",
    "IsExclusivelySoldInLuxembourg": false,
    "OrderUnit": "P",
    "ShortName": "VICT BLOND 8.5%BLIK33CL",
    "IsNew": false,
    "RecentQuanityOfStockUnits": "4,1,24",
    "LongName": "VICTORIA Blond 8,5% blik 33cl",
    "AlcoholVolume": "8.5",
    "FicCode": "E"
  },
  {
    "productId": "848525",
    "technicalArticleNumber": "4695710",
    "commercialArticleNumber": "27652",
    "name": "siroop gember-citroen",
    "description": "*Vruchtensiroop",
    "brand": "BATTELIEK",
    "seoBrand": "Batteliek",
    "thumbNail": "https://static.colruytgroup.com/images/200x200/std.lang.all/79/97/asset-3017997.jpg",
    "fullImage": "https://static.colruytgroup.com/images/500x500/std.lang.all/79/97/asset-3017997.jpg",
    "squareImage": "https://static.colruytgroup.com/images/500x500sq/std.lang.all/79/97/asset-3017997.jpg",
    "content": "70cl",
    "walkRouteSequenceNumber": 599,
    "price": {
      "basicPrice": 14.29,
      "recommendedQuantity": "1.0",
      "measurementUnitPrice": 20.42,
      "measurementUnit": "L",
      "isRedPrice": false,
      "pricePerUOM": 20.42,
      "activationDate": "28-02-2024",
      "isPromoActive": "N",
      "priceChangeCode": "H"
    },
    "isAvailable": true,
    "isPriceAvailable": true,
    "inPromo": false,
    "gtin": [
      "05425006246910",
      "05425006246866"
    ],
    "topCategoryName": "Dranken",
    "topCategoryId": "354",
    "businessDomain": "RETAIL_BE",
    "IsPrivateLabel": false,
    "IsBiffe": false,
    "WeightconversionFactor": "0",
    "IsWeightArticle": false,
    "IsBio": false,
    "CountryOfOrigin": "BELGIË",
    "IsExclusivelySoldInLuxembourg": false,
    "OrderUnit": "P",
    "ShortName": "BATT GEMBER-CITROEN70CL",
    "IsNew": false,
    "RecentQuanityOfStockUnits": "1",
    "LongName": "BATTELIEK siroop gember-citroen 70cl",
    "FicCode": "E"
  },
  {
    "productId": "279843",
    "technicalArticleNumber": "3662486",
    "commercialArticleNumber": "18330",
    "name": "Orange glas",
    "description": "*Bruisende limonade\n*Smaak: sinaasappel\n*Zonder bewaar-\nmiddelen",
    "brand": "RITCHIE",
    "seoBrand": "Ritchie",
    "thumbNail": "https://static.colruytgroup.com/images/200x200/std.lang.all/53/74/asset-2355374.jpg",
    "fullImage": "https://static.colruytgroup.com/images/500x500/std.lang.all/53/74/asset-2355374.jpg",
    "squareImage": "https://static.colruytgroup.com/images/500x500sq/std.lang.all/53/74/asset-2355374.jpg",
    "content": "27,5cl",
    "walkRouteSequenceNumber": 4329,
    "price": {
      "basicPrice": 1.49,
      "recommendedQuantity": "4.0",
      "measurementUnitPrice": 5.42,
      "measurementUnit": "L",
      "isRedPrice": false,
      "pricePerUOM": 5.42,
      "activationDate": "22-03-2024",
      "recordSource": "Offline",
      "isPromoActive": "N",
      "priceChangeCode": "L"
    },
    "isAvailable": true,
    "isPriceAvailable": true,
    "inPromo": false,
    "gtin": [
      "05430002241005",
      "05430002241029",
      "05430002241012",
      "05414145067401",
      "05414145267405",
      "05414145167408"
    ],
    "topCategoryName": "Dranken",
    "topCategoryId": "354",
    "businessDomain": "RETAIL_BE",
    "IsPrivateLabel": false,
    "IsBiffe": false,
    "WeightconversionFactor": "0",
    "IsWeightArticle": false,
    "nutriscoreLabel": "E",
    "IsBio": false,
    "CountryOfOrigin": "BELGIË",
    "IsExclusivelySoldInLuxembourg": false,
    "OrderUnit": "P",
    "ShortName": "RITC ORANGE GLAS 27.5CL",
    "IsNew": false,
    "RecentQuanityOfStockUnits": "4,1",
    "LongName": "RITCHIE Orange glas 27,5cl",
    "AlcoholVolume": "0",
    "FicCode": "E"
  },
  {
    "productId": "783901",
    "technicalArticleNumber": "4582925",
    "commercialArticleNumber": "8496",
    "name": "Original 8,6% blik",
    "description": "*Zwaar blond bier\n*8,6 % vol",
    "brand": "8.6",
    "seoBrand": "8.6",
    "thumbNail": "https://static.colruytgroup.com/images/200x200/std.lang.all/54/27/asset-2795427.jpg",
    "fullImage": "https://static.colruytgroup.com/images/500x500/std.lang.all/54/27/asset-2795427.jpg",
    "squareImage": "https://static.colruytgroup.com/images/500x500sq/std.lang.all/54/27/asset-2795427.jpg",
    "content": "50cl",
    "walkRouteSequenceNumber": 3735,
    "price": {
      "basicPrice": 1.85,
      "recommendedQuantity": "1.0",
      "quantityPrice": 1.7,
      "quantityPriceQuantity": "12.0",
      "measurementUnitPrice": 3.7,
      "measurementUnitQuantityPrice": 3.4,
      "measurementUnit": "L",
      "isRedPrice": false,
      "pricePerUOM": 3.7,
      "activationDate": "13-03-2024",
      "isPromoActive": "Y",
      "priceChangeCode": "E",
      "quantityPricePerUOM": 3.4,
      "quantityActivationDate": "13-03-2024",
      "quantityPriceChangeCode": "E"
    },
    "isAvailable": true,
    "isPriceAvailable": true,
    "inPromo": true,
    "promotion": [
      {
        "techPromoId": "100923COLR",
        "promotionId": "100923",
        "promotionType": "4",
        "isPersonalized": "N",
        "publicationStartDate": "13-03-2024",
        "publicationEndDate": "26-03-2024"
      }
    ],
    "gtin": [
      "08714800004114",
      "08714800024693"
    ],
    "topCategoryName": "Dranken",
    "topCategoryId": "354",
    "businessDomain": "RETAIL_BE",
    "IsPrivateLabel": false,
    "IsBiffe": false,
    "WeightconversionFactor": "0",
    "IsWeightArticle": false,
    "IsBio": false,
    "CountryOfOrigin": "NEDERLAND",
    "IsExclusivelySoldInLuxembourg": false,
    "OrderUnit": "P",
    "ShortName": "8.6 ORIGINAL BLIK 50CL",
    "IsNew": false,
    "EcoscoreLabel": "D",
    "RecentQuanityOfStockUnits": "12,1",
    "LongName": "8.6 Original 8,6% blik 50cl",
    "AlcoholVolume": "8.6",
    "FicCode": "E",
    "EcoscoreValue": "37"
  },
  {
    "productId": "264754",
    "technicalArticleNumber": "3592772",
    "commercialArticleNumber": "13427",
    "name": "goudmerk blik",
    "description": "*Sterkte: intense\nkoffie\n*Gemalen koffie",
    "brand": "ROMBOUTS",
    "seoBrand": "Rombouts",
    "thumbNail": "https://static.colruytgroup.com/images/200x200/std.lang.all/88/09/asset-3428809.jpg",
    "fullImage": "https://static.colruytgroup.com/images/500x500/std.lang.all/88/09/asset-3428809.jpg",
    "squareImage": "https://static.colruytgroup.com/images/500x500sq/std.lang.all/88/09/asset-3428809.jpg",
    "content": "500g",
    "walkRouteSequenceNumber": 1139,
    "price": {
      "basicPrice": 8.69,
      "recommendedQuantity": "1.0",
      "measurementUnitPrice": 17.38,
      "measurementUnit": "K",
      "isRedPrice": false,
      "pricePerUOM": 17.38,
      "activationDate": "19-03-2024",
      "recordSource": "Offline",
      "isPromoActive": "N",
      "priceChangeCode": "E"
    },
    "isAvailable": true,
    "isPriceAvailable": true,
    "inPromo": false,
    "gtin": [
      "15410173003203",
      "05410173003206"
    ],
    "topCategoryName": "Dranken",
    "topCategoryId": "354",
    "businessDomain": "RETAIL_BE",
    "IsPrivateLabel": false,
    "IsBiffe": false,
    "WeightconversionFactor": "0",
    "IsWeightArticle": false,
    "nutriscoreLabel": "B",
    "IsBio": false,
    "CountryOfOrigin": "BELGIË",
    "IsExclusivelySoldInLuxembourg": false,
    "OrderUnit": "P",
    "ShortName": "ROMBOUTS GOUDMERK 500G",
    "IsNew": false,
    "EcoscoreLabel": "C",
    "RecentQuanityOfStockUnits": "1,6",
    "LongName": "ROMBOUTS goudmerk blik 500g",
    "AlcoholVolume": "0",
    "FicCode": "E",
    "EcoscoreValue": "40"
  },
  {
    "productId": "1506",
    "technicalArticleNumber": "19143",
    "commercialArticleNumber": "19143",
    "name": "16% Vol",
    "description": "*Ready to serve\n*Batida de coco\n*Basis voor cocktail\n*16,0 % vol",
    "brand": "BATIDA DE COCO",
    "seoBrand": "MANGAROCA BATIDA DE CÔCO",
    "thumbNail": "https://static.colruytgroup.com/images/200x200/std.lang.all/43/97/asset-1484397.jpg",
    "fullImage": "https://static.colruytgroup.com/images/500x500/std.lang.all/43/97/asset-1484397.jpg",
    "squareImage": "https://static.colruytgroup.com/images/500x500sq/std.lang.all/43/97/asset-1484397.jpg",
    "content": "70cl",
    "walkRouteSequenceNumber": 872,
    "price": {
      "basicPrice": 13.49,
      "recommendedQuantity": "1.0",
      "measurementUnitPrice": 19.28,
      "measurementUnit": "L",
      "isRedPrice": false,
      "pricePerUOM": 19.28,
      "activationDate": "12-03-2024",
      "recordSource": "Offline",
      "isPromoActive": "N",
      "priceChangeCode": "H"
    },
    "isAvailable": true,
    "isPriceAvailable": true,
    "inPromo": false,
    "gtin": [
      "04003310019423",
      "04003310016095",
      "04003310016101",
      "04003310016736",
      "07640109120051",
      "07640109120778"
    ],
    "topCategoryName": "Dranken",
    "topCategoryId": "354",
    "businessDomain": "RETAIL_BE",
    "IsPrivateLabel": false,
    "IsBiffe": false,
    "WeightconversionFactor": "0",
    "IsWeightArticle": false,
    "IsBio": false,
    "CountryOfOrigin": "POLEN",
    "IsExclusivelySoldInLuxembourg": false,
    "OrderUnit": "P",
    "ShortName": "MANG BATIDA DE COCO70CL",
    "InSeason": true,
    "IsNew": false,
    "EcoscoreLabel": "E",
    "RecentQuanityOfStockUnits": "1,6",
    "LongName": "BATIDA DE COCO 16% Vol 70cl",
    "AlcoholVolume": "16",
    "StartSeasonDate": "11/10/2013",
    "FicCode": "E",
    "EcoscoreValue": "18"
  },
  {
    "productId": "881800",
    "technicalArticleNumber": "4739267",
    "commercialArticleNumber": "4456",
    "name": "Zero Passion Fr. Martini",
    "brand": "TEISSEIRE",
    "seoBrand": "Teisseire",
    "thumbNail": "https://static.colruytgroup.com/images/200x200/std.lang.all/55/36/asset-3335536.jpg",
    "fullImage": "https://static.colruytgroup.com/images/500x500/std.lang.all/55/36/asset-3335536.jpg",
    "squareImage": "https://static.colruytgroup.com/images/500x500sq/std.lang.all/55/36/asset-3335536.jpg",
    "content": "60cl",
    "walkRouteSequenceNumber": 4024,
    "price": {
      "basicPrice": 4.99,
      "recommendedQuantity": "1.0",
      "measurementUnitPrice": 8.32,
      "measurementUnit": "L",
      "isRedPrice": false,
      "pricePerUOM": 8.32,
      "activationDate": "04-03-2024",
      "recordSource": "Offline",
      "isPromoActive": "N",
      "priceChangeCode": "E"
    },
    "isAvailable": true,
    "isPriceAvailable": true,
    "inPromo": false,
    "gtin": [
      "03092718638900",
      "03092718638894"
    ],
    "topCategoryName": "Dranken",
    "topCategoryId": "354",
    "businessDomain": "RETAIL_BE",
    "IsPrivateLabel": false,
    "IsBiffe": false,
    "WeightconversionFactor": "0",
    "IsWeightArticle": false,
    "IsBio": false,
    "CountryOfOrigin": "FRANKRIJK",
    "IsExclusivelySoldInLuxembourg": false,
    "OrderUnit": "P",
    "ShortName": "TEIS ZERO PAS.FR.MAR60C",
    "IsNew": false,
    "RecentQuanityOfStockUnits": "1",
    "LongName": "TEISSEIRE Zero Passion Fr. Martini 60cl",
    "AlcoholVolume": "0",
    "FicCode": "E"
  },
  {
    "productId": "18145",
    "technicalArticleNumber": "1710871",
    "commercialArticleNumber": "18411",
    "name": "31,0%vol",
    "description": "*Likeur\n*31,0 % vol",
    "brand": "LICOR 43",
    "seoBrand": "Licor 43",
    "thumbNail": "https://static.colruytgroup.com/images/200x200/std.lang.all/11/45/asset-611145.jpg",
    "fullImage": "https://static.colruytgroup.com/images/500x500/std.lang.all/11/45/asset-611145.jpg",
    "squareImage": "https://static.colruytgroup.com/images/500x500sq/std.lang.all/11/45/asset-611145.jpg",
    "content": "70cl",
    "walkRouteSequenceNumber": 931,
    "price": {
      "basicPrice": 19.95,
      "recommendedQuantity": "1.0",
      "measurementUnitPrice": 28.5,
      "measurementUnit": "L",
      "isRedPrice": false,
      "pricePerUOM": 28.5,
      "activationDate": "18-03-2024",
      "recordSource": "Folder",
      "isPromoActive": "Y",
      "priceChangeCode": "H"
    },
    "isAvailable": true,
    "isPriceAvailable": true,
    "inPromo": false,
    "gtin": [
      "05413976004173",
      "08410221110150",
      "08410221315043",
      "28410221110154",
      "00083664853533"
    ],
    "topCategoryName": "Dranken",
    "topCategoryId": "354",
    "businessDomain": "RETAIL_BE",
    "IsPrivateLabel": false,
    "IsBiffe": false,
    "WeightconversionFactor": "0",
    "IsWeightArticle": false,
    "IsBio": false,
    "CountryOfOrigin": "SPANJE",
    "IsExclusivelySoldInLuxembourg": false,
    "OrderUnit": "P",
    "ShortName": "LICOR 43 31G 70CL",
    "IsNew": false,
    "EcoscoreLabel": "C",
    "RecentQuanityOfStockUnits": "1,6",
    "LongName": "LICOR 43 31,0%vol 70cl",
    "AlcoholVolume": "31",
    "FicCode": "E",
    "EcoscoreValue": "42"
  },
  {
    "productId": "12899",
    "technicalArticleNumber": "1217971",
    "commercialArticleNumber": "18017",
    "name": "Triple Wood 40%",
    "description": "*Scotch blend.whisky\n*Schotland",
    "brand": "GRANT'S",
    "seoBrand": "Grant's",
    "thumbNail": "https://static.colruytgroup.com/images/200x200/std.lang.all/97/65/asset-3309765.jpg",
    "fullImage": "https://static.colruytgroup.com/images/500x500/std.lang.all/97/65/asset-3309765.jpg",
    "squareImage": "https://static.colruytgroup.com/images/500x500sq/std.lang.all/97/65/asset-3309765.jpg",
    "content": "70cl",
    "walkRouteSequenceNumber": 976,
    "price": {
      "basicPrice": 15.75,
      "recommendedQuantity": "1.0",
      "measurementUnitPrice": 22.5,
      "measurementUnit": "L",
      "isRedPrice": false,
      "pricePerUOM": 22.5,
      "activationDate": "21-03-2024",
      "recordSource": "Folder",
      "isPromoActive": "N",
      "priceChangeCode": "L"
    },
    "isAvailable": true,
    "isPriceAvailable": true,
    "inPromo": false,
    "gtin": [
      "05010327000374",
      "05010327000404"
    ],
    "topCategoryName": "Dranken",
    "topCategoryId": "354",
    "businessDomain": "RETAIL_BE",
    "IsPrivateLabel": false,
    "IsBiffe": false,
    "WeightconversionFactor": "0",
    "IsWeightArticle": false,
    "IsBio": false,
    "CountryOfOrigin": "VERENIGD KONINKRIJK",
    "IsExclusivelySoldInLuxembourg": false,
    "OrderUnit": "P",
    "ShortName": "GRAN TRIP.WOOD 40% 70CL",
    "IsNew": false,
    "EcoscoreLabel": "B",
    "RecentQuanityOfStockUnits": "1,6",
    "LongName": "GRANT'S Triple Wood 40% 70cl",
    "AlcoholVolume": "40",
    "FicCode": "E",
    "EcoscoreValue": "72"
  },
  {
    "productId": "40663",
    "technicalArticleNumber": "2481836",
    "commercialArticleNumber": "38405",
    "name": "Fine Ruby Port 19,0%vol",
    "description": "*Porto Fine Ruby red\n*3 jaar gerijpt\n*Aperitief\n*20,0 % vol",
    "brand": "COCKBURN'S",
    "seoBrand": "Cockburn's",
    "thumbNail": "https://static.colruytgroup.com/images/200x200/std.lang.all/59/30/asset-2665930.jpg",
    "fullImage": "https://static.colruytgroup.com/images/500x500/std.lang.all/59/30/asset-2665930.jpg",
    "squareImage": "https://static.colruytgroup.com/images/500x500sq/std.lang.all/59/30/asset-2665930.jpg",
    "content": "75cl",
    "walkRouteSequenceNumber": 716,
    "price": {
      "basicPrice": 7.54,
      "recommendedQuantity": "1.0",
      "measurementUnitPrice": 10.06,
      "measurementUnit": "L",
      "isRedPrice": false,
      "pricePerUOM": 10.06,
      "activationDate": "20-02-2024",
      "isPromoActive": "N",
      "priceChangeCode": "E"
    },
    "isAvailable": true,
    "isPriceAvailable": true,
    "inPromo": false,
    "gtin": [
      "05010867801011",
      "05010867801004"
    ],
    "topCategoryName": "Dranken",
    "topCategoryId": "354",
    "businessDomain": "RETAIL_BE",
    "IsPrivateLabel": false,
    "IsBiffe": false,
    "WeightconversionFactor": "0",
    "IsWeightArticle": false,
    "IsBio": false,
    "CountryOfOrigin": "PORTUGAL",
    "IsExclusivelySoldInLuxembourg": false,
    "OrderUnit": "P",
    "ShortName": "COCKBURNS PORTO RUBY 75",
    "IsNew": false,
    "EcoscoreLabel": "C",
    "RecentQuanityOfStockUnits": "1,6",
    "LongName": "COCKBURN'S Fine Ruby Port 19,0%vol 75cl",
    "AlcoholVolume": "19",
    "FicCode": "E",
    "EcoscoreValue": "54"
  },
  {
    "productId": "684786",
    "technicalArticleNumber": "4407096",
    "commercialArticleNumber": "24780",
    "name": "Earl grey",
    "brand": "LIPTON",
    "seoBrand": "Lipton",
    "thumbNail": "https://static.colruytgroup.com/images/200x200/std.lang.all/82/32/asset-2418232.jpg",
    "fullImage": "https://static.colruytgroup.com/images/500x500/std.lang.all/82/32/asset-2418232.jpg",
    "squareImage": "https://static.colruytgroup.com/images/500x500sq/std.lang.all/82/32/asset-2418232.jpg",
    "content": "50st",
    "walkRouteSequenceNumber": 1258,
    "price": {
      "basicPrice": 4.55,
      "recommendedQuantity": "1.0",
      "measurementUnitPrice": 56.88,
      "measurementUnit": "K",
      "isRedPrice": false,
      "pricePerUOM": 56.88,
      "activationDate": "29-02-2024",
      "recordSource": "Offline",
      "isPromoActive": "N",
      "priceChangeCode": "E"
    },
    "isAvailable": true,
    "isPriceAvailable": true,
    "inPromo": false,
    "gtin": [
      "08712100632662",
      "08712100965197",
      "08711327518513",
      "08711327518520"
    ],
    "topCategoryName": "Dranken",
    "topCategoryId": "354",
    "businessDomain": "RETAIL_BE",
    "IsPrivateLabel": false,
    "IsBiffe": false,
    "WeightconversionFactor": "0",
    "IsWeightArticle": false,
    "nutriscoreLabel": "B",
    "IsBio": false,
    "CountryOfOrigin": "POLEN",
    "IsExclusivelySoldInLuxembourg": false,
    "OrderUnit": "P",
    "ShortName": "LIPT EARL GREY 50ST",
    "IsNew": false,
    "EcoscoreLabel": "B",
    "RecentQuanityOfStockUnits": "1,10",
    "LongName": "LIPTON Earl grey 50st",
    "FicCode": "E",
    "EcoscoreValue": "79"
  },
  {
    "productId": "10466",
    "technicalArticleNumber": "1129425",
    "commercialArticleNumber": "5026",
    "name": "abdijbier tripel 8,7%",
    "description": "*Abdijbier\n*8,7 % vol\n*Nagisting op fles",
    "brand": "POSTEL",
    "seoBrand": "Postel",
    "thumbNail": "https://static.colruytgroup.com/images/200x200/std.lang.all/90/01/asset-2199001.jpg",
    "fullImage": "https://static.colruytgroup.com/images/500x500/std.lang.all/90/01/asset-2199001.jpg",
    "squareImage": "https://static.colruytgroup.com/images/500x500sq/std.lang.all/90/01/asset-2199001.jpg",
    "content": "6x33cl",
    "walkRouteSequenceNumber": 3610,
    "price": {
      "basicPrice": 7.29,
      "recommendedQuantity": "1.0",
      "measurementUnitPrice": 3.69,
      "measurementUnit": "L",
      "isRedPrice": false,
      "pricePerUOM": 3.69,
      "activationDate": "13-03-2024",
      "isPromoActive": "Y",
      "priceChangeCode": "E"
    },
    "isAvailable": true,
    "isPriceAvailable": true,
    "inPromo": true,
    "promotion": [
      {
        "techPromoId": "100951COLR",
        "promotionId": "100951",
        "promotionType": "3",
        "isPersonalized": "N",
        "publicationStartDate": "13-03-2024",
        "publicationEndDate": "26-03-2024"
      }
    ],
    "gtin": [
      "05411098700010",
      "05400141050264"
    ],
    "topCategoryName": "Dranken",
    "topCategoryId": "354",
    "businessDomain": "RETAIL_BE",
    "IsPrivateLabel": false,
    "IsBiffe": false,
    "WeightconversionFactor": "0",
    "IsWeightArticle": false,
    "IsBio": false,
    "CountryOfOrigin": "BELGIË",
    "IsExclusivelySoldInLuxembourg": false,
    "OrderUnit": "P",
    "ShortName": "POSTEL TRIPEL 6X33CL",
    "IsNew": false,
    "RecentQuanityOfStockUnits": "1",
    "LongName": "POSTEL abdijbier tripel 8,7% 6x33cl",
    "AlcoholVolume": "8.7",
    "FicCode": "I",
    "DepositValue": [
      0.6
    ]
  },
  {
    "productId": "860044",
    "technicalArticleNumber": "4710704",
    "commercialArticleNumber": "4824",
    "name": "Black Tea Orange Jaipur",
    "description": "*Zwarte thee",
    "brand": "LIPTON",
    "seoBrand": "Lipton",
    "thumbNail": "https://static.colruytgroup.com/images/200x200/std.lang.all/34/41/asset-3193441.jpg",
    "fullImage": "https://static.colruytgroup.com/images/500x500/std.lang.all/34/41/asset-3193441.jpg",
    "squareImage": "https://static.colruytgroup.com/images/500x500sq/std.lang.all/34/41/asset-3193441.jpg",
    "content": "20st",
    "walkRouteSequenceNumber": 1268,
    "price": {
      "basicPrice": 3.29,
      "recommendedQuantity": "1.0",
      "measurementUnitPrice": 91.39,
      "measurementUnit": "K",
      "isRedPrice": false,
      "pricePerUOM": 91.39,
      "activationDate": "29-02-2024",
      "recordSource": "Offline",
      "isPromoActive": "N",
      "priceChangeCode": "E"
    },
    "isAvailable": true,
    "isPriceAvailable": true,
    "inPromo": false,
    "gtin": [
      "08711327514652",
      "08711327514416"
    ],
    "topCategoryName": "Dranken",
    "topCategoryId": "354",
    "businessDomain": "RETAIL_BE",
    "IsPrivateLabel": false,
    "IsBiffe": false,
    "WeightconversionFactor": "0",
    "IsWeightArticle": false,
    "IsBio": false,
    "CountryOfOrigin": "POLEN",
    "IsExclusivelySoldInLuxembourg": false,
    "OrderUnit": "P",
    "ShortName": "LIPT ORANGE JAIPUR 20ST",
    "IsNew": false,
    "RecentQuanityOfStockUnits": "1,4",
    "LongName": "LIPTON Black Tea Orange Jaipur 20st",
    "AlcoholVolume": "0",
    "FicCode": "E"
  },
  {
    "productId": "863402",
    "technicalArticleNumber": "4714803",
    "commercialArticleNumber": "31912",
    "name": "Trappist Nillis 0%",
    "description": "*Trappistenbier\n*Donker, amber\nkleurig\n*0 % vol",
    "brand": "LA TRAPPE",
    "seoBrand": "La Trappe",
    "thumbNail": "https://static.colruytgroup.com/images/200x200/std.lang.all/54/42/asset-3225442.jpg",
    "fullImage": "https://static.colruytgroup.com/images/500x500/std.lang.all/54/42/asset-3225442.jpg",
    "squareImage": "https://static.colruytgroup.com/images/500x500sq/std.lang.all/54/42/asset-3225442.jpg",
    "content": "4x33cl",
    "walkRouteSequenceNumber": 3848,
    "price": {
      "basicPrice": 6.28,
      "recommendedQuantity": "1.0",
      "quantityPrice": 5.78,
      "quantityPriceQuantity": "3.0",
      "measurementUnitPrice": 4.76,
      "measurementUnitQuantityPrice": 4.38,
      "measurementUnit": "L",
      "isRedPrice": false,
      "pricePerUOM": 4.76,
      "activationDate": "28-02-2024",
      "recordSource": "Online",
      "isPromoActive": "N",
      "priceChangeCode": "E",
      "quantityPricePerUOM": 4.38,
      "quantityActivationDate": "28-02-2024",
      "quantityPriceChangeCode": "E"
    },
    "isAvailable": true,
    "isPriceAvailable": true,
    "inPromo": false,
    "gtin": [
      "08711406344538",
      "05400141657432"
    ],
    "topCategoryName": "Dranken",
    "topCategoryId": "354",
    "businessDomain": "RETAIL_BE",
    "IsPrivateLabel": false,
    "IsBiffe": false,
    "WeightconversionFactor": "0",
    "IsWeightArticle": false,
    "IsBio": false,
    "CountryOfOrigin": "NEDERLAND",
    "IsExclusivelySoldInLuxembourg": false,
    "OrderUnit": "P",
    "ShortName": "LATR NILLIS 0% 4X33CL",
    "IsNew": false,
    "RecentQuanityOfStockUnits": "1",
    "LongName": "LA TRAPPE Trappist Nillis 0% 4x33cl",
    "AlcoholVolume": "0",
    "FicCode": "E",
    "DepositValue": [
      0.4
    ]
  },
  {
    "productId": "89760",
    "technicalArticleNumber": "2933295",
    "commercialArticleNumber": "38691",
    "name": "abdijbier blond 6,5%",
    "description": "*Abdijbier\n*6,5 % vol",
    "brand": "MAREDSOUS",
    "seoBrand": "Maredsous",
    "thumbNail": "https://static.colruytgroup.com/images/200x200/std.lang.all/86/98/asset-2268698.jpg",
    "fullImage": "https://static.colruytgroup.com/images/500x500/std.lang.all/86/98/asset-2268698.jpg",
    "squareImage": "https://static.colruytgroup.com/images/500x500sq/std.lang.all/86/98/asset-2268698.jpg",
    "content": "6x33cl",
    "walkRouteSequenceNumber": 3605,
    "price": {
      "basicPrice": 9.42,
      "recommendedQuantity": "1.0",
      "quantityPrice": 8.67,
      "quantityPriceQuantity": "3.0",
      "measurementUnitPrice": 4.76,
      "measurementUnitQuantityPrice": 4.38,
      "measurementUnit": "L",
      "isRedPrice": false,
      "pricePerUOM": 4.76,
      "activationDate": "06-03-2024",
      "recordSource": "Online",
      "isPromoActive": "N",
      "priceChangeCode": "H",
      "quantityPricePerUOM": 4.38,
      "quantityActivationDate": "06-03-2024",
      "quantityPriceChangeCode": "E"
    },
    "isAvailable": true,
    "isPriceAvailable": true,
    "inPromo": false,
    "gtin": [
      "05411681035000",
      "05411681035017",
      "05400141386912",
      "05400141026450"
    ],
    "topCategoryName": "Dranken",
    "topCategoryId": "354",
    "businessDomain": "RETAIL_BE",
    "IsPrivateLabel": false,
    "IsBiffe": false,
    "WeightconversionFactor": "0",
    "IsWeightArticle": false,
    "IsBio": false,
    "CountryOfOrigin": "BELGIË",
    "IsExclusivelySoldInLuxembourg": false,
    "OrderUnit": "P",
    "ShortName": "MAREDSOUS BLOND 6X33CL",
    "IsNew": false,
    "EcoscoreLabel": "B",
    "RecentQuanityOfStockUnits": "1",
    "LongName": "MAREDSOUS abdijbier blond 6,5% 6x33cl",
    "AlcoholVolume": "6.5",
    "FicCode": "I",
    "DepositValue": [
      0.6
    ],
    "EcoscoreValue": "72"
  },
  {
    "productId": "378044",
    "technicalArticleNumber": "3860448",
    "commercialArticleNumber": "41998",
    "name": "cherry 8%",
    "brand": "CHOUFFE",
    "seoBrand": "Cherry Chouffe",
    "thumbNail": "https://static.colruytgroup.com/images/200x200/std.lang.all/99/84/asset-1729984.jpg",
    "fullImage": "https://static.colruytgroup.com/images/500x500/std.lang.all/99/84/asset-1729984.jpg",
    "squareImage": "https://static.colruytgroup.com/images/500x500sq/std.lang.all/99/84/asset-1729984.jpg",
    "content": "6x33cl",
    "walkRouteSequenceNumber": 3756,
    "price": {
      "basicPrice": 10.48,
      "recommendedQuantity": "1.0",
      "measurementUnitPrice": 5.3,
      "measurementUnit": "L",
      "isRedPrice": false,
      "pricePerUOM": 5.3,
      "activationDate": "24-02-2024",
      "recordSource": "Offline",
      "isPromoActive": "N",
      "priceChangeCode": "H"
    },
    "isAvailable": true,
    "isPriceAvailable": true,
    "inPromo": false,
    "gtin": [
      "05410769800097",
      "05410769800059",
      "05400141206456"
    ],
    "topCategoryName": "Dranken",
    "topCategoryId": "354",
    "businessDomain": "RETAIL_BE",
    "IsPrivateLabel": false,
    "IsBiffe": false,
    "WeightconversionFactor": "0",
    "IsWeightArticle": false,
    "IsBio": false,
    "CountryOfOrigin": "BELGIË",
    "IsExclusivelySoldInLuxembourg": false,
    "OrderUnit": "P",
    "ShortName": "CHERRY CHOUFFE 6X33CL",
    "IsNew": false,
    "EcoscoreLabel": "B",
    "RecentQuanityOfStockUnits": "1",
    "LongName": "CHOUFFE cherry 8% 6x33cl",
    "AlcoholVolume": "8",
    "FicCode": "E",
    "DepositValue": [
      0.6
    ],
    "EcoscoreValue": "72"
  },
  {
    "productId": "603795",
    "technicalArticleNumber": "4272329",
    "commercialArticleNumber": "22983",
    "name": "Floreale <0,5%",
    "description": "*Aperitief\n*Alcoholvrij",
    "brand": "MARTINI",
    "seoBrand": "Martini",
    "thumbNail": "https://static.colruytgroup.com/images/200x200/std.lang.all/13/77/asset-2091377.jpg",
    "fullImage": "https://static.colruytgroup.com/images/500x500/std.lang.all/13/77/asset-2091377.jpg",
    "squareImage": "https://static.colruytgroup.com/images/500x500sq/std.lang.all/13/77/asset-2091377.jpg",
    "content": "75cl",
    "walkRouteSequenceNumber": 638,
    "price": {
      "basicPrice": 7.49,
      "recommendedQuantity": "1.0",
      "measurementUnitPrice": 9.99,
      "measurementUnit": "L",
      "isRedPrice": false,
      "pricePerUOM": 9.99,
      "activationDate": "13-03-2024",
      "isPromoActive": "Y",
      "priceChangeCode": "E"
    },
    "isAvailable": true,
    "isPriceAvailable": true,
    "inPromo": true,
    "promotion": [
      {
        "techPromoId": "100907COLR",
        "promotionId": "100907",
        "promotionType": "3",
        "isPersonalized": "N",
        "publicationStartDate": "13-03-2024",
        "publicationEndDate": "26-03-2024"
      }
    ],
    "gtin": [
      "07630040403689",
      "07630040403672"
    ],
    "topCategoryName": "Dranken",
    "topCategoryId": "354",
    "businessDomain": "RETAIL_BE",
    "IsPrivateLabel": false,
    "IsBiffe": false,
    "WeightconversionFactor": "0",
    "IsWeightArticle": false,
    "nutriscoreLabel": "E",
    "IsBio": false,
    "CountryOfOrigin": "ITALIË",
    "IsExclusivelySoldInLuxembourg": false,
    "OrderUnit": "P",
    "ShortName": "MART FLOREALE 0.5% 75CL",
    "IsNew": false,
    "EcoscoreLabel": "D",
    "RecentQuanityOfStockUnits": "6,1",
    "LongName": "MARTINI Floreale <0,5% 75cl",
    "AlcoholVolume": "0.5",
    "FicCode": "E",
    "EcoscoreValue": "27"
  },
  {
    "productId": "680846",
    "technicalArticleNumber": "4399898",
    "commercialArticleNumber": "24602",
    "name": "Virgin 0,0%",
    "description": "*Luxepils\n*Alcoholvrij\n*Gearomatiseerd bier met tequila",
    "brand": "DESPERADOS",
    "seoBrand": "Desperados",
    "thumbNail": "https://static.colruytgroup.com/images/200x200/std.lang.all/48/30/asset-2404830.jpg",
    "fullImage": "https://static.colruytgroup.com/images/500x500/std.lang.all/48/30/asset-2404830.jpg",
    "squareImage": "https://static.colruytgroup.com/images/500x500sq/std.lang.all/48/30/asset-2404830.jpg",
    "content": "3x33cl",
    "walkRouteSequenceNumber": 3851,
    "price": {
      "basicPrice": 5.49,
      "recommendedQuantity": "1.0",
      "quantityPrice": 3.99,
      "quantityPriceQuantity": "2.0",
      "measurementUnitPrice": 5.55,
      "measurementUnitQuantityPrice": 4.04,
      "measurementUnit": "L",
      "isRedPrice": false,
      "pricePerUOM": 5.55,
      "activationDate": "14-02-2024",
      "recordSource": "Offline",
      "isPromoActive": "N",
      "priceChangeCode": "E",
      "quantityPricePerUOM": 4.04,
      "quantityActivationDate": "14-02-2024",
      "quantityPriceChangeCode": "E"
    },
    "isAvailable": true,
    "isPriceAvailable": true,
    "inPromo": false,
    "gtin": [
      "03119780273904",
      "03119783021526"
    ],
    "topCategoryName": "Dranken",
    "topCategoryId": "354",
    "businessDomain": "RETAIL_BE",
    "IsPrivateLabel": false,
    "IsBiffe": false,
    "WeightconversionFactor": "0",
    "IsWeightArticle": false,
    "nutriscoreLabel": "C",
    "IsBio": false,
    "CountryOfOrigin": "FRANKRIJK",
    "IsExclusivelySoldInLuxembourg": false,
    "OrderUnit": "P",
    "ShortName": "DESP VIRGIN 0% 3X33CL",
    "IsNew": false,
    "EcoscoreLabel": "D",
    "RecentQuanityOfStockUnits": "1,8",
    "LongName": "DESPERADOS Virgin 0,0% 3x33cl",
    "AlcoholVolume": "0",
    "FicCode": "E",
    "EcoscoreValue": "37"
  },
  {
    "productId": "918958",
    "technicalArticleNumber": "4761370",
    "commercialArticleNumber": "13577",
    "name": "Sour Blueber. Flavour",
    "description": "*Bruisende limonade\n*Smaak: blauwe bes",
    "brand": "CHUPA CHUPS",
    "seoBrand": "Chupa Chups",
    "thumbNail": "https://static.colruytgroup.com/images/200x200/std.lang.all/74/62/asset-3337462.jpg",
    "fullImage": "https://static.colruytgroup.com/images/500x500/std.lang.all/74/62/asset-3337462.jpg",
    "squareImage": "https://static.colruytgroup.com/images/500x500sq/std.lang.all/74/62/asset-3337462.jpg",
    "content": "34,5cl",
    "walkRouteSequenceNumber": 4233,
    "price": {
      "basicPrice": 0.99,
      "recommendedQuantity": "1.0",
      "quantityPrice": 0.95,
      "quantityPriceQuantity": "24.0",
      "measurementUnitPrice": 2.87,
      "measurementUnitQuantityPrice": 2.76,
      "measurementUnit": "L",
      "isRedPrice": false,
      "pricePerUOM": 2.87,
      "activationDate": "10-10-2023",
      "isPromoActive": "N",
      "priceChangeCode": "E",
      "quantityPricePerUOM": 2.76,
      "quantityActivationDate": "10-10-2023",
      "quantityPriceChangeCode": "E"
    },
    "isAvailable": true,
    "isPriceAvailable": true,
    "inPromo": false,
    "gtin": [
      "18801069417902",
      "08801069417905"
    ],
    "topCategoryName": "Dranken",
    "topCategoryId": "354",
    "businessDomain": "RETAIL_BE",
    "IsPrivateLabel": false,
    "IsBiffe": false,
    "WeightconversionFactor": "0",
    "IsWeightArticle": false,
    "IsBio": false,
    "CountryOfOrigin": "ZUID-KOREA",
    "IsExclusivelySoldInLuxembourg": false,
    "OrderUnit": "P",
    "ShortName": "CHUP SOUR BLUEBER34.5CL",
    "IsNew": false,
    "RecentQuanityOfStockUnits": "1,24",
    "LongName": "CHUPA CHUPS Sour Blueber. Flavour 34,5cl",
    "FicCode": "E"
  },
  {
    "productId": "234443",
    "technicalArticleNumber": "3545473",
    "commercialArticleNumber": "41527",
    "name": "haverdrink",
    "description": "*België\n*Plantaardig",
    "brand": "ALPRO",
    "seoBrand": "Alpro",
    "thumbNail": "https://static.colruytgroup.com/images/200x200/std.lang.all/10/35/asset-3441035.jpg",
    "fullImage": "https://static.colruytgroup.com/images/500x500/std.lang.all/10/35/asset-3441035.jpg",
    "squareImage": "https://static.colruytgroup.com/images/500x500sq/std.lang.all/10/35/asset-3441035.jpg",
    "content": "1L",
    "walkRouteSequenceNumber": 6291,
    "price": {
      "basicPrice": 3.65,
      "recommendedQuantity": "4.0",
      "measurementUnitPrice": 3.65,
      "measurementUnit": "L",
      "isRedPrice": false,
      "pricePerUOM": 3.65,
      "activationDate": "08-03-2024",
      "recordSource": "Offline",
      "isPromoActive": "N",
      "priceChangeCode": "H"
    },
    "isAvailable": true,
    "isPriceAvailable": true,
    "inPromo": false,
    "gtin": [
      "45400141312827",
      "05411188115380",
      "05411188115366"
    ],
    "topCategoryName": "Zuivel",
    "topCategoryId": "65",
    "businessDomain": "RETAIL_BE",
    "IsPrivateLabel": false,
    "IsBiffe": false,
    "WeightconversionFactor": "0",
    "IsWeightArticle": false,
    "nutriscoreLabel": "A",
    "IsBio": false,
    "CountryOfOrigin": "BELGIË",
    "IsExclusivelySoldInLuxembourg": false,
    "OrderUnit": "P",
    "ShortName": "ALPRO OAT HAVERDRANK 1L",
    "IsNew": false,
    "EcoscoreLabel": "B",
    "RecentQuanityOfStockUnits": "4,8,1",
    "LongName": "ALPRO haverdrink 1L",
    "AlcoholVolume": "0",
    "FicCode": "E",
    "EcoscoreValue": "67"
  },
  {
    "productId": "797657",
    "technicalArticleNumber": "4609405",
    "commercialArticleNumber": "4263",
    "name": "caps Lungo Mattinata5",
    "description": "*Milde koffie\n*Aluminium caps",
    "brand": "L'OR ESPRESSO",
    "seoBrand": "L'Or Espresso",
    "thumbNail": "https://static.colruytgroup.com/images/200x200/std.lang.all/93/77/asset-2809377.jpg",
    "fullImage": "https://static.colruytgroup.com/images/500x500/std.lang.all/93/77/asset-2809377.jpg",
    "squareImage": "https://static.colruytgroup.com/images/500x500sq/std.lang.all/93/77/asset-2809377.jpg",
    "content": "20st",
    "walkRouteSequenceNumber": 1049,
    "price": {
      "basicPrice": 6.72,
      "recommendedQuantity": "1.0",
      "measurementUnitPrice": 64.62,
      "measurementUnit": "K",
      "isRedPrice": false,
      "pricePerUOM": 64.62,
      "activationDate": "20-02-2024",
      "recordSource": "Offline",
      "isPromoActive": "N",
      "priceChangeCode": "H"
    },
    "isAvailable": true,
    "isPriceAvailable": true,
    "inPromo": false,
    "gtin": [
      "08711000680599",
      "08711000680605"
    ],
    "topCategoryName": "Dranken",
    "topCategoryId": "354",
    "businessDomain": "RETAIL_BE",
    "IsPrivateLabel": false,
    "IsBiffe": false,
    "WeightconversionFactor": "0",
    "IsWeightArticle": false,
    "nutriscoreLabel": "B",
    "IsBio": false,
    "CountryOfOrigin": "FRANKRIJK",
    "IsExclusivelySoldInLuxembourg": false,
    "OrderUnit": "P",
    "ShortName": "L OR LUN.MATTINATA20CAP",
    "IsNew": false,
    "RecentQuanityOfStockUnits": "1",
    "LongName": "L'OR ESPRESSO caps Lungo Mattinata5 20st",
    "FicCode": "E"
  },
  {
    "productId": "445875",
    "technicalArticleNumber": "3986219",
    "commercialArticleNumber": "3964",
    "name": "Delta IPA",
    "description": "*Blond bier\n*6 % vol",
    "brand": "BRUSSELS BP",
    "seoBrand": "Brussels Beer Project",
    "thumbNail": "https://static.colruytgroup.com/images/200x200/std.lang.all/81/96/asset-3448196.jpg",
    "fullImage": "https://static.colruytgroup.com/images/500x500/std.lang.all/81/96/asset-3448196.jpg",
    "squareImage": "https://static.colruytgroup.com/images/500x500sq/std.lang.all/81/96/asset-3448196.jpg",
    "content": "4x33cl",
    "walkRouteSequenceNumber": 3733,
    "price": {
      "basicPrice": 9.39,
      "recommendedQuantity": "1.0",
      "quantityPrice": 9.01,
      "quantityPriceQuantity": "3.0",
      "measurementUnitPrice": 7.12,
      "measurementUnitQuantityPrice": 6.83,
      "measurementUnit": "L",
      "isRedPrice": false,
      "pricePerUOM": 7.12,
      "activationDate": "23-01-2024",
      "recordSource": "Offline",
      "isPromoActive": "N",
      "priceChangeCode": "H",
      "quantityPricePerUOM": 6.83,
      "quantityActivationDate": "23-01-2024",
      "quantityPriceChangeCode": "H"
    },
    "isAvailable": true,
    "isPriceAvailable": true,
    "inPromo": false,
    "gtin": [
      "05400141131024",
      "05411283000017",
      "05411283002011",
      "05430000829014"
    ],
    "topCategoryName": "Dranken",
    "topCategoryId": "354",
    "businessDomain": "RETAIL_BE",
    "IsPrivateLabel": false,
    "IsBiffe": false,
    "WeightconversionFactor": "0",
    "IsWeightArticle": false,
    "IsBio": false,
    "CountryOfOrigin": "BELGIË",
    "IsExclusivelySoldInLuxembourg": false,
    "OrderUnit": "P",
    "ShortName": "BBPR DELT IPA 4X33CL",
    "IsNew": false,
    "EcoscoreLabel": "C",
    "RecentQuanityOfStockUnits": "1",
    "LongName": "BRUSSELS BP Delta IPA 4x33cl",
    "AlcoholVolume": "6",
    "FicCode": "E",
    "DepositValue": [
      0.4
    ],
    "EcoscoreValue": "50"
  },
  {
    "productId": "918974",
    "technicalArticleNumber": "4761388",
    "commercialArticleNumber": "13730",
    "name": "Sour Gr.Apple Flavour",
    "description": "*Bruisende limonade\n*Smaak: groene appel",
    "brand": "CHUPA CHUPS",
    "seoBrand": "Chupa Chups",
    "thumbNail": "https://static.colruytgroup.com/images/200x200/std.lang.all/75/25/asset-3337525.jpg",
    "fullImage": "https://static.colruytgroup.com/images/500x500/std.lang.all/75/25/asset-3337525.jpg",
    "squareImage": "https://static.colruytgroup.com/images/500x500sq/std.lang.all/75/25/asset-3337525.jpg",
    "content": "34,5cl",
    "walkRouteSequenceNumber": 4232,
    "price": {
      "basicPrice": 0.99,
      "recommendedQuantity": "1.0",
      "quantityPrice": 0.95,
      "quantityPriceQuantity": "24.0",
      "measurementUnitPrice": 2.87,
      "measurementUnitQuantityPrice": 2.76,
      "measurementUnit": "L",
      "isRedPrice": false,
      "pricePerUOM": 2.87,
      "activationDate": "10-10-2023",
      "isPromoActive": "N",
      "priceChangeCode": "E",
      "quantityPricePerUOM": 2.76,
      "quantityActivationDate": "10-10-2023",
      "quantityPriceChangeCode": "E"
    },
    "isAvailable": true,
    "isPriceAvailable": true,
    "inPromo": false,
    "gtin": [
      "08801069417950",
      "18801069417957"
    ],
    "topCategoryName": "Dranken",
    "topCategoryId": "354",
    "businessDomain": "RETAIL_BE",
    "IsPrivateLabel": false,
    "IsBiffe": false,
    "WeightconversionFactor": "0",
    "IsWeightArticle": false,
    "IsBio": false,
    "CountryOfOrigin": "ZUID-KOREA",
    "IsExclusivelySoldInLuxembourg": false,
    "OrderUnit": "P",
    "ShortName": "CHUP SOUR GR.APPL34.5CL",
    "IsNew": false,
    "RecentQuanityOfStockUnits": "1,24",
    "LongName": "CHUPA CHUPS Sour Gr.Apple Flavour 34,5cl",
    "FicCode": "E"
  },
  {
    "productId": "794736",
    "technicalArticleNumber": "4603319",
    "commercialArticleNumber": "13413",
    "name": "caps Brazil Lungo",
    "brand": "NESCAFÉ",
    "seoBrand": "Nescafé Farmers Origins",
    "thumbNail": "https://static.colruytgroup.com/images/200x200/std.lang.all/71/55/asset-2877155.jpg",
    "fullImage": "https://static.colruytgroup.com/images/500x500/std.lang.all/71/55/asset-2877155.jpg",
    "squareImage": "https://static.colruytgroup.com/images/500x500sq/std.lang.all/71/55/asset-2877155.jpg",
    "content": "10st",
    "walkRouteSequenceNumber": 1031,
    "price": {
      "basicPrice": 3.59,
      "recommendedQuantity": "1.0",
      "measurementUnitPrice": 69.04,
      "measurementUnit": "K",
      "isRedPrice": false,
      "pricePerUOM": 69.04,
      "activationDate": "17-02-2024",
      "recordSource": "Offline",
      "isPromoActive": "N",
      "priceChangeCode": "E"
    },
    "isAvailable": true,
    "isPriceAvailable": true,
    "inPromo": false,
    "gtin": [
      "07630477880145",
      "07630477880138"
    ],
    "topCategoryName": "Dranken",
    "topCategoryId": "354",
    "businessDomain": "RETAIL_BE",
    "IsPrivateLabel": false,
    "IsBiffe": false,
    "WeightconversionFactor": "0",
    "IsWeightArticle": false,
    "nutriscoreLabel": "B",
    "IsBio": false,
    "CountryOfOrigin": "ZWITSERLAND",
    "IsExclusivelySoldInLuxembourg": false,
    "OrderUnit": "P",
    "ShortName": "NESC BRAZIL LUNGO 10CAP",
    "IsNew": false,
    "RecentQuanityOfStockUnits": "1",
    "LongName": "NESCAFÉ caps Brazil Lungo 10st",
    "FicCode": "E"
  },
  {
    "productId": "1372",
    "technicalArticleNumber": "18812",
    "commercialArticleNumber": "18812",
    "name": "Vodka 40%",
    "description": "*Vodka\n*Basis voor cocktail\n*40 % vol",
    "brand": "ABSOLUT",
    "seoBrand": "Absolut",
    "thumbNail": "https://static.colruytgroup.com/images/200x200/std.lang.all/75/91/asset-3237591.jpg",
    "fullImage": "https://static.colruytgroup.com/images/500x500/std.lang.all/75/91/asset-3237591.jpg",
    "squareImage": "https://static.colruytgroup.com/images/500x500sq/std.lang.all/75/91/asset-3237591.jpg",
    "content": "70cl",
    "walkRouteSequenceNumber": 846,
    "price": {
      "basicPrice": 21.99,
      "recommendedQuantity": "1.0",
      "measurementUnitPrice": 31.42,
      "measurementUnit": "L",
      "isRedPrice": false,
      "pricePerUOM": 31.42,
      "activationDate": "04-01-2024",
      "recordSource": "Offline",
      "isPromoActive": "N",
      "priceChangeCode": "H"
    },
    "isAvailable": true,
    "isPriceAvailable": true,
    "inPromo": false,
    "gtin": [
      "05413585000023",
      "07312040017683",
      "07312040097685",
      "17312040017680",
      "07312040552801",
      "87312040552807"
    ],
    "topCategoryName": "Dranken",
    "topCategoryId": "354",
    "businessDomain": "RETAIL_BE",
    "IsPrivateLabel": false,
    "IsBiffe": false,
    "WeightconversionFactor": "0",
    "IsWeightArticle": false,
    "IsBio": false,
    "CountryOfOrigin": "ZWEDEN",
    "IsExclusivelySoldInLuxembourg": false,
    "OrderUnit": "P",
    "ShortName": "ABSO VODKA 40% 70CL",
    "IsNew": false,
    "EcoscoreLabel": "D",
    "RecentQuanityOfStockUnits": "1,6,1",
    "LongName": "ABSOLUT Vodka 40% 70cl",
    "AlcoholVolume": "40",
    "FicCode": "E",
    "EcoscoreValue": "38"
  },
  {
    "productId": "677284",
    "technicalArticleNumber": "4394130",
    "commercialArticleNumber": "12629",
    "name": "triple 8,1%",
    "description": "*Trappistenbier\n*8,1 % vol\n*Nagisting op fles",
    "brand": "TRAPPISTES ROCHEFORT",
    "seoBrand": "Trappistes Rochefort",
    "thumbNail": "https://static.colruytgroup.com/images/200x200/std.lang.all/00/75/asset-2330075.jpg",
    "fullImage": "https://static.colruytgroup.com/images/500x500/std.lang.all/00/75/asset-2330075.jpg",
    "squareImage": "https://static.colruytgroup.com/images/500x500sq/std.lang.all/00/75/asset-2330075.jpg",
    "content": "4x33cl",
    "walkRouteSequenceNumber": 3619,
    "price": {
      "basicPrice": 7.16,
      "recommendedQuantity": "1.0",
      "measurementUnitPrice": 5.43,
      "measurementUnit": "L",
      "isRedPrice": false,
      "pricePerUOM": 5.43,
      "activationDate": "29-02-2024",
      "recordSource": "Offline",
      "isPromoActive": "N",
      "priceChangeCode": "H"
    },
    "isAvailable": true,
    "isPriceAvailable": true,
    "inPromo": false,
    "gtin": [
      "05400141608687",
      "05412858000357"
    ],
    "topCategoryName": "Dranken",
    "topCategoryId": "354",
    "businessDomain": "RETAIL_BE",
    "IsPrivateLabel": false,
    "IsBiffe": false,
    "WeightconversionFactor": "0",
    "IsWeightArticle": false,
    "IsBio": false,
    "CountryOfOrigin": "BELGIË",
    "IsExclusivelySoldInLuxembourg": false,
    "OrderUnit": "P",
    "ShortName": "ROCH TRIPLE EXTRA4X33CL",
    "IsNew": false,
    "EcoscoreLabel": "B",
    "RecentQuanityOfStockUnits": "1",
    "LongName": "TRAPPISTES ROCHEFORT triple 8,1% 4x33cl",
    "AlcoholVolume": "8.1",
    "FicCode": "E",
    "DepositValue": [
      0.4
    ],
    "EcoscoreValue": "72"
  },
  {
    "productId": "8014",
    "technicalArticleNumber": "1181787",
    "commercialArticleNumber": "31500",
    "name": "Cacaopoeder Cankao",
    "description": "*Met zoetstoffen\n*-51% suiiker",
    "brand": "CANDEREL",
    "seoBrand": "Canderel",
    "thumbNail": "https://static.colruytgroup.com/images/200x200/std.lang.all/80/55/asset-3458055.jpg",
    "fullImage": "https://static.colruytgroup.com/images/500x500/std.lang.all/80/55/asset-3458055.jpg",
    "squareImage": "https://static.colruytgroup.com/images/500x500sq/std.lang.all/80/55/asset-3458055.jpg",
    "content": "250g",
    "walkRouteSequenceNumber": 1277,
    "price": {
      "basicPrice": 6.65,
      "recommendedQuantity": "1.0",
      "measurementUnitPrice": 26.6,
      "measurementUnit": "K",
      "isRedPrice": false,
      "pricePerUOM": 26.6,
      "activationDate": "13-03-2024",
      "isPromoActive": "Y",
      "priceChangeCode": "E"
    },
    "isAvailable": true,
    "isPriceAvailable": true,
    "inPromo": true,
    "promotion": [
      {
        "techPromoId": "100867COLR",
        "promotionId": "100867",
        "promotionType": "3",
        "isPersonalized": "N",
        "publicationStartDate": "13-03-2024",
        "publicationEndDate": "26-03-2024"
      }
    ],
    "gtin": [
      "03329750092507",
      "17640110707828"
    ],
    "topCategoryName": "Dranken",
    "topCategoryId": "354",
    "businessDomain": "RETAIL_BE",
    "IsPrivateLabel": false,
    "IsBiffe": false,
    "WeightconversionFactor": "0",
    "IsWeightArticle": false,
    "nutriscoreLabel": "A",
    "IsBio": false,
    "CountryOfOrigin": "NEDERLAND",
    "IsExclusivelySoldInLuxembourg": false,
    "OrderUnit": "P",
    "ShortName": "CAND CANKAO CACAOPO250G",
    "IsNew": false,
    "EcoscoreLabel": "D",
    "RecentQuanityOfStockUnits": "1,6",
    "LongName": "CANDEREL Cacaopoeder Cankao 250g",
    "AlcoholVolume": "0",
    "FicCode": "E",
    "EcoscoreValue": "34"
  },
  {
    "productId": "342482",
    "technicalArticleNumber": "3741486",
    "commercialArticleNumber": "16371",
    "name": "calvados 40%",
    "description": "*Calvados\n*Digestief\n*40,0 % vol",
    "brand": "MARIE GALANTE",
    "seoBrand": "Marie Galante",
    "thumbNail": "https://static.colruytgroup.com/images/200x200/std.lang.all/83/13/asset-1648313.jpg",
    "fullImage": "https://static.colruytgroup.com/images/500x500/std.lang.all/83/13/asset-1648313.jpg",
    "squareImage": "https://static.colruytgroup.com/images/500x500sq/std.lang.all/83/13/asset-1648313.jpg",
    "content": "70cl",
    "walkRouteSequenceNumber": 995,
    "price": {
      "basicPrice": 18.49,
      "recommendedQuantity": "1.0",
      "measurementUnitPrice": 26.42,
      "measurementUnit": "L",
      "isRedPrice": false,
      "pricePerUOM": 26.42,
      "activationDate": "28-02-2024",
      "recordSource": "Offline",
      "isPromoActive": "N",
      "priceChangeCode": "H"
    },
    "isAvailable": true,
    "isPriceAvailable": true,
    "inPromo": false,
    "gtin": [
      "05400141101614",
      "15400141101611"
    ],
    "topCategoryName": "Dranken",
    "topCategoryId": "354",
    "businessDomain": "RETAIL_BE",
    "IsPrivateLabel": true,
    "IsBiffe": false,
    "WeightconversionFactor": "0",
    "IsWeightArticle": false,
    "IsBio": false,
    "CountryOfOrigin": "FRANKRIJK",
    "IsExclusivelySoldInLuxembourg": false,
    "OrderUnit": "P",
    "ShortName": "MGAL CALVADOS 40% 70CL",
    "IsNew": false,
    "EcoscoreLabel": "C",
    "RecentQuanityOfStockUnits": "1,6",
    "LongName": "MARIE GALANTE calvados 40% 70cl",
    "AlcoholVolume": "40",
    "FicCode": "I",
    "EcoscoreValue": "51"
  },
  {
    "productId": "621943",
    "technicalArticleNumber": "4301717",
    "commercialArticleNumber": "23624",
    "name": "Spiced Rum 35%",
    "description": "*35% vol\n*Rum",
    "brand": "BACARDÍ",
    "seoBrand": "Bacardí",
    "thumbNail": "https://static.colruytgroup.com/images/200x200/std.lang.all/27/26/asset-2932726.jpg",
    "fullImage": "https://static.colruytgroup.com/images/500x500/std.lang.all/27/26/asset-2932726.jpg",
    "squareImage": "https://static.colruytgroup.com/images/500x500sq/std.lang.all/27/26/asset-2932726.jpg",
    "content": "70cl",
    "walkRouteSequenceNumber": 809,
    "price": {
      "basicPrice": 19.95,
      "recommendedQuantity": "1.0",
      "measurementUnitPrice": 28.5,
      "measurementUnit": "L",
      "isRedPrice": false,
      "pricePerUOM": 28.5,
      "activationDate": "13-03-2024",
      "recordSource": "Online",
      "isPromoActive": "Y",
      "priceChangeCode": "E"
    },
    "isAvailable": true,
    "isPriceAvailable": true,
    "inPromo": true,
    "promotion": [
      {
        "techPromoId": "100908COLR",
        "promotionId": "100908",
        "promotionType": "0",
        "isPersonalized": "N",
        "publicationStartDate": "13-03-2024",
        "publicationEndDate": "26-03-2024"
      }
    ],
    "gtin": [
      "07610113004227",
      "07610113007518"
    ],
    "topCategoryName": "Dranken",
    "topCategoryId": "354",
    "businessDomain": "RETAIL_BE",
    "IsPrivateLabel": false,
    "IsBiffe": false,
    "WeightconversionFactor": "0",
    "IsWeightArticle": false,
    "IsBio": false,
    "CountryOfOrigin": "ITALIË",
    "IsExclusivelySoldInLuxembourg": false,
    "OrderUnit": "P",
    "ShortName": "BACA SPICED 35% 70CL",
    "InSeason": true,
    "IsNew": false,
    "EcoscoreLabel": "D",
    "RecentQuanityOfStockUnits": "6,1",
    "LongName": "BACARDÍ Spiced Rum 35% 70cl",
    "AlcoholVolume": "35",
    "StartSeasonDate": "09/02/2022",
    "FicCode": "E",
    "EcoscoreValue": "38"
  },
  {
    "productId": "600799",
    "technicalArticleNumber": "4266876",
    "commercialArticleNumber": "18443",
    "name": "caps Delizioso 05",
    "description": "*Heel intense koffie\n*Verfijnd, vol aroma\n*Aluminium caps",
    "brand": "L'OR ESPRESSO",
    "seoBrand": "L'Or Espresso",
    "thumbNail": "https://static.colruytgroup.com/images/200x200/std.lang.all/11/64/asset-2201164.jpg",
    "fullImage": "https://static.colruytgroup.com/images/500x500/std.lang.all/11/64/asset-2201164.jpg",
    "squareImage": "https://static.colruytgroup.com/images/500x500sq/std.lang.all/11/64/asset-2201164.jpg",
    "content": "20st",
    "walkRouteSequenceNumber": 1051,
    "price": {
      "basicPrice": 6.55,
      "recommendedQuantity": "1.0",
      "measurementUnitPrice": 62.99,
      "measurementUnit": "K",
      "isRedPrice": false,
      "pricePerUOM": 62.99,
      "activationDate": "20-02-2024",
      "recordSource": "Offline",
      "isPromoActive": "N",
      "priceChangeCode": "H"
    },
    "isAvailable": true,
    "isPriceAvailable": true,
    "inPromo": false,
    "gtin": [
      "08711000360842",
      "08711000360798"
    ],
    "topCategoryName": "Dranken",
    "topCategoryId": "354",
    "businessDomain": "RETAIL_BE",
    "IsPrivateLabel": false,
    "IsBiffe": false,
    "WeightconversionFactor": "0",
    "IsWeightArticle": false,
    "nutriscoreLabel": "B",
    "IsBio": false,
    "CountryOfOrigin": "FRANKRIJK",
    "IsExclusivelySoldInLuxembourg": false,
    "OrderUnit": "P",
    "ShortName": "L OR ESP DELIZIOSO 20C",
    "IsNew": false,
    "RecentQuanityOfStockUnits": "1,10",
    "LongName": "L'OR ESPRESSO caps Delizioso 05 20st",
    "FicCode": "E"
  },
  {
    "productId": "335928",
    "technicalArticleNumber": "3814352",
    "commercialArticleNumber": "51207",
    "name": "Santa Anita RF gemalen",
    "description": "*Heel zachte koffie\n*Vol, rond, zachte\nafdronk\n*Costa Rica\n*Gemalen koffie",
    "brand": "GRAINDOR",
    "seoBrand": "Graindor",
    "thumbNail": "https://static.colruytgroup.com/images/200x200/std.lang.all/40/33/asset-3124033.jpg",
    "fullImage": "https://static.colruytgroup.com/images/500x500/std.lang.all/40/33/asset-3124033.jpg",
    "squareImage": "https://static.colruytgroup.com/images/500x500sq/std.lang.all/40/33/asset-3124033.jpg",
    "content": "500g",
    "walkRouteSequenceNumber": 1084,
    "price": {
      "basicPrice": 7.9,
      "recommendedQuantity": "1.0",
      "measurementUnitPrice": 15.8,
      "measurementUnit": "K",
      "isRedPrice": false,
      "pricePerUOM": 15.8,
      "activationDate": "13-03-2024",
      "isPromoActive": "N",
      "priceChangeCode": "H"
    },
    "isAvailable": true,
    "isPriceAvailable": true,
    "inPromo": false,
    "gtin": [
      "05400141034035"
    ],
    "topCategoryName": "Dranken",
    "topCategoryId": "354",
    "businessDomain": "RETAIL_BE",
    "IsPrivateLabel": true,
    "IsBiffe": false,
    "WeightconversionFactor": "0",
    "IsWeightArticle": false,
    "nutriscoreLabel": "B",
    "IsBio": false,
    "CountryOfOrigin": "COSTA RICA",
    "IsExclusivelySoldInLuxembourg": false,
    "OrderUnit": "P",
    "ShortName": "GRAI SANTA ANITA RF500G",
    "IsNew": false,
    "EcoscoreLabel": "B",
    "RecentQuanityOfStockUnits": "1",
    "LongName": "GRAINDOR Santa Anita RF gemalen 500g",
    "AlcoholVolume": "0",
    "FicCode": "I",
    "EcoscoreValue": "61"
  },
  {
    "productId": "614608",
    "technicalArticleNumber": "4289954",
    "commercialArticleNumber": "23348",
    "name": "caps Caramel Macchiato",
    "description": "*Zachte koffie\n*Caps",
    "brand": "STARBUCKS",
    "seoBrand": "Starbucks",
    "thumbNail": "https://static.colruytgroup.com/images/200x200/std.lang.all/24/45/asset-3452445.jpg",
    "fullImage": "https://static.colruytgroup.com/images/500x500/std.lang.all/24/45/asset-3452445.jpg",
    "squareImage": "https://static.colruytgroup.com/images/500x500sq/std.lang.all/24/45/asset-3452445.jpg",
    "content": "12st",
    "walkRouteSequenceNumber": 1117,
    "price": {
      "basicPrice": 5.49,
      "recommendedQuantity": "1.0",
      "quantityPrice": 4.31,
      "quantityPriceQuantity": "2.0",
      "measurementUnitPrice": 42.9,
      "measurementUnitQuantityPrice": 33.68,
      "measurementUnit": "K",
      "isRedPrice": false,
      "pricePerUOM": 42.9,
      "activationDate": "21-03-2024",
      "recordSource": "Offline",
      "isPromoActive": "N",
      "priceChangeCode": "E",
      "quantityPricePerUOM": 33.68,
      "quantityActivationDate": "21-03-2024",
      "quantityPriceChangeCode": "L"
    },
    "isAvailable": true,
    "isPriceAvailable": true,
    "inPromo": false,
    "gtin": [
      "07613036943765",
      "07613036943796"
    ],
    "topCategoryName": "Dranken",
    "topCategoryId": "354",
    "businessDomain": "RETAIL_BE",
    "IsPrivateLabel": false,
    "IsBiffe": false,
    "WeightconversionFactor": "0",
    "IsWeightArticle": false,
    "IsBio": false,
    "CountryOfOrigin": "VERENIGD KONINKRIJK",
    "IsExclusivelySoldInLuxembourg": false,
    "OrderUnit": "P",
    "ShortName": "STAR CAR.MACCHIATO12CAP",
    "IsNew": false,
    "RecentQuanityOfStockUnits": "1,3",
    "LongName": "STARBUCKS caps Caramel Macchiato 12st",
    "FicCode": "E"
  },
  {
    "productId": "1163",
    "technicalArticleNumber": "17800",
    "commercialArticleNumber": "17800",
    "name": "cider demi sec",
    "description": "Sprankelende drank van appelen\nmet een licht alcoholgehalte\n(5 % vol.). Koel en fris\nopdienen. Bewaring: 2 jaar.",
    "brand": "EVERYDAY",
    "seoBrand": "Everyday",
    "thumbNail": "https://static.colruytgroup.com/images/200x200/std.lang.all/30/04/asset-373004.jpg",
    "fullImage": "https://static.colruytgroup.com/images/500x500/std.lang.all/30/04/asset-373004.jpg",
    "squareImage": "https://static.colruytgroup.com/images/500x500sq/std.lang.all/30/04/asset-373004.jpg",
    "content": "75cl",
    "walkRouteSequenceNumber": 694,
    "price": {
      "basicPrice": 2.25,
      "recommendedQuantity": "1.0",
      "measurementUnitPrice": 3,
      "measurementUnit": "L",
      "isRedPrice": false,
      "pricePerUOM": 3,
      "activationDate": "30-01-2024",
      "recordSource": "Offline",
      "isPromoActive": "N",
      "priceChangeCode": "H"
    },
    "isAvailable": true,
    "isPriceAvailable": true,
    "inPromo": false,
    "gtin": [
      "05400141015317",
      "25400141015311"
    ],
    "topCategoryName": "Dranken",
    "topCategoryId": "354",
    "businessDomain": "RETAIL_BE",
    "IsPrivateLabel": true,
    "IsBiffe": false,
    "WeightconversionFactor": "0",
    "IsWeightArticle": false,
    "IsBio": false,
    "CountryOfOrigin": "BELGIË",
    "IsExclusivelySoldInLuxembourg": false,
    "OrderUnit": "P",
    "ShortName": "EVERYDAY CIDER DS 75CL",
    "IsNew": false,
    "EcoscoreLabel": "C",
    "RecentQuanityOfStockUnits": "1,6",
    "LongName": "EVERYDAY cider demi sec 75cl",
    "AlcoholVolume": "5",
    "FicCode": "I",
    "EcoscoreValue": "44"
  },
  {
    "productId": "598123",
    "technicalArticleNumber": "4261881",
    "commercialArticleNumber": "6087",
    "name": "Sexy Blond 8,0%vol",
    "description": "*Blond bier\n*8 % vol",
    "brand": "MARTHA",
    "seoBrand": "Martha",
    "thumbNail": "https://static.colruytgroup.com/images/200x200/std.lang.all/34/97/asset-3443497.jpg",
    "fullImage": "https://static.colruytgroup.com/images/500x500/std.lang.all/34/97/asset-3443497.jpg",
    "squareImage": "https://static.colruytgroup.com/images/500x500sq/std.lang.all/34/97/asset-3443497.jpg",
    "content": "6x33cl",
    "walkRouteSequenceNumber": 3674,
    "price": {
      "basicPrice": 10.62,
      "recommendedQuantity": "1.0",
      "quantityPrice": 9.77,
      "quantityPriceQuantity": "3.0",
      "measurementUnitPrice": 5.37,
      "measurementUnitQuantityPrice": 4.94,
      "measurementUnit": "L",
      "isRedPrice": false,
      "pricePerUOM": 5.37,
      "activationDate": "13-03-2024",
      "isPromoActive": "Y",
      "priceChangeCode": "E",
      "quantityPricePerUOM": 4.94,
      "quantityActivationDate": "13-03-2024",
      "quantityPriceChangeCode": "E"
    },
    "isAvailable": true,
    "isPriceAvailable": true,
    "inPromo": false,
    "gtin": [
      "05400141396812",
      "05430000716000"
    ],
    "topCategoryName": "Dranken",
    "topCategoryId": "354",
    "businessDomain": "RETAIL_BE",
    "IsPrivateLabel": false,
    "IsBiffe": false,
    "WeightconversionFactor": "0",
    "IsWeightArticle": false,
    "IsBio": false,
    "CountryOfOrigin": "BELGIË",
    "IsExclusivelySoldInLuxembourg": false,
    "OrderUnit": "P",
    "ShortName": "MART SEXY BLOND 6X33CL",
    "IsNew": false,
    "EcoscoreLabel": "D",
    "RecentQuanityOfStockUnits": "1",
    "LongName": "MARTHA Sexy Blond 8,0%vol 6x33cl",
    "AlcoholVolume": "8",
    "FicCode": "E",
    "DepositValue": [
      0.6
    ],
    "EcoscoreValue": "37"
  },
  {
    "productId": "19158",
    "technicalArticleNumber": "1773917",
    "commercialArticleNumber": "5114",
    "name": "Finest Platinum 12%vol blik",
    "description": "*Engels bier\n*12 % vol",
    "brand": "GORDON",
    "seoBrand": "Gordon Finest Platinum",
    "thumbNail": "https://static.colruytgroup.com/images/200x200/std.lang.all/91/91/asset-1549191.jpg",
    "fullImage": "https://static.colruytgroup.com/images/500x500/std.lang.all/91/91/asset-1549191.jpg",
    "squareImage": "https://static.colruytgroup.com/images/500x500sq/std.lang.all/91/91/asset-1549191.jpg",
    "content": "50cl",
    "walkRouteSequenceNumber": 3732,
    "price": {
      "basicPrice": 3.05,
      "recommendedQuantity": "1.0",
      "quantityPrice": 2.93,
      "quantityPriceQuantity": "24.0",
      "measurementUnitPrice": 6.1,
      "measurementUnitQuantityPrice": 5.86,
      "measurementUnit": "L",
      "isRedPrice": false,
      "pricePerUOM": 6.1,
      "activationDate": "08-03-2024",
      "recordSource": "Offline",
      "isPromoActive": "N",
      "priceChangeCode": "E",
      "quantityPricePerUOM": 5.86,
      "quantityActivationDate": "08-03-2024",
      "quantityPriceChangeCode": "E"
    },
    "isAvailable": true,
    "isPriceAvailable": true,
    "inPromo": false,
    "gtin": [
      "05410218560008",
      "05410218560015"
    ],
    "topCategoryName": "Dranken",
    "topCategoryId": "354",
    "businessDomain": "RETAIL_BE",
    "IsPrivateLabel": false,
    "IsBiffe": false,
    "WeightconversionFactor": "0",
    "IsWeightArticle": false,
    "IsBio": false,
    "CountryOfOrigin": "BELGIË",
    "IsExclusivelySoldInLuxembourg": false,
    "OrderUnit": "P",
    "ShortName": "GORDON PLATINUM 50CL",
    "IsNew": false,
    "EcoscoreLabel": "D",
    "RecentQuanityOfStockUnits": "1,24",
    "LongName": "GORDON Finest Platinum 12%vol blik 50cl",
    "AlcoholVolume": "12",
    "FicCode": "E",
    "EcoscoreValue": "37"
  },
  {
    "productId": "439",
    "technicalArticleNumber": "5150",
    "commercialArticleNumber": "5150",
    "name": "poeder Hydrate&Perform cit.",
    "description": "*Sportdrank\n*Smaak: citroen\n*Poeder",
    "brand": "ISOSTAR",
    "seoBrand": "Isostar",
    "thumbNail": "https://static.colruytgroup.com/images/200x200/std.lang.all/17/43/asset-611743.jpg",
    "fullImage": "https://static.colruytgroup.com/images/500x500/std.lang.all/17/43/asset-611743.jpg",
    "squareImage": "https://static.colruytgroup.com/images/500x500sq/std.lang.all/17/43/asset-611743.jpg",
    "content": "400g",
    "walkRouteSequenceNumber": 4725,
    "price": {
      "basicPrice": 8.75,
      "recommendedQuantity": "1.0",
      "measurementUnitPrice": 21.88,
      "measurementUnit": "K",
      "isRedPrice": false,
      "pricePerUOM": 21.88,
      "activationDate": "23-03-2024",
      "recordSource": "Offline",
      "isPromoActive": "N",
      "priceChangeCode": "H"
    },
    "isAvailable": true,
    "isPriceAvailable": true,
    "inPromo": false,
    "gtin": [
      "07612100034552",
      "03175681019690"
    ],
    "topCategoryName": "Dranken",
    "topCategoryId": "354",
    "businessDomain": "RETAIL_BE",
    "IsPrivateLabel": false,
    "IsBiffe": false,
    "WeightconversionFactor": "0",
    "IsWeightArticle": false,
    "IsBio": false,
    "CountryOfOrigin": "ZWITSERLAND",
    "IsExclusivelySoldInLuxembourg": false,
    "OrderUnit": "P",
    "ShortName": "ISOST.POED.LEMON 400 GR",
    "IsNew": false,
    "RecentQuanityOfStockUnits": "1,6",
    "LongName": "ISOSTAR poeder Hydrate&Perform cit. 400g",
    "AlcoholVolume": "0",
    "FicCode": "E"
  },
  {
    "productId": "802571",
    "technicalArticleNumber": "4618578",
    "commercialArticleNumber": "11407",
    "name": "Café koffieb. delicaat rond",
    "description": "*Koffiebonen",
    "brand": "D.E.",
    "seoBrand": "Douwe Egberts",
    "thumbNail": "https://static.colruytgroup.com/images/200x200/std.lang.all/40/29/asset-2874029.jpg",
    "fullImage": "https://static.colruytgroup.com/images/500x500/std.lang.all/40/29/asset-2874029.jpg",
    "squareImage": "https://static.colruytgroup.com/images/500x500sq/std.lang.all/40/29/asset-2874029.jpg",
    "content": "500g",
    "walkRouteSequenceNumber": 1022,
    "price": {
      "basicPrice": 9.98,
      "recommendedQuantity": "1.0",
      "measurementUnitPrice": 19.96,
      "measurementUnit": "K",
      "isRedPrice": false,
      "pricePerUOM": 19.96,
      "activationDate": "23-03-2024",
      "recordSource": "Offline",
      "isPromoActive": "N",
      "priceChangeCode": "H"
    },
    "isAvailable": true,
    "isPriceAvailable": true,
    "inPromo": false,
    "gtin": [
      "08711000856451",
      "08711000856468"
    ],
    "topCategoryName": "Dranken",
    "topCategoryId": "354",
    "businessDomain": "RETAIL_BE",
    "IsPrivateLabel": false,
    "IsBiffe": false,
    "WeightconversionFactor": "0",
    "IsWeightArticle": false,
    "nutriscoreLabel": "B",
    "IsBio": false,
    "CountryOfOrigin": "POLEN",
    "IsExclusivelySoldInLuxembourg": false,
    "OrderUnit": "P",
    "ShortName": "D.E. CAFE B.DEL.RON500G",
    "IsNew": false,
    "RecentQuanityOfStockUnits": "4,1",
    "LongName": "D.E. Café koffieb. delicaat rond 500g",
    "FicCode": "E"
  },
  {
    "productId": "603834",
    "technicalArticleNumber": "4272368",
    "commercialArticleNumber": "22986",
    "name": "caps Lungo Classico",
    "description": "*Zachte koffie\n*Aluminium caps",
    "brand": "ILLY",
    "seoBrand": "Illy",
    "thumbNail": "https://static.colruytgroup.com/images/200x200/std.lang.all/84/06/asset-2138406.jpg",
    "fullImage": "https://static.colruytgroup.com/images/500x500/std.lang.all/84/06/asset-2138406.jpg",
    "squareImage": "https://static.colruytgroup.com/images/500x500sq/std.lang.all/84/06/asset-2138406.jpg",
    "content": "10st",
    "walkRouteSequenceNumber": 1053,
    "price": {
      "basicPrice": 4.99,
      "recommendedQuantity": "1.0",
      "measurementUnitPrice": 87.55,
      "measurementUnit": "K",
      "isRedPrice": false,
      "pricePerUOM": 87.55,
      "activationDate": "19-03-2024",
      "recordSource": "Offline",
      "isPromoActive": "N",
      "priceChangeCode": "E"
    },
    "isAvailable": true,
    "isPriceAvailable": true,
    "inPromo": false,
    "gtin": [
      "08003753158600",
      "08003753158617"
    ],
    "topCategoryName": "Dranken",
    "topCategoryId": "354",
    "businessDomain": "RETAIL_BE",
    "IsPrivateLabel": false,
    "IsBiffe": false,
    "WeightconversionFactor": "0",
    "IsWeightArticle": false,
    "nutriscoreLabel": "B",
    "IsBio": false,
    "CountryOfOrigin": "FRANKRIJK",
    "IsExclusivelySoldInLuxembourg": false,
    "OrderUnit": "P",
    "ShortName": "ILLY LUNGO CLASS.10CAPS",
    "IsNew": false,
    "RecentQuanityOfStockUnits": "1,10",
    "LongName": "ILLY caps Lungo Classico 10st",
    "FicCode": "E"
  },
  {
    "productId": "797542",
    "technicalArticleNumber": "4608944",
    "commercialArticleNumber": "3028",
    "name": "Pecheresse 2,5%",
    "description": "*Lambiek\n*2,5 % vol\n*Smaak: perzik",
    "brand": "LINDEMANS",
    "seoBrand": "Lindemans",
    "thumbNail": "https://static.colruytgroup.com/images/200x200/std.lang.all/65/22/asset-2826522.jpg",
    "fullImage": "https://static.colruytgroup.com/images/500x500/std.lang.all/65/22/asset-2826522.jpg",
    "squareImage": "https://static.colruytgroup.com/images/500x500sq/std.lang.all/65/22/asset-2826522.jpg",
    "content": "8x25cl",
    "walkRouteSequenceNumber": 3767,
    "price": {
      "basicPrice": 11.28,
      "recommendedQuantity": "1.0",
      "quantityPrice": 10.83,
      "quantityPriceQuantity": "3.0",
      "measurementUnitPrice": 5.64,
      "measurementUnitQuantityPrice": 5.42,
      "measurementUnit": "L",
      "isRedPrice": false,
      "pricePerUOM": 5.64,
      "activationDate": "13-03-2024",
      "recordSource": "Online",
      "isPromoActive": "Y",
      "priceChangeCode": "E",
      "quantityPricePerUOM": 5.42,
      "quantityActivationDate": "13-03-2024",
      "quantityPriceChangeCode": "E"
    },
    "isAvailable": true,
    "isPriceAvailable": true,
    "inPromo": false,
    "gtin": [
      "05400141487602",
      "05411223030043"
    ],
    "topCategoryName": "Dranken",
    "topCategoryId": "354",
    "businessDomain": "RETAIL_BE",
    "IsPrivateLabel": false,
    "IsBiffe": false,
    "WeightconversionFactor": "0",
    "IsWeightArticle": false,
    "IsBio": false,
    "CountryOfOrigin": "BELGIË",
    "IsExclusivelySoldInLuxembourg": false,
    "OrderUnit": "P",
    "ShortName": "LIND PECHERESSE 8X25CL",
    "IsNew": false,
    "EcoscoreLabel": "B",
    "RecentQuanityOfStockUnits": "1",
    "LongName": "LINDEMANS Pecheresse 2,5% 8x25cl",
    "AlcoholVolume": "2.5",
    "FicCode": "E",
    "DepositValue": [
      0.8
    ],
    "EcoscoreValue": "71"
  },
  {
    "productId": "1395",
    "technicalArticleNumber": "19285",
    "commercialArticleNumber": "19285",
    "name": "Aperitivo Italiano 14,5%vol",
    "description": "*Vermouth\n*Aperitief\n*14,5 % vol",
    "brand": "GANCIA",
    "seoBrand": "Gancia",
    "thumbNail": "https://static.colruytgroup.com/images/200x200/std.lang.all/11/25/asset-611125.jpg",
    "fullImage": "https://static.colruytgroup.com/images/500x500/std.lang.all/11/25/asset-611125.jpg",
    "squareImage": "https://static.colruytgroup.com/images/500x500sq/std.lang.all/11/25/asset-611125.jpg",
    "content": "75cl",
    "walkRouteSequenceNumber": 855,
    "price": {
      "basicPrice": 9.69,
      "recommendedQuantity": "1.0",
      "measurementUnitPrice": 12.92,
      "measurementUnit": "L",
      "isRedPrice": false,
      "pricePerUOM": 12.92,
      "activationDate": "05-03-2024",
      "recordSource": "Offline",
      "isPromoActive": "N",
      "priceChangeCode": "H"
    },
    "isAvailable": true,
    "isPriceAvailable": true,
    "inPromo": false,
    "gtin": [
      "05413976003695",
      "28000420022350",
      "08000420022356",
      "05413976003701",
      "08000420810892"
    ],
    "topCategoryName": "Dranken",
    "topCategoryId": "354",
    "businessDomain": "RETAIL_BE",
    "IsPrivateLabel": false,
    "IsBiffe": false,
    "WeightconversionFactor": "0",
    "IsWeightArticle": false,
    "IsBio": false,
    "CountryOfOrigin": "ITALIË",
    "IsExclusivelySoldInLuxembourg": false,
    "OrderUnit": "P",
    "ShortName": "GANCIA 75CL",
    "IsNew": false,
    "EcoscoreLabel": "D",
    "RecentQuanityOfStockUnits": "1",
    "LongName": "GANCIA Aperitivo Italiano 14,5%vol 75cl",
    "AlcoholVolume": "14.5",
    "FicCode": "E",
    "EcoscoreValue": "27"
  },
  {
    "productId": "770006",
    "technicalArticleNumber": "4556821",
    "commercialArticleNumber": "22103",
    "name": "pils 5,2% blik",
    "description": "*Pils\n*5,2 % vol",
    "brand": "CRISTAL XTRA",
    "seoBrand": "Cristal XTRA",
    "thumbNail": "https://static.colruytgroup.com/images/200x200/std.lang.all/27/28/asset-2932728.jpg",
    "fullImage": "https://static.colruytgroup.com/images/500x500/std.lang.all/27/28/asset-2932728.jpg",
    "squareImage": "https://static.colruytgroup.com/images/500x500sq/std.lang.all/27/28/asset-2932728.jpg",
    "content": "33cl",
    "walkRouteSequenceNumber": 3830,
    "price": {
      "basicPrice": 1.38,
      "recommendedQuantity": "6.0",
      "measurementUnitPrice": 4.19,
      "measurementUnit": "L",
      "isRedPrice": false,
      "pricePerUOM": 4.19,
      "activationDate": "13-03-2024",
      "recordSource": "Online",
      "isPromoActive": "Y",
      "priceChangeCode": "E"
    },
    "isAvailable": true,
    "isPriceAvailable": true,
    "inPromo": true,
    "promotion": [
      {
        "techPromoId": "100963COLR",
        "promotionId": "100963",
        "promotionType": "3",
        "isPersonalized": "N",
        "publicationStartDate": "13-03-2024",
        "publicationEndDate": "26-03-2024"
      }
    ],
    "gtin": [
      "05410263926255",
      "05410263926279",
      "05410263926262"
    ],
    "topCategoryName": "Dranken",
    "topCategoryId": "354",
    "businessDomain": "RETAIL_BE",
    "IsPrivateLabel": false,
    "IsBiffe": false,
    "WeightconversionFactor": "0",
    "IsWeightArticle": false,
    "IsBio": false,
    "CountryOfOrigin": "BELGIË",
    "IsExclusivelySoldInLuxembourg": false,
    "OrderUnit": "P",
    "ShortName": "CRIS XTRA PILS BLIK33CL",
    "IsNew": false,
    "EcoscoreLabel": "B",
    "RecentQuanityOfStockUnits": "24,6,1",
    "LongName": "CRISTAL XTRA pils 5,2% blik 33cl",
    "AlcoholVolume": "5.2",
    "FicCode": "E",
    "EcoscoreValue": "67"
  },
  {
    "productId": "53762",
    "technicalArticleNumber": "2174648",
    "commercialArticleNumber": "6119",
    "name": "scotch Ale 8,0%vol",
    "description": "*Engels bier\n*8 % vol",
    "brand": "GORDON",
    "seoBrand": "Gordon",
    "thumbNail": "https://static.colruytgroup.com/images/200x200/std.lang.all/88/04/asset-3378804.jpg",
    "fullImage": "https://static.colruytgroup.com/images/500x500/std.lang.all/88/04/asset-3378804.jpg",
    "squareImage": "https://static.colruytgroup.com/images/500x500sq/std.lang.all/88/04/asset-3378804.jpg",
    "content": "6x33cl",
    "walkRouteSequenceNumber": 3651,
    "price": {
      "basicPrice": 7.25,
      "recommendedQuantity": "1.0",
      "quantityPrice": 6.96,
      "quantityPriceQuantity": "3.0",
      "measurementUnitPrice": 3.67,
      "measurementUnitQuantityPrice": 3.52,
      "measurementUnit": "L",
      "isRedPrice": false,
      "pricePerUOM": 3.67,
      "activationDate": "21-03-2024",
      "recordSource": "Offline",
      "isPromoActive": "N",
      "priceChangeCode": "L",
      "quantityPricePerUOM": 3.52,
      "quantityActivationDate": "21-03-2024",
      "quantityPriceChangeCode": "L"
    },
    "isAvailable": true,
    "isPriceAvailable": true,
    "inPromo": false,
    "gtin": [
      "00000054004009",
      "05400141061192"
    ],
    "topCategoryName": "Dranken",
    "topCategoryId": "354",
    "businessDomain": "RETAIL_BE",
    "IsPrivateLabel": false,
    "IsBiffe": false,
    "WeightconversionFactor": "0",
    "IsWeightArticle": false,
    "IsBio": false,
    "CountryOfOrigin": "BELGIË",
    "IsExclusivelySoldInLuxembourg": false,
    "OrderUnit": "P",
    "ShortName": "GORDON SCOTCH 6X33CL",
    "IsNew": false,
    "EcoscoreLabel": "D",
    "RecentQuanityOfStockUnits": "1",
    "LongName": "GORDON scotch Ale 8,0%vol 6x33cl",
    "AlcoholVolume": "8",
    "FicCode": "E",
    "DepositValue": [
      0.6
    ],
    "EcoscoreValue": "37"
  },
  {
    "productId": "734931",
    "technicalArticleNumber": "4495815",
    "commercialArticleNumber": "19377",
    "name": "0,0%",
    "description": "*Alcoholvrij\naperitief",
    "brand": "GORDON'S",
    "seoBrand": "Gordon's",
    "thumbNail": "https://static.colruytgroup.com/images/200x200/std.lang.all/04/23/asset-2700423.jpg",
    "fullImage": "https://static.colruytgroup.com/images/500x500/std.lang.all/04/23/asset-2700423.jpg",
    "squareImage": "https://static.colruytgroup.com/images/500x500sq/std.lang.all/04/23/asset-2700423.jpg",
    "content": "70cl",
    "walkRouteSequenceNumber": 632,
    "price": {
      "basicPrice": 13.99,
      "recommendedQuantity": "1.0",
      "measurementUnitPrice": 19.99,
      "measurementUnit": "L",
      "isRedPrice": false,
      "pricePerUOM": 19.99,
      "activationDate": "27-02-2024",
      "recordSource": "Offline",
      "isPromoActive": "N",
      "priceChangeCode": "H"
    },
    "isAvailable": true,
    "isPriceAvailable": true,
    "inPromo": false,
    "gtin": [
      "05000289933612",
      "05000289933605"
    ],
    "topCategoryName": "Dranken",
    "topCategoryId": "354",
    "businessDomain": "RETAIL_BE",
    "IsPrivateLabel": false,
    "IsBiffe": false,
    "WeightconversionFactor": "0",
    "IsWeightArticle": false,
    "nutriscoreLabel": "C",
    "IsBio": false,
    "CountryOfOrigin": "NEDERLAND",
    "IsExclusivelySoldInLuxembourg": false,
    "OrderUnit": "P",
    "ShortName": "GORD 0.0% 70CL",
    "IsNew": false,
    "RecentQuanityOfStockUnits": "1",
    "LongName": "GORDON'S 0,0% 70cl",
    "AlcoholVolume": "0",
    "FicCode": "E"
  },
  {
    "productId": "318291",
    "technicalArticleNumber": "3770304",
    "commercialArticleNumber": "16433",
    "name": "pastis zonder alcohol",
    "description": "*Pastis\n*Alcoholvrij",
    "brand": "MARIE GALANTE",
    "seoBrand": "Marie Galante",
    "thumbNail": "https://static.colruytgroup.com/images/200x200/std.lang.all/90/84/asset-1519084.jpg",
    "fullImage": "https://static.colruytgroup.com/images/500x500/std.lang.all/90/84/asset-1519084.jpg",
    "squareImage": "https://static.colruytgroup.com/images/500x500sq/std.lang.all/90/84/asset-1519084.jpg",
    "content": "1L",
    "walkRouteSequenceNumber": 594,
    "price": {
      "basicPrice": 3.25,
      "recommendedQuantity": "1.0",
      "quantityPrice": 2.99,
      "quantityPriceQuantity": "6.0",
      "measurementUnitPrice": 3.25,
      "measurementUnitQuantityPrice": 2.99,
      "measurementUnit": "L",
      "isRedPrice": false,
      "pricePerUOM": 3.25,
      "activationDate": "26-12-2023",
      "recordSource": "Offline",
      "isPromoActive": "N",
      "priceChangeCode": "E",
      "quantityPricePerUOM": 2.99,
      "quantityActivationDate": "26-12-2023",
      "quantityPriceChangeCode": "H"
    },
    "isAvailable": true,
    "isPriceAvailable": true,
    "inPromo": false,
    "gtin": [
      "15400141103691",
      "05400141103694"
    ],
    "topCategoryName": "Dranken",
    "topCategoryId": "354",
    "businessDomain": "RETAIL_BE",
    "IsPrivateLabel": true,
    "IsBiffe": false,
    "WeightconversionFactor": "0",
    "IsWeightArticle": false,
    "nutriscoreLabel": "B",
    "IsBio": false,
    "CountryOfOrigin": "FRANKRIJK",
    "IsExclusivelySoldInLuxembourg": false,
    "OrderUnit": "P",
    "ShortName": "M.GAL PASTIS Z.ALCOH.1L",
    "IsNew": false,
    "RecentQuanityOfStockUnits": "6,1",
    "LongName": "MARIE GALANTE pastis zonder alcohol 1L",
    "AlcoholVolume": "0",
    "FicCode": "I"
  },
  {
    "productId": "46298",
    "technicalArticleNumber": "2455306",
    "commercialArticleNumber": "14719",
    "name": "zwarte thee FT",
    "description": "*Zwarte thee",
    "brand": "BONI BIO",
    "seoBrand": "Boni Selection Bio",
    "thumbNail": "https://static.colruytgroup.com/images/200x200/std.lang.all/09/89/asset-3360989.jpg",
    "fullImage": "https://static.colruytgroup.com/images/500x500/std.lang.all/09/89/asset-3360989.jpg",
    "squareImage": "https://static.colruytgroup.com/images/500x500sq/std.lang.all/09/89/asset-3360989.jpg",
    "content": "25st",
    "walkRouteSequenceNumber": 1251,
    "price": {
      "basicPrice": 1.39,
      "recommendedQuantity": "1.0",
      "measurementUnitPrice": 27.8,
      "measurementUnit": "K",
      "isRedPrice": false,
      "pricePerUOM": 27.8,
      "activationDate": "20-03-2024",
      "recordSource": "Folder",
      "isPromoActive": "N",
      "priceChangeCode": "L"
    },
    "isAvailable": true,
    "isPriceAvailable": true,
    "inPromo": false,
    "gtin": [
      "15400141399483",
      "05400141399486",
      "05400141207316",
      "05400141260472",
      "15400141207313"
    ],
    "topCategoryName": "Dranken",
    "topCategoryId": "354",
    "businessDomain": "RETAIL_BE",
    "IsPrivateLabel": true,
    "IsBiffe": false,
    "WeightconversionFactor": "0",
    "IsWeightArticle": false,
    "nutriscoreLabel": "B",
    "IsBio": true,
    "CountryOfOrigin": "INDIA",
    "IsExclusivelySoldInLuxembourg": false,
    "OrderUnit": "P",
    "ShortName": "BONI BIO FT ZW.THEE25ST",
    "IsNew": false,
    "EcoscoreLabel": "A",
    "RecentQuanityOfStockUnits": "1,12",
    "LongName": "BONI BIO zwarte thee FT 25st",
    "AlcoholVolume": "0",
    "FicCode": "I",
    "EcoscoreValue": "100"
  },
  {
    "productId": "783879",
    "technicalArticleNumber": "4582903",
    "commercialArticleNumber": "8051",
    "name": "Extreme 10,5% blik",
    "description": "*Zwaar blond bier\n*10,5 % vol",
    "brand": "8.6",
    "seoBrand": "8.6",
    "thumbNail": "https://static.colruytgroup.com/images/200x200/std.lang.all/83/89/asset-2818389.jpg",
    "fullImage": "https://static.colruytgroup.com/images/500x500/std.lang.all/83/89/asset-2818389.jpg",
    "squareImage": "https://static.colruytgroup.com/images/500x500sq/std.lang.all/83/89/asset-2818389.jpg",
    "content": "50cl",
    "walkRouteSequenceNumber": 3736,
    "price": {
      "basicPrice": 2,
      "recommendedQuantity": "1.0",
      "quantityPrice": 1.92,
      "quantityPriceQuantity": "4.0",
      "measurementUnitPrice": 4,
      "measurementUnitQuantityPrice": 3.84,
      "measurementUnit": "L",
      "isRedPrice": false,
      "pricePerUOM": 4,
      "activationDate": "21-03-2024",
      "isPromoActive": "Y",
      "priceChangeCode": "E",
      "quantityPricePerUOM": 3.84,
      "quantityActivationDate": "21-03-2024",
      "quantityPriceChangeCode": "E"
    },
    "isAvailable": true,
    "isPriceAvailable": true,
    "inPromo": true,
    "promotion": [
      {
        "techPromoId": "100923COLR",
        "promotionId": "100923",
        "promotionType": "4",
        "isPersonalized": "N",
        "publicationStartDate": "13-03-2024",
        "publicationEndDate": "26-03-2024"
      }
    ],
    "gtin": [
      "08714800026932",
      "08714800026949"
    ],
    "topCategoryName": "Dranken",
    "topCategoryId": "354",
    "businessDomain": "RETAIL_BE",
    "IsPrivateLabel": false,
    "IsBiffe": false,
    "WeightconversionFactor": "0",
    "IsWeightArticle": false,
    "IsBio": false,
    "CountryOfOrigin": "NEDERLAND",
    "IsExclusivelySoldInLuxembourg": false,
    "OrderUnit": "P",
    "ShortName": "8.6 EXTREME BLIK 50CL",
    "IsNew": false,
    "EcoscoreLabel": "D",
    "RecentQuanityOfStockUnits": "12,1",
    "LongName": "8.6 Extreme 10,5% blik 50cl",
    "AlcoholVolume": "10.5",
    "FicCode": "E",
    "EcoscoreValue": "37"
  },
  {
    "productId": "891448",
    "technicalArticleNumber": "4752467",
    "commercialArticleNumber": "18159",
    "name": "Limited Edition blik",
    "description": "*Pilsbier\n*5,2 % vol",
    "brand": "STELLA ARTOIS",
    "seoBrand": "Stella Artois",
    "thumbNail": "https://static.colruytgroup.com/images/200x200/std.lang.all/85/59/asset-3328559.jpg",
    "fullImage": "https://static.colruytgroup.com/images/500x500/std.lang.all/85/59/asset-3328559.jpg",
    "squareImage": "https://static.colruytgroup.com/images/500x500sq/std.lang.all/85/59/asset-3328559.jpg",
    "content": "44cl",
    "walkRouteSequenceNumber": 1549,
    "price": {
      "basicPrice": 1.33,
      "recommendedQuantity": "6.0",
      "measurementUnitPrice": 3.03,
      "measurementUnit": "L",
      "isRedPrice": false,
      "pricePerUOM": 3.03,
      "activationDate": "13-03-2024",
      "recordSource": "Offline",
      "isPromoActive": "N",
      "priceChangeCode": "E"
    },
    "isAvailable": true,
    "isPriceAvailable": true,
    "inPromo": false,
    "gtin": [
      "05410228317050",
      "05410228317029",
      "05410228317043"
    ],
    "topCategoryName": "Dranken",
    "topCategoryId": "354",
    "businessDomain": "RETAIL_BE",
    "IsPrivateLabel": false,
    "IsBiffe": false,
    "WeightconversionFactor": "0",
    "IsWeightArticle": false,
    "IsBio": false,
    "CountryOfOrigin": "BELGIË",
    "IsExclusivelySoldInLuxembourg": false,
    "OrderUnit": "P",
    "ShortName": "STEL PILS LIMIT.ED.44CL",
    "IsNew": false,
    "RecentQuanityOfStockUnits": "6,1,24",
    "LongName": "STELLA ARTOIS Limited Edition blik 44cl",
    "AlcoholVolume": "5.2",
    "FicCode": "E"
  },
  {
    "productId": "870310",
    "technicalArticleNumber": "4723917",
    "commercialArticleNumber": "21775",
    "name": "caps Decaffeinato 6",
    "description": "*Deca\n*Aluminium caps",
    "brand": "L'OR ESPRESSO",
    "seoBrand": "L'Or Espresso",
    "thumbNail": "https://static.colruytgroup.com/images/200x200/std.lang.all/74/03/asset-3207403.jpg",
    "fullImage": "https://static.colruytgroup.com/images/500x500/std.lang.all/74/03/asset-3207403.jpg",
    "squareImage": "https://static.colruytgroup.com/images/500x500sq/std.lang.all/74/03/asset-3207403.jpg",
    "content": "20st",
    "walkRouteSequenceNumber": 1050,
    "price": {
      "basicPrice": 6.69,
      "recommendedQuantity": "1.0",
      "measurementUnitPrice": 64.33,
      "measurementUnit": "K",
      "isRedPrice": false,
      "pricePerUOM": 64.33,
      "activationDate": "26-02-2024",
      "recordSource": "Offline",
      "isPromoActive": "N",
      "priceChangeCode": "H"
    },
    "isAvailable": true,
    "isPriceAvailable": true,
    "inPromo": false,
    "gtin": [
      "08711000419731",
      "08711000419724"
    ],
    "topCategoryName": "Dranken",
    "topCategoryId": "354",
    "businessDomain": "RETAIL_BE",
    "IsPrivateLabel": false,
    "IsBiffe": false,
    "WeightconversionFactor": "0",
    "IsWeightArticle": false,
    "nutriscoreLabel": "B",
    "IsBio": false,
    "CountryOfOrigin": "FRANKRIJK",
    "IsExclusivelySoldInLuxembourg": false,
    "OrderUnit": "P",
    "ShortName": "L OR ESP DECAFFEIN20CAP",
    "IsNew": false,
    "RecentQuanityOfStockUnits": "1",
    "LongName": "L'OR ESPRESSO caps Decaffeinato 6 20st",
    "FicCode": "E"
  },
  {
    "productId": "1275",
    "technicalArticleNumber": "19008",
    "commercialArticleNumber": "19008",
    "name": "Madeira 17%",
    "description": "*Likeurwijn\n*Keukengebruik\n*17,0 % vol",
    "brand": "SANTA MARIA",
    "seoBrand": "Santa Maria",
    "thumbNail": "https://static.colruytgroup.com/images/200x200/std.lang.all/05/58/asset-370558.jpg",
    "fullImage": "https://static.colruytgroup.com/images/500x500/std.lang.all/05/58/asset-370558.jpg",
    "squareImage": "https://static.colruytgroup.com/images/500x500sq/std.lang.all/05/58/asset-370558.jpg",
    "content": "75cl",
    "walkRouteSequenceNumber": 674,
    "price": {
      "basicPrice": 9.98,
      "recommendedQuantity": "1.0",
      "quantityPrice": 9.18,
      "quantityPriceQuantity": "6.0",
      "measurementUnitPrice": 13.31,
      "measurementUnitQuantityPrice": 12.24,
      "measurementUnit": "L",
      "isRedPrice": false,
      "pricePerUOM": 13.31,
      "activationDate": "14-11-2023",
      "recordSource": "Offline",
      "isPromoActive": "N",
      "priceChangeCode": "E",
      "quantityPricePerUOM": 12.24,
      "quantityActivationDate": "14-11-2023",
      "quantityPriceChangeCode": "E"
    },
    "isAvailable": true,
    "isPriceAvailable": true,
    "inPromo": false,
    "gtin": [
      "05010867900301",
      "05010867900530"
    ],
    "topCategoryName": "Dranken",
    "topCategoryId": "354",
    "businessDomain": "RETAIL_BE",
    "IsPrivateLabel": false,
    "IsBiffe": false,
    "WeightconversionFactor": "0",
    "IsWeightArticle": false,
    "IsBio": false,
    "CountryOfOrigin": "BELGIË",
    "IsExclusivelySoldInLuxembourg": false,
    "OrderUnit": "P",
    "ShortName": "SANTA MARIA MADEIRA 75C",
    "IsNew": false,
    "RecentQuanityOfStockUnits": "1,6",
    "LongName": "SANTA MARIA Madeira 17% 75cl",
    "AlcoholVolume": "17",
    "FicCode": "E"
  },
  {
    "productId": "239373",
    "technicalArticleNumber": "3538174",
    "commercialArticleNumber": "41403",
    "name": "Ruby Porto 19,5%",
    "description": "*Porto\n*19,5 % vol\n*Aperitief",
    "brand": "OFFLEY",
    "seoBrand": "Offley",
    "thumbNail": "https://static.colruytgroup.com/images/200x200/std.lang.all/79/65/asset-2107965.jpg",
    "fullImage": "https://static.colruytgroup.com/images/500x500/std.lang.all/79/65/asset-2107965.jpg",
    "squareImage": "https://static.colruytgroup.com/images/500x500sq/std.lang.all/79/65/asset-2107965.jpg",
    "content": "75cl",
    "walkRouteSequenceNumber": 726,
    "price": {
      "basicPrice": 10.99,
      "recommendedQuantity": "1.0",
      "quantityPrice": 10.11,
      "quantityPriceQuantity": "6.0",
      "measurementUnitPrice": 14.66,
      "measurementUnitQuantityPrice": 13.48,
      "measurementUnit": "L",
      "isRedPrice": false,
      "pricePerUOM": 14.66,
      "activationDate": "12-03-2024",
      "recordSource": "Online",
      "isPromoActive": "N",
      "priceChangeCode": "E",
      "quantityPricePerUOM": 13.48,
      "quantityActivationDate": "12-03-2024",
      "quantityPriceChangeCode": "H"
    },
    "isAvailable": true,
    "isPriceAvailable": true,
    "inPromo": false,
    "gtin": [
      "05601034000506",
      "05601034000520",
      "55601034000501"
    ],
    "topCategoryName": "Dranken",
    "topCategoryId": "354",
    "businessDomain": "RETAIL_BE",
    "IsPrivateLabel": false,
    "IsBiffe": false,
    "WeightconversionFactor": "0",
    "IsWeightArticle": false,
    "IsBio": false,
    "CountryOfOrigin": "PORTUGAL",
    "IsExclusivelySoldInLuxembourg": false,
    "OrderUnit": "P",
    "ShortName": "OFFLEY PORTO RUBY 75CL",
    "IsNew": false,
    "EcoscoreLabel": "D",
    "RecentQuanityOfStockUnits": "1",
    "LongName": "OFFLEY Ruby Porto 19,5% 75cl",
    "AlcoholVolume": "19.5",
    "FicCode": "E",
    "EcoscoreValue": "27"
  },
  {
    "productId": "422121",
    "technicalArticleNumber": "3946331",
    "commercialArticleNumber": "1684",
    "name": "pils 5%",
    "description": "*Pils\n*5 % vol",
    "brand": "CARLSBERG",
    "seoBrand": "Carlsberg",
    "thumbNail": "https://static.colruytgroup.com/images/200x200/std.lang.all/99/15/asset-2709915.jpg",
    "fullImage": "https://static.colruytgroup.com/images/500x500/std.lang.all/99/15/asset-2709915.jpg",
    "squareImage": "https://static.colruytgroup.com/images/500x500sq/std.lang.all/99/15/asset-2709915.jpg",
    "content": "6x25cl",
    "walkRouteSequenceNumber": 3817,
    "price": {
      "basicPrice": 6.96,
      "recommendedQuantity": "1.0",
      "quantityPrice": 6.68,
      "quantityPriceQuantity": "3.0",
      "measurementUnitPrice": 4.64,
      "measurementUnitQuantityPrice": 4.46,
      "measurementUnit": "L",
      "isRedPrice": false,
      "pricePerUOM": 4.64,
      "activationDate": "22-03-2024",
      "recordSource": "Online",
      "isPromoActive": "N",
      "priceChangeCode": "E",
      "quantityPricePerUOM": 4.46,
      "quantityActivationDate": "22-03-2024",
      "quantityPriceChangeCode": "E"
    },
    "isAvailable": true,
    "isPriceAvailable": true,
    "inPromo": false,
    "gtin": [
      "05740600200572",
      "05400141705089"
    ],
    "topCategoryName": "Dranken",
    "topCategoryId": "354",
    "businessDomain": "RETAIL_BE",
    "IsPrivateLabel": false,
    "IsBiffe": false,
    "WeightconversionFactor": "0",
    "IsWeightArticle": false,
    "IsBio": false,
    "CountryOfOrigin": "FRANKRIJK",
    "IsExclusivelySoldInLuxembourg": false,
    "OrderUnit": "P",
    "ShortName": "CARL PILS 5% 6X25CL",
    "IsNew": false,
    "EcoscoreLabel": "C",
    "RecentQuanityOfStockUnits": "1",
    "LongName": "CARLSBERG pils 5% 6x25cl",
    "AlcoholVolume": "5",
    "FicCode": "E",
    "DepositValue": [
      0.6
    ],
    "EcoscoreValue": "54"
  },
  {
    "productId": "854563",
    "technicalArticleNumber": "4703589",
    "commercialArticleNumber": "31264",
    "name": "Ice Tea cassis-framboos",
    "description": "*Ice Tea\n*Niet-bruisend\n*Smaak: cassis,\nframboos\n*Suiker, zoetstoffen",
    "brand": "OASIS",
    "seoBrand": "Oasis",
    "thumbNail": "https://static.colruytgroup.com/images/200x200/nl_be/01/69/asset-3270169.jpg",
    "fullImage": "https://static.colruytgroup.com/images/500x500/nl_be/01/69/asset-3270169.jpg",
    "squareImage": "https://static.colruytgroup.com/images/500x500sq/nl_be/01/69/asset-3270169.jpg",
    "content": "1,5L",
    "walkRouteSequenceNumber": 4822,
    "price": {
      "basicPrice": 2.13,
      "recommendedQuantity": "1.0",
      "measurementUnitPrice": 1.42,
      "measurementUnit": "L",
      "isRedPrice": false,
      "pricePerUOM": 1.42,
      "activationDate": "19-03-2024",
      "recordSource": "Folder",
      "isPromoActive": "Y",
      "priceChangeCode": "L"
    },
    "isAvailable": true,
    "isPriceAvailable": true,
    "inPromo": true,
    "promotion": [
      {
        "techPromoId": "100906COLR",
        "promotionId": "100906",
        "promotionType": "3",
        "isPersonalized": "N",
        "publicationStartDate": "13-03-2024",
        "publicationEndDate": "26-03-2024"
      }
    ],
    "gtin": [
      "03124488196103",
      "03124480196101"
    ],
    "topCategoryName": "Dranken",
    "topCategoryId": "354",
    "businessDomain": "RETAIL_BE",
    "IsPrivateLabel": false,
    "IsBiffe": false,
    "WeightconversionFactor": "0",
    "IsWeightArticle": false,
    "nutriscoreLabel": "D",
    "IsBio": false,
    "CountryOfOrigin": "FRANKRIJK",
    "IsExclusivelySoldInLuxembourg": false,
    "OrderUnit": "P",
    "ShortName": "OASI ICE T.CAS-FRAM1.5L",
    "IsNew": false,
    "RecentQuanityOfStockUnits": "6,1",
    "LongName": "OASIS Ice Tea cassis-framboos 1,5L",
    "AlcoholVolume": "0",
    "FicCode": "E"
  },
  {
    "productId": "616474",
    "technicalArticleNumber": "4292534",
    "commercialArticleNumber": "2305",
    "name": "Sex On The Beach 15%",
    "description": "*15% vol",
    "brand": "MARIE GALANTE",
    "seoBrand": "Marie Galante",
    "thumbNail": "https://static.colruytgroup.com/images/200x200/std.lang.all/78/52/asset-2317852.jpg",
    "fullImage": "https://static.colruytgroup.com/images/500x500/std.lang.all/78/52/asset-2317852.jpg",
    "squareImage": "https://static.colruytgroup.com/images/500x500sq/std.lang.all/78/52/asset-2317852.jpg",
    "content": "70cl",
    "walkRouteSequenceNumber": 874,
    "price": {
      "basicPrice": 7.99,
      "recommendedQuantity": "1.0",
      "measurementUnitPrice": 11.42,
      "measurementUnit": "L",
      "isRedPrice": false,
      "pricePerUOM": 11.42,
      "activationDate": "11-05-2023",
      "isPromoActive": "N",
      "priceChangeCode": "E"
    },
    "isAvailable": true,
    "isPriceAvailable": true,
    "inPromo": false,
    "gtin": [
      "05400141418408",
      "15400141418405"
    ],
    "topCategoryName": "Dranken",
    "topCategoryId": "354",
    "businessDomain": "RETAIL_BE",
    "IsPrivateLabel": true,
    "IsBiffe": false,
    "WeightconversionFactor": "0",
    "IsWeightArticle": false,
    "IsBio": false,
    "CountryOfOrigin": "BELGIË",
    "IsExclusivelySoldInLuxembourg": false,
    "OrderUnit": "P",
    "ShortName": "MGAL SEX BEACH 15% 70CL",
    "IsNew": false,
    "EcoscoreLabel": "C",
    "RecentQuanityOfStockUnits": "1",
    "LongName": "MARIE GALANTE Sex On The Beach 15% 70cl",
    "AlcoholVolume": "15",
    "FicCode": "I",
    "EcoscoreValue": "43"
  },
  {
    "productId": "681037",
    "technicalArticleNumber": "4400472",
    "commercialArticleNumber": "24617",
    "name": "Goudmerk pads",
    "description": "*Pads",
    "brand": "ROMBOUTS",
    "seoBrand": "Rombouts",
    "thumbNail": "https://static.colruytgroup.com/images/200x200/std.lang.all/48/93/asset-2884893.jpg",
    "fullImage": "https://static.colruytgroup.com/images/500x500/std.lang.all/48/93/asset-2884893.jpg",
    "squareImage": "https://static.colruytgroup.com/images/500x500sq/std.lang.all/48/93/asset-2884893.jpg",
    "content": "32st",
    "walkRouteSequenceNumber": 1202,
    "price": {
      "basicPrice": 4.49,
      "recommendedQuantity": "1.0",
      "measurementUnitPrice": 20.05,
      "measurementUnit": "K",
      "isRedPrice": false,
      "pricePerUOM": 20.05,
      "activationDate": "19-03-2024",
      "recordSource": "Offline",
      "isPromoActive": "N",
      "priceChangeCode": "E"
    },
    "isAvailable": true,
    "isPriceAvailable": true,
    "inPromo": false,
    "gtin": [
      "05410173014004",
      "15410173014001"
    ],
    "topCategoryName": "Dranken",
    "topCategoryId": "354",
    "businessDomain": "RETAIL_BE",
    "IsPrivateLabel": false,
    "IsBiffe": false,
    "WeightconversionFactor": "0",
    "IsWeightArticle": false,
    "nutriscoreLabel": "B",
    "IsBio": false,
    "CountryOfOrigin": "BELGIË",
    "IsExclusivelySoldInLuxembourg": false,
    "OrderUnit": "P",
    "ShortName": "ROMB GOUDMERK PADS 32ST",
    "IsNew": false,
    "EcoscoreLabel": "C",
    "RecentQuanityOfStockUnits": "1,6",
    "LongName": "ROMBOUTS Goudmerk pads 32st",
    "FicCode": "E",
    "EcoscoreValue": "40"
  },
  {
    "productId": "63303",
    "technicalArticleNumber": "2745104",
    "commercialArticleNumber": "40837",
    "name": "fruitsap ananas PET",
    "description": "*Ananassap\n*Puur sap\n*100 % vruchten\n*Zonder pulp",
    "brand": "MATERNE",
    "seoBrand": "Materne",
    "thumbNail": "https://static.colruytgroup.com/images/200x200/std.lang.all/18/37/asset-2201837.jpg",
    "fullImage": "https://static.colruytgroup.com/images/500x500/std.lang.all/18/37/asset-2201837.jpg",
    "squareImage": "https://static.colruytgroup.com/images/500x500sq/std.lang.all/18/37/asset-2201837.jpg",
    "content": "1L",
    "walkRouteSequenceNumber": 5016,
    "price": {
      "basicPrice": 5.99,
      "recommendedQuantity": "1.0",
      "quantityPrice": 3.99,
      "quantityPriceQuantity": "2.0",
      "measurementUnitPrice": 5.99,
      "measurementUnitQuantityPrice": 3.99,
      "measurementUnit": "L",
      "isRedPrice": false,
      "pricePerUOM": 5.99,
      "activationDate": "23-03-2024",
      "recordSource": "Offline",
      "isPromoActive": "N",
      "priceChangeCode": "E",
      "quantityPricePerUOM": 3.99,
      "quantityActivationDate": "23-03-2024",
      "quantityPriceChangeCode": "E"
    },
    "isAvailable": true,
    "isPriceAvailable": true,
    "inPromo": false,
    "gtin": [
      "05410046190798",
      "05410046016036",
      "05410046190781"
    ],
    "topCategoryName": "Dranken",
    "topCategoryId": "354",
    "businessDomain": "RETAIL_BE",
    "IsPrivateLabel": false,
    "IsBiffe": false,
    "WeightconversionFactor": "0",
    "IsWeightArticle": false,
    "nutriscoreLabel": "C",
    "IsBio": false,
    "CountryOfOrigin": "FRANKRIJK",
    "IsExclusivelySoldInLuxembourg": false,
    "OrderUnit": "P",
    "ShortName": "MATERNE ANAN VERS 1L",
    "IsNew": false,
    "RecentQuanityOfStockUnits": "1",
    "LongName": "MATERNE fruitsap ananas PET 1L",
    "AlcoholVolume": "0",
    "FicCode": "E"
  },
  {
    "productId": "210367",
    "technicalArticleNumber": "3528065",
    "commercialArticleNumber": "11512",
    "name": "fruitsap rode vruchten brik",
    "description": "*Appel, bosbes,\nframboos, rode bes\n*100 % vruchten\n*Zonder pulp",
    "brand": "BONI",
    "seoBrand": "Boni Selection",
    "thumbNail": "https://static.colruytgroup.com/images/200x200/std.lang.all/56/78/asset-1085678.jpg",
    "fullImage": "https://static.colruytgroup.com/images/500x500/std.lang.all/56/78/asset-1085678.jpg",
    "squareImage": "https://static.colruytgroup.com/images/500x500sq/std.lang.all/56/78/asset-1085678.jpg",
    "content": "1L",
    "walkRouteSequenceNumber": 5021,
    "price": {
      "basicPrice": 3.55,
      "recommendedQuantity": "1.0",
      "quantityPrice": 3.27,
      "quantityPriceQuantity": "6.0",
      "measurementUnitPrice": 3.55,
      "measurementUnitQuantityPrice": 3.27,
      "measurementUnit": "L",
      "isRedPrice": false,
      "pricePerUOM": 3.55,
      "activationDate": "14-03-2024",
      "isPromoActive": "N",
      "priceChangeCode": "H",
      "quantityPricePerUOM": 3.27,
      "quantityActivationDate": "14-03-2024",
      "quantityPriceChangeCode": "H"
    },
    "isAvailable": true,
    "isPriceAvailable": true,
    "inPromo": false,
    "gtin": [
      "05400141403312",
      "05400141133363",
      "15400141976264",
      "15400141133360"
    ],
    "topCategoryName": "Dranken",
    "topCategoryId": "354",
    "businessDomain": "RETAIL_BE",
    "IsPrivateLabel": true,
    "IsBiffe": false,
    "WeightconversionFactor": "0",
    "IsWeightArticle": false,
    "nutriscoreLabel": "C",
    "IsBio": false,
    "CountryOfOrigin": "POLEN",
    "IsExclusivelySoldInLuxembourg": false,
    "OrderUnit": "P",
    "ShortName": "BONI RODE VRUCHTENSAP1L",
    "IsNew": false,
    "EcoscoreLabel": "A",
    "RecentQuanityOfStockUnits": "1",
    "LongName": "BONI fruitsap rode vruchten brik 1L",
    "AlcoholVolume": "0",
    "FicCode": "I",
    "EcoscoreValue": "88"
  },
  {
    "productId": "392",
    "technicalArticleNumber": "5324",
    "commercialArticleNumber": "5324",
    "name": "Tremens blond bier 8,5%",
    "description": "*Speciaalbier\n*8,5 % vol",
    "brand": "DELIRIUM",
    "seoBrand": "Delirium Tremens",
    "thumbNail": "https://static.colruytgroup.com/images/200x200/std.lang.all/17/64/asset-2661764.jpg",
    "fullImage": "https://static.colruytgroup.com/images/500x500/std.lang.all/17/64/asset-2661764.jpg",
    "squareImage": "https://static.colruytgroup.com/images/500x500sq/std.lang.all/17/64/asset-2661764.jpg",
    "content": "6x33cl",
    "walkRouteSequenceNumber": 3716,
    "price": {
      "basicPrice": 9.52,
      "recommendedQuantity": "1.0",
      "measurementUnitPrice": 4.81,
      "measurementUnit": "L",
      "isRedPrice": false,
      "pricePerUOM": 4.81,
      "activationDate": "13-03-2024",
      "recordSource": "Offline",
      "isPromoActive": "Y",
      "priceChangeCode": "E"
    },
    "isAvailable": true,
    "isPriceAvailable": true,
    "inPromo": true,
    "promotion": [
      {
        "techPromoId": "100953COLR",
        "promotionId": "100953",
        "promotionType": "0",
        "isPersonalized": "N",
        "publicationStartDate": "13-03-2024",
        "publicationEndDate": "26-03-2024"
      }
    ],
    "gtin": [
      "00000025053241",
      "05400141053241",
      "05412186000098",
      "05412186000616"
    ],
    "topCategoryName": "Dranken",
    "topCategoryId": "354",
    "businessDomain": "RETAIL_BE",
    "IsPrivateLabel": false,
    "IsBiffe": false,
    "WeightconversionFactor": "0",
    "IsWeightArticle": false,
    "IsBio": false,
    "CountryOfOrigin": "BELGIË",
    "IsExclusivelySoldInLuxembourg": false,
    "OrderUnit": "P",
    "ShortName": "DELIRIUM TREMENS 6X33CL",
    "IsNew": false,
    "EcoscoreLabel": "D",
    "RecentQuanityOfStockUnits": "1",
    "LongName": "DELIRIUM Tremens blond bier 8,5% 6x33cl",
    "AlcoholVolume": "8.5",
    "FicCode": "E",
    "DepositValue": [
      1.8
    ],
    "EcoscoreValue": "37"
  },
  {
    "productId": "862418",
    "technicalArticleNumber": "4713767",
    "commercialArticleNumber": "31862",
    "name": "Pomelo & Nepalese Berry",
    "description": "*Smaak: pomelo &\ntimurbes\n*Bruisend\n*Bevat kinine\n*Florale tonic",
    "brand": "SCHWEPPES",
    "seoBrand": "Schweppes",
    "thumbNail": "https://static.colruytgroup.com/images/200x200/std.lang.all/79/33/asset-3177933.jpg",
    "fullImage": "https://static.colruytgroup.com/images/500x500/std.lang.all/79/33/asset-3177933.jpg",
    "squareImage": "https://static.colruytgroup.com/images/500x500sq/std.lang.all/79/33/asset-3177933.jpg",
    "content": "4x20cl",
    "walkRouteSequenceNumber": 764,
    "price": {
      "basicPrice": 5.95,
      "recommendedQuantity": "1.0",
      "quantityPrice": 5.71,
      "quantityPriceQuantity": "6.0",
      "measurementUnitPrice": 7.44,
      "measurementUnitQuantityPrice": 7.14,
      "measurementUnit": "L",
      "isRedPrice": false,
      "pricePerUOM": 7.44,
      "activationDate": "23-03-2024",
      "recordSource": "Offline",
      "isPromoActive": "N",
      "priceChangeCode": "H",
      "quantityPricePerUOM": 7.14,
      "quantityActivationDate": "23-03-2024",
      "quantityPriceChangeCode": "E"
    },
    "isAvailable": true,
    "isPriceAvailable": true,
    "inPromo": false,
    "gtin": [
      "05410221205880",
      "05410221107641",
      "05410221107658",
      "05410221309007"
    ],
    "topCategoryName": "Dranken",
    "topCategoryId": "354",
    "businessDomain": "RETAIL_BE",
    "IsPrivateLabel": false,
    "IsBiffe": false,
    "WeightconversionFactor": "0",
    "IsWeightArticle": false,
    "nutriscoreLabel": "D",
    "IsBio": false,
    "CountryOfOrigin": "BELGIË",
    "IsExclusivelySoldInLuxembourg": false,
    "OrderUnit": "P",
    "ShortName": "SCHW POM&NEP.BERRY4X20C",
    "IsNew": false,
    "RecentQuanityOfStockUnits": "1,6",
    "LongName": "SCHWEPPES Pomelo & Nepalese Berry 4x20cl",
    "AlcoholVolume": "0",
    "FicCode": "E"
  },
  {
    "productId": "459",
    "technicalArticleNumber": "5229",
    "commercialArticleNumber": "5229",
    "name": "abdijbier tripel 10%",
    "description": "*Abdijbier\n*10 % vol\n*Nagisting op fles",
    "brand": "MAREDSOUS",
    "seoBrand": "Maredsous",
    "thumbNail": "https://static.colruytgroup.com/images/200x200/std.lang.all/12/05/asset-681205.jpg",
    "fullImage": "https://static.colruytgroup.com/images/500x500/std.lang.all/12/05/asset-681205.jpg",
    "squareImage": "https://static.colruytgroup.com/images/500x500sq/std.lang.all/12/05/asset-681205.jpg",
    "content": "6x33cl",
    "walkRouteSequenceNumber": 3648,
    "price": {
      "basicPrice": 12.12,
      "recommendedQuantity": "1.0",
      "quantityPrice": 11.64,
      "quantityPriceQuantity": "3.0",
      "measurementUnitPrice": 6.13,
      "measurementUnitQuantityPrice": 5.88,
      "measurementUnit": "L",
      "isRedPrice": false,
      "pricePerUOM": 6.13,
      "activationDate": "06-03-2024",
      "recordSource": "Online",
      "isPromoActive": "N",
      "priceChangeCode": "H",
      "quantityPricePerUOM": 5.88,
      "quantityActivationDate": "06-03-2024",
      "quantityPriceChangeCode": "E"
    },
    "isAvailable": true,
    "isPriceAvailable": true,
    "inPromo": false,
    "gtin": [
      "05400141052299",
      "05411681038001",
      "05411681038018",
      "05411681400013"
    ],
    "topCategoryName": "Dranken",
    "topCategoryId": "354",
    "businessDomain": "RETAIL_BE",
    "IsPrivateLabel": false,
    "IsBiffe": false,
    "WeightconversionFactor": "0",
    "IsWeightArticle": false,
    "IsBio": false,
    "CountryOfOrigin": "BELGIË",
    "IsExclusivelySoldInLuxembourg": false,
    "OrderUnit": "P",
    "ShortName": "MARED 10GR TRIPLE 6X33C",
    "IsNew": false,
    "EcoscoreLabel": "B",
    "RecentQuanityOfStockUnits": "1",
    "LongName": "MAREDSOUS abdijbier tripel 10% 6x33cl",
    "AlcoholVolume": "10",
    "FicCode": "E",
    "DepositValue": [
      0.6
    ],
    "EcoscoreValue": "72"
  },
  {
    "productId": "20609",
    "technicalArticleNumber": "2227263",
    "commercialArticleNumber": "4254",
    "name": "Whisky-cola 6,4% blik",
    "description": "*Ready to serve\n*Kant- en klaar\n*6,4 % vol",
    "brand": "J&B",
    "seoBrand": "J&B",
    "thumbNail": "https://static.colruytgroup.com/images/200x200/std.lang.all/93/96/asset-609396.jpg",
    "fullImage": "https://static.colruytgroup.com/images/500x500/std.lang.all/93/96/asset-609396.jpg",
    "squareImage": "https://static.colruytgroup.com/images/500x500sq/std.lang.all/93/96/asset-609396.jpg",
    "content": "25cl",
    "walkRouteSequenceNumber": 786,
    "price": {
      "basicPrice": 2.95,
      "recommendedQuantity": "4.0",
      "quantityPrice": 2.71,
      "quantityPriceQuantity": "24.0",
      "measurementUnitPrice": 11.8,
      "measurementUnitQuantityPrice": 10.84,
      "measurementUnit": "L",
      "isRedPrice": false,
      "pricePerUOM": 11.8,
      "activationDate": "13-02-2024",
      "recordSource": "Offline",
      "isPromoActive": "N",
      "priceChangeCode": "L",
      "quantityPricePerUOM": 10.84,
      "quantityActivationDate": "13-02-2024",
      "quantityPriceChangeCode": "L"
    },
    "isAvailable": true,
    "isPriceAvailable": true,
    "inPromo": false,
    "gtin": [
      "08711300999926",
      "08711300999704",
      "08711300999698",
      "05010103939003",
      "05010103938990",
      "05010103926492",
      "08711300999711"
    ],
    "topCategoryName": "Dranken",
    "topCategoryId": "354",
    "businessDomain": "RETAIL_BE",
    "IsPrivateLabel": false,
    "IsBiffe": false,
    "WeightconversionFactor": "0",
    "IsWeightArticle": false,
    "IsBio": false,
    "CountryOfOrigin": "ITALIË",
    "IsExclusivelySoldInLuxembourg": false,
    "OrderUnit": "P",
    "ShortName": "J&B WHISK-COLA BLIK25CL",
    "IsNew": false,
    "EcoscoreLabel": "C",
    "RecentQuanityOfStockUnits": "4,4,1,24,1",
    "LongName": "J&B Whisky-cola 6,4% blik 25cl",
    "AlcoholVolume": "6.4",
    "FicCode": "E",
    "EcoscoreValue": "57"
  },
  {
    "productId": "873526",
    "technicalArticleNumber": "4728418",
    "commercialArticleNumber": "31548",
    "name": "Extra 4,5%",
    "description": "*Pilsbier\n*4,5 % vol",
    "brand": "CORONA",
    "seoBrand": "Corona Extra",
    "thumbNail": "https://static.colruytgroup.com/images/200x200/std.lang.all/44/44/asset-3244444.jpg",
    "fullImage": "https://static.colruytgroup.com/images/500x500/std.lang.all/44/44/asset-3244444.jpg",
    "squareImage": "https://static.colruytgroup.com/images/500x500sq/std.lang.all/44/44/asset-3244444.jpg",
    "content": "12x33cl",
    "walkRouteSequenceNumber": 3824,
    "price": {
      "basicPrice": 16.99,
      "recommendedQuantity": "1.0",
      "measurementUnitPrice": 4.3,
      "measurementUnit": "L",
      "isRedPrice": false,
      "pricePerUOM": 4.3,
      "activationDate": "15-03-2024",
      "recordSource": "Offline",
      "isPromoActive": "N",
      "priceChangeCode": "H"
    },
    "isAvailable": true,
    "isPriceAvailable": true,
    "inPromo": false,
    "gtin": [
      "00000075041670",
      "07501064193040"
    ],
    "topCategoryName": "Dranken",
    "topCategoryId": "354",
    "businessDomain": "RETAIL_BE",
    "IsPrivateLabel": false,
    "IsBiffe": false,
    "WeightconversionFactor": "0",
    "IsWeightArticle": false,
    "IsBio": false,
    "CountryOfOrigin": "MEXICO",
    "IsExclusivelySoldInLuxembourg": false,
    "OrderUnit": "P",
    "ShortName": "CORO EXTRA 4.5% 12X33CL",
    "IsNew": false,
    "RecentQuanityOfStockUnits": "1",
    "LongName": "CORONA Extra 4,5% 12x33cl",
    "AlcoholVolume": "4.5",
    "FicCode": "E"
  },
  {
    "productId": "569306",
    "technicalArticleNumber": "4213121",
    "commercialArticleNumber": "16647",
    "name": "Whisky Inf. 11.7%",
    "description": "*11.7% vol\n*Degustatiebier\n*Dubbele gisting,\nmet whisky",
    "brand": "GOUDEN CAROLUS",
    "seoBrand": "Gouden Carolus",
    "thumbNail": "https://static.colruytgroup.com/images/200x200/std.lang.all/64/18/asset-1956418.jpg",
    "fullImage": "https://static.colruytgroup.com/images/500x500/std.lang.all/64/18/asset-1956418.jpg",
    "squareImage": "https://static.colruytgroup.com/images/500x500sq/std.lang.all/64/18/asset-1956418.jpg",
    "content": "4x33cl",
    "walkRouteSequenceNumber": 3659,
    "price": {
      "basicPrice": 7.89,
      "recommendedQuantity": "1.0",
      "measurementUnitPrice": 5.98,
      "measurementUnit": "L",
      "isRedPrice": false,
      "pricePerUOM": 5.98,
      "activationDate": "07-03-2024",
      "recordSource": "Offline",
      "isPromoActive": "N",
      "priceChangeCode": "E"
    },
    "isAvailable": true,
    "isPriceAvailable": true,
    "inPromo": false,
    "gtin": [
      "05425006243032",
      "05400141350616"
    ],
    "topCategoryName": "Dranken",
    "topCategoryId": "354",
    "businessDomain": "RETAIL_BE",
    "IsPrivateLabel": false,
    "IsBiffe": false,
    "WeightconversionFactor": "0",
    "IsWeightArticle": false,
    "IsBio": false,
    "CountryOfOrigin": "BELGIË",
    "IsExclusivelySoldInLuxembourg": false,
    "OrderUnit": "P",
    "ShortName": "GOCA WH INF 11.7%4X33CL",
    "IsNew": false,
    "EcoscoreLabel": "B",
    "RecentQuanityOfStockUnits": "1",
    "LongName": "GOUDEN CAROLUS Whisky Inf. 11.7% 4x33cl",
    "AlcoholVolume": "11.7",
    "FicCode": "E",
    "DepositValue": [
      0.4
    ],
    "EcoscoreValue": "72"
  },
  {
    "productId": "103894",
    "technicalArticleNumber": "3089659",
    "commercialArticleNumber": "40929",
    "name": "Lond.Dry Gin 40,0%vol",
    "description": "*floraal-gekruid\n*met kruidige tonic\n*garn. bl. bosbes\n*Frankrijk",
    "brand": "BLEU D'ARGENT",
    "seoBrand": "Bleu d'Argent",
    "thumbNail": "https://static.colruytgroup.com/images/200x200/std.lang.all/83/64/asset-368364.jpg",
    "fullImage": "https://static.colruytgroup.com/images/500x500/std.lang.all/83/64/asset-368364.jpg",
    "squareImage": "https://static.colruytgroup.com/images/500x500sq/std.lang.all/83/64/asset-368364.jpg",
    "content": "70cl",
    "walkRouteSequenceNumber": 768,
    "price": {
      "basicPrice": 16.39,
      "recommendedQuantity": "1.0",
      "measurementUnitPrice": 23.42,
      "measurementUnit": "L",
      "isRedPrice": false,
      "pricePerUOM": 23.42,
      "activationDate": "10-11-2023",
      "isPromoActive": "N",
      "priceChangeCode": "E"
    },
    "isAvailable": true,
    "isPriceAvailable": true,
    "inPromo": false,
    "gtin": [
      "03263281737868",
      "03263280110280",
      "03263281736427"
    ],
    "topCategoryName": "Dranken",
    "topCategoryId": "354",
    "businessDomain": "RETAIL_BE",
    "IsPrivateLabel": false,
    "IsBiffe": false,
    "WeightconversionFactor": "0",
    "IsWeightArticle": false,
    "IsBio": false,
    "CountryOfOrigin": "BELGIË",
    "IsExclusivelySoldInLuxembourg": false,
    "OrderUnit": "P",
    "ShortName": "BLEU D ARGENT GIN 70CL",
    "InSeason": true,
    "IsNew": false,
    "EcoscoreLabel": "D",
    "RecentQuanityOfStockUnits": "1",
    "LongName": "BLEU D'ARGENT Lond.Dry Gin 40,0%vol 70cl",
    "AlcoholVolume": "40",
    "StartSeasonDate": "06/03/2014",
    "FicCode": "E",
    "EcoscoreValue": "38"
  },
  {
    "productId": "524117",
    "technicalArticleNumber": "4109799",
    "commercialArticleNumber": "8720",
    "name": "Mango & Passionfruit",
    "brand": "VIT-HIT",
    "seoBrand": "Vit-Hit",
    "thumbNail": "https://static.colruytgroup.com/images/200x200/std.lang.all/91/69/asset-2319169.jpg",
    "fullImage": "https://static.colruytgroup.com/images/500x500/std.lang.all/91/69/asset-2319169.jpg",
    "squareImage": "https://static.colruytgroup.com/images/500x500sq/std.lang.all/91/69/asset-2319169.jpg",
    "content": "50cl",
    "walkRouteSequenceNumber": 4713,
    "price": {
      "basicPrice": 2.29,
      "recommendedQuantity": "1.0",
      "quantityPrice": 2.2,
      "quantityPriceQuantity": "12.0",
      "measurementUnitPrice": 4.58,
      "measurementUnitQuantityPrice": 4.4,
      "measurementUnit": "L",
      "isRedPrice": false,
      "pricePerUOM": 4.58,
      "activationDate": "22-03-2024",
      "isPromoActive": "N",
      "priceChangeCode": "H",
      "quantityPricePerUOM": 4.4,
      "quantityActivationDate": "22-03-2024",
      "quantityPriceChangeCode": "H"
    },
    "isAvailable": true,
    "isPriceAvailable": true,
    "inPromo": false,
    "gtin": [
      "15034033000005",
      "05034033000183",
      "05034033000152",
      "05034033000008",
      "05034033000107"
    ],
    "topCategoryName": "Dranken",
    "topCategoryId": "354",
    "businessDomain": "RETAIL_BE",
    "IsPrivateLabel": false,
    "IsBiffe": false,
    "WeightconversionFactor": "0",
    "IsWeightArticle": false,
    "nutriscoreLabel": "C",
    "IsBio": false,
    "CountryOfOrigin": "IERLAND",
    "IsExclusivelySoldInLuxembourg": false,
    "OrderUnit": "P",
    "ShortName": "VITH MAN-PASSIONFR.50CL",
    "IsNew": false,
    "RecentQuanityOfStockUnits": "12,1",
    "LongName": "VIT-HIT Mango & Passionfruit 50cl",
    "FicCode": "E"
  },
  {
    "productId": "921373",
    "technicalArticleNumber": "4763719",
    "commercialArticleNumber": "22692",
    "name": "Appelsap PET",
    "description": "*Appelsap\n*Uit sapconcentraat",
    "brand": "MINUTE MAID",
    "seoBrand": "Minute Maid",
    "thumbNail": "https://ecgproductmw.colruytgroup.com/ecgproductmw/noPicForArticle_2.jpg",
    "fullImage": "https://ecgproductmw.colruytgroup.com/ecgproductmw/noPicForArticle_5.jpg",
    "squareImage": "https://ecgproductmw.colruytgroup.com/ecgproductmw/noPicForArticle_5.jpg",
    "content": "33cl",
    "walkRouteSequenceNumber": 4745,
    "price": {
      "basicPrice": 1.52,
      "recommendedQuantity": "4.0",
      "quantityPrice": 1.4,
      "quantityPriceQuantity": "24.0",
      "measurementUnitPrice": 4.61,
      "measurementUnitQuantityPrice": 4.25,
      "measurementUnit": "L",
      "isRedPrice": false,
      "pricePerUOM": 4.61,
      "activationDate": "17-02-2024",
      "recordSource": "Offline",
      "isPromoActive": "N",
      "priceChangeCode": "E",
      "quantityPricePerUOM": 4.25,
      "quantityActivationDate": "17-02-2024",
      "quantityPriceChangeCode": "E"
    },
    "isAvailable": true,
    "isPriceAvailable": true,
    "inPromo": false,
    "gtin": [
      "00000054493339",
      "05449000070593",
      "05449000070470"
    ],
    "topCategoryName": "Dranken",
    "topCategoryId": "354",
    "businessDomain": "RETAIL_BE",
    "IsPrivateLabel": false,
    "IsBiffe": false,
    "WeightconversionFactor": "0",
    "IsWeightArticle": false,
    "IsBio": false,
    "CountryOfOrigin": "BELGIË",
    "IsExclusivelySoldInLuxembourg": false,
    "OrderUnit": "P",
    "ShortName": "MIMA APPELSAP PET 33CL",
    "IsNew": false,
    "EcoscoreLabel": "C",
    "RecentQuanityOfStockUnits": "4,1,24",
    "LongName": "MINUTE MAID Appelsap PET 33cl",
    "AlcoholVolume": "0",
    "FicCode": "E",
    "EcoscoreValue": "49"
  },
  {
    "productId": "842504",
    "technicalArticleNumber": "4687469",
    "commercialArticleNumber": "30611",
    "name": "Original",
    "brand": "NESTLÉ COFFEE-MATE",
    "seoBrand": "Nestlé",
    "thumbNail": "https://static.colruytgroup.com/images/200x200/std.lang.all/86/02/asset-3028602.jpg",
    "fullImage": "https://static.colruytgroup.com/images/500x500/std.lang.all/86/02/asset-3028602.jpg",
    "squareImage": "https://static.colruytgroup.com/images/500x500sq/std.lang.all/86/02/asset-3028602.jpg",
    "content": "450g",
    "walkRouteSequenceNumber": 6364,
    "price": {
      "basicPrice": 7.45,
      "recommendedQuantity": "1.0",
      "measurementUnitPrice": 16.56,
      "measurementUnit": "K",
      "isRedPrice": false,
      "pricePerUOM": 16.56,
      "activationDate": "08-03-2024",
      "recordSource": "Offline",
      "isPromoActive": "N",
      "priceChangeCode": "H"
    },
    "isAvailable": true,
    "isPriceAvailable": true,
    "inPromo": false,
    "gtin": [
      "08445290227775",
      "08445290227768"
    ],
    "topCategoryName": "Zuivel",
    "topCategoryId": "65",
    "businessDomain": "RETAIL_BE",
    "IsPrivateLabel": false,
    "IsBiffe": false,
    "WeightconversionFactor": "0",
    "IsWeightArticle": false,
    "nutriscoreLabel": "E",
    "IsBio": false,
    "CountryOfOrigin": "VERENIGD KONINKRIJK",
    "IsExclusivelySoldInLuxembourg": false,
    "OrderUnit": "P",
    "ShortName": "NEST COFF MATE ORI.450G",
    "IsNew": false,
    "RecentQuanityOfStockUnits": "6,1",
    "LongName": "NESTLÉ COFFEE-MATE Original 450g",
    "AlcoholVolume": "0",
    "FicCode": "E"
  },
  {
    "productId": "523244",
    "technicalArticleNumber": "4109096",
    "commercialArticleNumber": "8706",
    "name": "abdijbier Ruby 5%",
    "description": "*Abdijbier\n*Rood\n*5 % vol\n*Hoge gisting",
    "brand": "LEFFE",
    "seoBrand": "Leffe Ruby",
    "thumbNail": "https://static.colruytgroup.com/images/200x200/std.lang.all/33/98/asset-1953398.jpg",
    "fullImage": "https://static.colruytgroup.com/images/500x500/std.lang.all/33/98/asset-1953398.jpg",
    "squareImage": "https://static.colruytgroup.com/images/500x500sq/std.lang.all/33/98/asset-1953398.jpg",
    "content": "8x33cl",
    "walkRouteSequenceNumber": 3780,
    "price": {
      "basicPrice": 12.38,
      "recommendedQuantity": "1.0",
      "measurementUnitPrice": 4.69,
      "measurementUnit": "L",
      "isRedPrice": false,
      "pricePerUOM": 4.69,
      "activationDate": "23-03-2024",
      "recordSource": "Offline",
      "isPromoActive": "N",
      "priceChangeCode": "H"
    },
    "isAvailable": true,
    "isPriceAvailable": true,
    "inPromo": false,
    "gtin": [
      "05410228259558",
      "05410228259541"
    ],
    "topCategoryName": "Dranken",
    "topCategoryId": "354",
    "businessDomain": "RETAIL_BE",
    "IsPrivateLabel": false,
    "IsBiffe": false,
    "WeightconversionFactor": "0",
    "IsWeightArticle": false,
    "IsBio": false,
    "CountryOfOrigin": "BELGIË",
    "IsExclusivelySoldInLuxembourg": false,
    "OrderUnit": "P",
    "ShortName": "LEFF RUBY 5% 8X33CL",
    "IsNew": false,
    "RecentQuanityOfStockUnits": "1,3",
    "LongName": "LEFFE abdijbier Ruby 5% 8x33cl",
    "AlcoholVolume": "5",
    "FicCode": "I",
    "DepositValue": [
      0.8
    ]
  },
  {
    "productId": "319547",
    "technicalArticleNumber": "3778657",
    "commercialArticleNumber": "42085",
    "name": "Blue Curaçao 21%",
    "description": "*21% vol\n*Basis voor cocktail",
    "brand": "MARIE GALANTE",
    "seoBrand": "Marie Galante",
    "thumbNail": "https://static.colruytgroup.com/images/200x200/std.lang.all/83/83/asset-1768383.jpg",
    "fullImage": "https://static.colruytgroup.com/images/500x500/std.lang.all/83/83/asset-1768383.jpg",
    "squareImage": "https://static.colruytgroup.com/images/500x500sq/std.lang.all/83/83/asset-1768383.jpg",
    "content": "70cl",
    "walkRouteSequenceNumber": 887,
    "price": {
      "basicPrice": 9.99,
      "recommendedQuantity": "1.0",
      "measurementUnitPrice": 14.28,
      "measurementUnit": "L",
      "isRedPrice": false,
      "pricePerUOM": 14.28,
      "activationDate": "15-07-2023",
      "isPromoActive": "N",
      "priceChangeCode": "H"
    },
    "isAvailable": true,
    "isPriceAvailable": true,
    "inPromo": false,
    "gtin": [
      "05400141203271",
      "15400141203278"
    ],
    "topCategoryName": "Dranken",
    "topCategoryId": "354",
    "businessDomain": "RETAIL_BE",
    "IsPrivateLabel": true,
    "IsBiffe": false,
    "WeightconversionFactor": "0",
    "IsWeightArticle": false,
    "IsBio": false,
    "CountryOfOrigin": "FRANKRIJK",
    "IsExclusivelySoldInLuxembourg": false,
    "OrderUnit": "P",
    "ShortName": "MARI GAL BL.CUR.21%70CL",
    "IsNew": false,
    "EcoscoreLabel": "D",
    "RecentQuanityOfStockUnits": "1,6",
    "LongName": "MARIE GALANTE Blue Curaçao 21% 70cl",
    "AlcoholVolume": "21",
    "FicCode": "I",
    "EcoscoreValue": "30"
  },
  {
    "productId": "836164",
    "technicalArticleNumber": "4678515",
    "commercialArticleNumber": "22042",
    "name": "Av.Belgian pils 5,2% blik",
    "description": "*Pilsbier\n*5,2 % vol",
    "brand": "TOUT BIEN",
    "seoBrand": "Tout Bien",
    "thumbNail": "https://static.colruytgroup.com/images/200x200/std.lang.all/48/76/asset-3424876.jpg",
    "fullImage": "https://static.colruytgroup.com/images/500x500/std.lang.all/48/76/asset-3424876.jpg",
    "squareImage": "https://static.colruytgroup.com/images/500x500sq/std.lang.all/48/76/asset-3424876.jpg",
    "content": "33cl",
    "walkRouteSequenceNumber": 3833,
    "price": {
      "basicPrice": 0.965,
      "recommendedQuantity": "6.0",
      "measurementUnitPrice": 2.93,
      "measurementUnit": "L",
      "isRedPrice": false,
      "pricePerUOM": 2.93,
      "activationDate": "04-03-2024",
      "recordSource": "Offline",
      "isPromoActive": "N",
      "priceChangeCode": "E"
    },
    "isAvailable": true,
    "isPriceAvailable": true,
    "inPromo": false,
    "gtin": [
      "05411616008284",
      "05411616008277"
    ],
    "topCategoryName": "Dranken",
    "topCategoryId": "354",
    "businessDomain": "RETAIL_BE",
    "IsPrivateLabel": false,
    "IsBiffe": false,
    "WeightconversionFactor": "0",
    "IsWeightArticle": false,
    "IsBio": false,
    "CountryOfOrigin": "BELGIË",
    "IsExclusivelySoldInLuxembourg": false,
    "OrderUnit": "P",
    "ShortName": "TOBI AVER.PILS BLIK33CL",
    "IsNew": false,
    "EcoscoreLabel": "D",
    "RecentQuanityOfStockUnits": "1,6",
    "LongName": "TOUT BIEN Av.Belgian pils 5,2% blik 33cl",
    "AlcoholVolume": "5.2",
    "FicCode": "E",
    "EcoscoreValue": "37"
  },
  {
    "productId": "567093",
    "technicalArticleNumber": "4209614",
    "commercialArticleNumber": "11865",
    "name": "tripel 9,0%vol",
    "description": "*9% vol\n*Degustatiebier\ndubbele gisting\nop fles",
    "brand": "GOUDEN CAROLUS",
    "seoBrand": "Gouden Carolus",
    "thumbNail": "https://static.colruytgroup.com/images/200x200/std.lang.all/63/23/asset-1956323.jpg",
    "fullImage": "https://static.colruytgroup.com/images/500x500/std.lang.all/63/23/asset-1956323.jpg",
    "squareImage": "https://static.colruytgroup.com/images/500x500sq/std.lang.all/63/23/asset-1956323.jpg",
    "content": "4x33cl",
    "walkRouteSequenceNumber": 3715,
    "price": {
      "basicPrice": 7.16,
      "recommendedQuantity": "1.0",
      "quantityPrice": 6.87,
      "quantityPriceQuantity": "3.0",
      "measurementUnitPrice": 5.43,
      "measurementUnitQuantityPrice": 5.21,
      "measurementUnit": "L",
      "isRedPrice": false,
      "pricePerUOM": 5.43,
      "activationDate": "19-03-2024",
      "recordSource": "Offline",
      "isPromoActive": "N",
      "priceChangeCode": "E",
      "quantityPricePerUOM": 5.21,
      "quantityActivationDate": "19-03-2024",
      "quantityPriceChangeCode": "H"
    },
    "isAvailable": true,
    "isPriceAvailable": true,
    "inPromo": false,
    "gtin": [
      "05400141345711"
    ],
    "topCategoryName": "Dranken",
    "topCategoryId": "354",
    "businessDomain": "RETAIL_BE",
    "IsPrivateLabel": false,
    "IsBiffe": false,
    "WeightconversionFactor": "0",
    "IsWeightArticle": false,
    "IsBio": false,
    "CountryOfOrigin": "BELGIË",
    "IsExclusivelySoldInLuxembourg": false,
    "OrderUnit": "P",
    "ShortName": "GOCA TRIPEL 9% 4X33CL",
    "IsNew": false,
    "RecentQuanityOfStockUnits": "1",
    "LongName": "GOUDEN CAROLUS tripel 9,0%vol 4x33cl",
    "AlcoholVolume": "9",
    "FicCode": "E",
    "DepositValue": [
      0.4
    ]
  },
  {
    "productId": "860423",
    "technicalArticleNumber": "4711234",
    "commercialArticleNumber": "9283",
    "name": "Russian Earl Grey",
    "description": "*Zwarte thee",
    "brand": "LIPTON",
    "seoBrand": "Lipton",
    "thumbNail": "https://static.colruytgroup.com/images/200x200/std.lang.all/35/13/asset-3183513.jpg",
    "fullImage": "https://static.colruytgroup.com/images/500x500/std.lang.all/35/13/asset-3183513.jpg",
    "squareImage": "https://static.colruytgroup.com/images/500x500sq/std.lang.all/35/13/asset-3183513.jpg",
    "content": "20st",
    "walkRouteSequenceNumber": 1267,
    "price": {
      "basicPrice": 2.49,
      "recommendedQuantity": "1.0",
      "measurementUnitPrice": 73.24,
      "measurementUnit": "K",
      "isRedPrice": false,
      "pricePerUOM": 73.24,
      "activationDate": "11-03-2024",
      "recordSource": "Offline",
      "isPromoActive": "N",
      "priceChangeCode": "H"
    },
    "isAvailable": true,
    "isPriceAvailable": true,
    "inPromo": false,
    "gtin": [
      "08711327515734",
      "08711327515772"
    ],
    "topCategoryName": "Dranken",
    "topCategoryId": "354",
    "businessDomain": "RETAIL_BE",
    "IsPrivateLabel": false,
    "IsBiffe": false,
    "WeightconversionFactor": "0",
    "IsWeightArticle": false,
    "nutriscoreLabel": "B",
    "IsBio": false,
    "CountryOfOrigin": "POLEN",
    "IsExclusivelySoldInLuxembourg": false,
    "OrderUnit": "P",
    "ShortName": "LIPT RUSS.EARL GREY20ST",
    "IsNew": false,
    "EcoscoreLabel": "B",
    "RecentQuanityOfStockUnits": "1,4",
    "LongName": "LIPTON Russian Earl Grey 20st",
    "AlcoholVolume": "0",
    "FicCode": "E",
    "EcoscoreValue": "79"
  },
  {
    "productId": "59606",
    "technicalArticleNumber": "2322429",
    "commercialArticleNumber": "18440",
    "name": "bier Pêche Mel 8,5%vol",
    "description": "*Fruitbier\n*8,5 % vol\n*Smaak: perzik",
    "brand": "BUSH",
    "seoBrand": "Bush",
    "thumbNail": "https://static.colruytgroup.com/images/200x200/std.lang.all/77/25/asset-3417725.jpg",
    "fullImage": "https://static.colruytgroup.com/images/500x500/std.lang.all/77/25/asset-3417725.jpg",
    "squareImage": "https://static.colruytgroup.com/images/500x500sq/std.lang.all/77/25/asset-3417725.jpg",
    "content": "6x33cl",
    "walkRouteSequenceNumber": 3764,
    "price": {
      "basicPrice": 9.18,
      "recommendedQuantity": "1.0",
      "measurementUnitPrice": 4.64,
      "measurementUnit": "L",
      "isRedPrice": false,
      "pricePerUOM": 4.64,
      "activationDate": "18-03-2024",
      "recordSource": "Folder",
      "isPromoActive": "Y",
      "priceChangeCode": "H"
    },
    "isAvailable": true,
    "isPriceAvailable": true,
    "inPromo": false,
    "gtin": [
      "05411551130392",
      "05400141184402"
    ],
    "topCategoryName": "Dranken",
    "topCategoryId": "354",
    "businessDomain": "RETAIL_BE",
    "IsPrivateLabel": false,
    "IsBiffe": false,
    "WeightconversionFactor": "0",
    "IsWeightArticle": false,
    "IsBio": false,
    "CountryOfOrigin": "BELGIË",
    "IsExclusivelySoldInLuxembourg": false,
    "OrderUnit": "P",
    "ShortName": "PECHE MEL BUSH 6X33",
    "IsNew": false,
    "EcoscoreLabel": "D",
    "RecentQuanityOfStockUnits": "1",
    "LongName": "BUSH bier Pêche Mel 8,5%vol 6x33cl",
    "AlcoholVolume": "8.5",
    "FicCode": "E",
    "DepositValue": [
      0.6
    ],
    "EcoscoreValue": "37"
  },
  {
    "productId": "859860",
    "technicalArticleNumber": "4710429",
    "commercialArticleNumber": "3650",
    "name": "bonen Crema e Gusto Classico",
    "brand": "LAVAZZA",
    "seoBrand": "Lavazza",
    "thumbNail": "https://static.colruytgroup.com/images/200x200/std.lang.all/73/80/asset-3207380.jpg",
    "fullImage": "https://static.colruytgroup.com/images/500x500/std.lang.all/73/80/asset-3207380.jpg",
    "squareImage": "https://static.colruytgroup.com/images/500x500sq/std.lang.all/73/80/asset-3207380.jpg",
    "content": "1kg",
    "walkRouteSequenceNumber": 1005,
    "price": {
      "basicPrice": 13.99,
      "recommendedQuantity": "1.0",
      "quantityPrice": 8.39,
      "quantityPriceQuantity": "5.0",
      "measurementUnitPrice": 13.99,
      "measurementUnitQuantityPrice": 8.39,
      "measurementUnit": "K",
      "isRedPrice": false,
      "pricePerUOM": 13.99,
      "activationDate": "20-03-2024",
      "recordSource": "Offline",
      "isPromoActive": "N",
      "priceChangeCode": "E",
      "quantityPricePerUOM": 8.39,
      "quantityActivationDate": "20-03-2024",
      "quantityPriceChangeCode": "H"
    },
    "isAvailable": true,
    "isPriceAvailable": true,
    "inPromo": false,
    "gtin": [
      "08000070051010",
      "08000070051003"
    ],
    "topCategoryName": "Dranken",
    "topCategoryId": "354",
    "businessDomain": "RETAIL_BE",
    "IsPrivateLabel": false,
    "IsBiffe": false,
    "WeightconversionFactor": "0",
    "IsWeightArticle": false,
    "nutriscoreLabel": "B",
    "IsBio": false,
    "CountryOfOrigin": "ITALIË",
    "IsExclusivelySoldInLuxembourg": false,
    "OrderUnit": "P",
    "ShortName": "LAVA BON.CR.GUST.CLAS1K",
    "IsNew": false,
    "EcoscoreLabel": "C",
    "RecentQuanityOfStockUnits": "1,4",
    "LongName": "LAVAZZA bonen Crema e Gusto Classico 1kg",
    "FicCode": "E",
    "EcoscoreValue": "40"
  },
  {
    "productId": "881784",
    "technicalArticleNumber": "4739248",
    "commercialArticleNumber": "4161",
    "name": "Zero siroop bosvruchten",
    "brand": "TEISSEIRE",
    "seoBrand": "Teisseire",
    "thumbNail": "https://static.colruytgroup.com/images/200x200/std.lang.all/54/67/asset-3335467.jpg",
    "fullImage": "https://static.colruytgroup.com/images/500x500/std.lang.all/54/67/asset-3335467.jpg",
    "squareImage": "https://static.colruytgroup.com/images/500x500sq/std.lang.all/54/67/asset-3335467.jpg",
    "content": "60cl",
    "walkRouteSequenceNumber": 4026,
    "price": {
      "basicPrice": 4.99,
      "recommendedQuantity": "1.0",
      "measurementUnitPrice": 8.32,
      "measurementUnit": "L",
      "isRedPrice": false,
      "pricePerUOM": 8.32,
      "activationDate": "04-03-2024",
      "recordSource": "Offline",
      "isPromoActive": "N",
      "priceChangeCode": "E"
    },
    "isAvailable": true,
    "isPriceAvailable": true,
    "inPromo": false,
    "gtin": [
      "03092718639020",
      "03092718639013"
    ],
    "topCategoryName": "Dranken",
    "topCategoryId": "354",
    "businessDomain": "RETAIL_BE",
    "IsPrivateLabel": false,
    "IsBiffe": false,
    "WeightconversionFactor": "0",
    "IsWeightArticle": false,
    "IsBio": false,
    "CountryOfOrigin": "FRANKRIJK",
    "IsExclusivelySoldInLuxembourg": false,
    "OrderUnit": "P",
    "ShortName": "TEIS ZERO BOSVRUCHT60CL",
    "IsNew": false,
    "RecentQuanityOfStockUnits": "1",
    "LongName": "TEISSEIRE Zero siroop bosvruchten 60cl",
    "AlcoholVolume": "0",
    "FicCode": "E"
  },
  {
    "productId": "85439",
    "technicalArticleNumber": "2927532",
    "commercialArticleNumber": "13478",
    "name": "fruitsap clementine PET",
    "description": "*Clementinesap\n*Puur sap\n*100 % vruchten\n*Zonder pulp",
    "brand": "MATERNE",
    "seoBrand": "Materne",
    "thumbNail": "https://static.colruytgroup.com/images/200x200/std.lang.all/69/83/asset-3286983.jpg",
    "fullImage": "https://static.colruytgroup.com/images/500x500/std.lang.all/69/83/asset-3286983.jpg",
    "squareImage": "https://static.colruytgroup.com/images/500x500sq/std.lang.all/69/83/asset-3286983.jpg",
    "content": "1L",
    "walkRouteSequenceNumber": 5019,
    "price": {
      "basicPrice": 5.99,
      "recommendedQuantity": "1.0",
      "quantityPrice": 3.99,
      "quantityPriceQuantity": "2.0",
      "measurementUnitPrice": 5.99,
      "measurementUnitQuantityPrice": 3.99,
      "measurementUnit": "L",
      "isRedPrice": false,
      "pricePerUOM": 5.99,
      "activationDate": "23-03-2024",
      "recordSource": "Offline",
      "isPromoActive": "N",
      "priceChangeCode": "E",
      "quantityPricePerUOM": 3.99,
      "quantityActivationDate": "23-03-2024",
      "quantityPriceChangeCode": "E"
    },
    "isAvailable": true,
    "isPriceAvailable": true,
    "inPromo": false,
    "gtin": [
      "05410046190484",
      "05410046016029",
      "05410046190477"
    ],
    "topCategoryName": "Dranken",
    "topCategoryId": "354",
    "businessDomain": "RETAIL_BE",
    "IsPrivateLabel": false,
    "IsBiffe": false,
    "WeightconversionFactor": "0",
    "IsWeightArticle": false,
    "nutriscoreLabel": "C",
    "IsBio": false,
    "CountryOfOrigin": "BELGIË",
    "IsExclusivelySoldInLuxembourg": false,
    "OrderUnit": "P",
    "ShortName": "MATERNE CLEMENTINE 1L",
    "IsNew": false,
    "RecentQuanityOfStockUnits": "1",
    "LongName": "MATERNE fruitsap clementine PET 1L",
    "AlcoholVolume": "0",
    "FicCode": "E"
  },
  {
    "productId": "335924",
    "technicalArticleNumber": "3814346",
    "commercialArticleNumber": "51205",
    "name": "Gemalen Intense RFA",
    "description": "*Sterkte: intense\nkoffie\n*Smaak: vol,\nevenwichtig\n*Gemalen koffie",
    "brand": "GRAINDOR",
    "seoBrand": "Graindor",
    "thumbNail": "https://static.colruytgroup.com/images/200x200/std.lang.all/40/31/asset-3124031.jpg",
    "fullImage": "https://static.colruytgroup.com/images/500x500/std.lang.all/40/31/asset-3124031.jpg",
    "squareImage": "https://static.colruytgroup.com/images/500x500sq/std.lang.all/40/31/asset-3124031.jpg",
    "content": "500g",
    "walkRouteSequenceNumber": 1085,
    "price": {
      "basicPrice": 7.39,
      "recommendedQuantity": "1.0",
      "measurementUnitPrice": 14.78,
      "measurementUnit": "K",
      "isRedPrice": false,
      "pricePerUOM": 14.78,
      "activationDate": "28-02-2024",
      "isPromoActive": "N",
      "priceChangeCode": "E"
    },
    "isAvailable": true,
    "isPriceAvailable": true,
    "inPromo": false,
    "gtin": [
      "05400141033960"
    ],
    "topCategoryName": "Dranken",
    "topCategoryId": "354",
    "businessDomain": "RETAIL_BE",
    "IsPrivateLabel": true,
    "IsBiffe": false,
    "WeightconversionFactor": "0",
    "IsWeightArticle": false,
    "nutriscoreLabel": "B",
    "IsBio": false,
    "CountryOfOrigin": "BELGIË",
    "IsExclusivelySoldInLuxembourg": false,
    "OrderUnit": "P",
    "ShortName": "RFA GRAI INTEN GMLN500G",
    "IsNew": false,
    "EcoscoreLabel": "B",
    "RecentQuanityOfStockUnits": "1",
    "LongName": "GRAINDOR Gemalen Intense RFA 500g",
    "AlcoholVolume": "0",
    "FicCode": "I",
    "EcoscoreValue": "62"
  },
  {
    "productId": "427223",
    "technicalArticleNumber": "3965219",
    "commercialArticleNumber": "2771",
    "name": "appeljenever 20%",
    "description": "*20 % vol",
    "brand": "MARIE GALANTE",
    "seoBrand": "Marie Galante",
    "thumbNail": "https://static.colruytgroup.com/images/200x200/std.lang.all/20/56/asset-1882056.jpg",
    "fullImage": "https://static.colruytgroup.com/images/500x500/std.lang.all/20/56/asset-1882056.jpg",
    "squareImage": "https://static.colruytgroup.com/images/500x500sq/std.lang.all/20/56/asset-1882056.jpg",
    "content": "70cl",
    "walkRouteSequenceNumber": 912,
    "price": {
      "basicPrice": 9.79,
      "recommendedQuantity": "1.0",
      "measurementUnitPrice": 13.99,
      "measurementUnit": "L",
      "isRedPrice": false,
      "pricePerUOM": 13.99,
      "activationDate": "10-11-2023",
      "isPromoActive": "N",
      "priceChangeCode": "E"
    },
    "isAvailable": true,
    "isPriceAvailable": true,
    "inPromo": false,
    "gtin": [
      "15400141072256",
      "05400141072259",
      "15400141856443",
      "05400141856446"
    ],
    "topCategoryName": "Dranken",
    "topCategoryId": "354",
    "businessDomain": "RETAIL_BE",
    "IsPrivateLabel": true,
    "IsBiffe": false,
    "WeightconversionFactor": "0",
    "IsWeightArticle": false,
    "IsBio": false,
    "CountryOfOrigin": "BELGIË",
    "IsExclusivelySoldInLuxembourg": false,
    "OrderUnit": "P",
    "ShortName": "MAGA APPELJENEVER 70CL",
    "IsNew": false,
    "EcoscoreLabel": "C",
    "RecentQuanityOfStockUnits": "1,6",
    "LongName": "MARIE GALANTE appeljenever 20% 70cl",
    "AlcoholVolume": "19.7",
    "FicCode": "I",
    "EcoscoreValue": "51"
  },
  {
    "productId": "690641",
    "technicalArticleNumber": "4417146",
    "commercialArticleNumber": "19571",
    "name": "Infusion Peach Bio",
    "description": "*Smaak: perzik\n*Niet-bruisend",
    "brand": "VOLVIC",
    "seoBrand": "Volvic",
    "thumbNail": "https://static.colruytgroup.com/images/200x200/std.lang.all/72/29/asset-2857229.jpg",
    "fullImage": "https://static.colruytgroup.com/images/500x500/std.lang.all/72/29/asset-2857229.jpg",
    "squareImage": "https://static.colruytgroup.com/images/500x500sq/std.lang.all/72/29/asset-2857229.jpg",
    "content": "75cl",
    "walkRouteSequenceNumber": 4055,
    "price": {
      "basicPrice": 2.49,
      "recommendedQuantity": "1.0",
      "measurementUnitPrice": 3.32,
      "measurementUnit": "L",
      "isRedPrice": false,
      "pricePerUOM": 3.32,
      "activationDate": "22-03-2024",
      "recordSource": "Offline",
      "isPromoActive": "Y",
      "priceChangeCode": "L"
    },
    "isAvailable": true,
    "isPriceAvailable": true,
    "inPromo": true,
    "promotion": [
      {
        "techPromoId": "100890COLR",
        "promotionId": "100890",
        "promotionType": "3",
        "isPersonalized": "N",
        "publicationStartDate": "13-03-2024",
        "publicationEndDate": "26-03-2024"
      }
    ],
    "gtin": [
      "03057640557088",
      "03057640556913"
    ],
    "topCategoryName": "Dranken",
    "topCategoryId": "354",
    "businessDomain": "RETAIL_BE",
    "IsPrivateLabel": false,
    "IsBiffe": false,
    "WeightconversionFactor": "0",
    "IsWeightArticle": false,
    "IsBio": true,
    "CountryOfOrigin": "FRANKRIJK",
    "IsExclusivelySoldInLuxembourg": false,
    "OrderUnit": "P",
    "ShortName": "VOLV INFU.PEACH BIO75CL",
    "IsNew": false,
    "RecentQuanityOfStockUnits": "6,1",
    "LongName": "VOLVIC Infusion Peach Bio 75cl",
    "FicCode": "E"
  },
  {
    "productId": "706598",
    "technicalArticleNumber": "4443594",
    "commercialArticleNumber": "16320",
    "name": "caps Espresso Lumino.6 RFA",
    "brand": "GRAINDOR",
    "seoBrand": "Graindor",
    "thumbNail": "https://static.colruytgroup.com/images/200x200/std.lang.all/31/35/asset-2513135.jpg",
    "fullImage": "https://static.colruytgroup.com/images/500x500/std.lang.all/31/35/asset-2513135.jpg",
    "squareImage": "https://static.colruytgroup.com/images/500x500sq/std.lang.all/31/35/asset-2513135.jpg",
    "content": "20st",
    "walkRouteSequenceNumber": 1041,
    "price": {
      "basicPrice": 4.79,
      "recommendedQuantity": "1.0",
      "measurementUnitPrice": 46.06,
      "measurementUnit": "K",
      "isRedPrice": false,
      "pricePerUOM": 46.06,
      "activationDate": "13-03-2024",
      "isPromoActive": "N",
      "priceChangeCode": "E"
    },
    "isAvailable": true,
    "isPriceAvailable": true,
    "inPromo": false,
    "gtin": [
      "15400141719526",
      "05400141719529"
    ],
    "topCategoryName": "Dranken",
    "topCategoryId": "354",
    "businessDomain": "RETAIL_BE",
    "IsPrivateLabel": true,
    "IsBiffe": false,
    "WeightconversionFactor": "0",
    "IsWeightArticle": false,
    "nutriscoreLabel": "B",
    "IsBio": false,
    "CountryOfOrigin": "BELGIË",
    "IsExclusivelySoldInLuxembourg": false,
    "OrderUnit": "P",
    "ShortName": "GRDR ESPR.LUMIN.RF20CAP",
    "IsNew": false,
    "EcoscoreLabel": "C",
    "RecentQuanityOfStockUnits": "6,1",
    "LongName": "GRAINDOR caps Espresso Lumino.6 RFA 20st",
    "AlcoholVolume": "0",
    "FicCode": "I",
    "EcoscoreValue": "50"
  },
  {
    "productId": "520434",
    "technicalArticleNumber": "4104255",
    "commercialArticleNumber": "8535",
    "name": "Grande Réserve 9,0%",
    "description": "*Trappistenbier\n*9,0 % vol\n*Nagisting op fles",
    "brand": "CHIMAY",
    "seoBrand": "Chimay",
    "thumbNail": "https://static.colruytgroup.com/images/200x200/std.lang.all/15/14/asset-2701514.jpg",
    "fullImage": "https://static.colruytgroup.com/images/500x500/std.lang.all/15/14/asset-2701514.jpg",
    "squareImage": "https://static.colruytgroup.com/images/500x500sq/std.lang.all/15/14/asset-2701514.jpg",
    "content": "75cl",
    "walkRouteSequenceNumber": 3635,
    "price": {
      "basicPrice": 5.45,
      "recommendedQuantity": "1.0",
      "measurementUnitPrice": 7.27,
      "measurementUnit": "L",
      "isRedPrice": false,
      "pricePerUOM": 7.27,
      "activationDate": "08-03-2024",
      "recordSource": "Online",
      "isPromoActive": "N",
      "priceChangeCode": "E"
    },
    "isAvailable": true,
    "isPriceAvailable": true,
    "inPromo": false,
    "gtin": [
      "15410908300096",
      "05410908300099",
      "15410908000675",
      "05410908000074"
    ],
    "topCategoryName": "Dranken",
    "topCategoryId": "354",
    "businessDomain": "RETAIL_BE",
    "IsPrivateLabel": false,
    "IsBiffe": false,
    "WeightconversionFactor": "0",
    "IsWeightArticle": false,
    "IsBio": false,
    "CountryOfOrigin": "BELGIË",
    "IsExclusivelySoldInLuxembourg": false,
    "OrderUnit": "P",
    "ShortName": "CHIM GRAND RES. 9% 75CL",
    "IsNew": false,
    "EcoscoreLabel": "D",
    "RecentQuanityOfStockUnits": "1,6",
    "LongName": "CHIMAY Grande Réserve 9,0% 75cl",
    "AlcoholVolume": "9",
    "FicCode": "E",
    "EcoscoreValue": "37"
  },
  {
    "productId": "473538",
    "technicalArticleNumber": "4065386",
    "commercialArticleNumber": "7156",
    "name": "Pressed Apple PET",
    "description": "*Appelsap\n*Puur sap\n*Zonder pulp",
    "brand": "TROPICANA",
    "seoBrand": "Tropicana",
    "thumbNail": "https://static.colruytgroup.com/images/200x200/std.lang.all/48/99/asset-3374899.jpg",
    "fullImage": "https://static.colruytgroup.com/images/500x500/std.lang.all/48/99/asset-3374899.jpg",
    "squareImage": "https://static.colruytgroup.com/images/500x500sq/std.lang.all/48/99/asset-3374899.jpg",
    "content": "90cl",
    "walkRouteSequenceNumber": 5038,
    "price": {
      "basicPrice": 5.09,
      "recommendedQuantity": "1.0",
      "quantityPrice": 4.68,
      "quantityPriceQuantity": "6.0",
      "measurementUnitPrice": 5.66,
      "measurementUnitQuantityPrice": 5.2,
      "measurementUnit": "L",
      "isRedPrice": false,
      "pricePerUOM": 5.66,
      "activationDate": "20-02-2024",
      "recordSource": "Offline",
      "isPromoActive": "N",
      "priceChangeCode": "E",
      "quantityPricePerUOM": 5.2,
      "quantityActivationDate": "20-02-2024",
      "quantityPriceChangeCode": "H"
    },
    "isAvailable": true,
    "isPriceAvailable": true,
    "inPromo": false,
    "gtin": [
      "05410188036800",
      "05410188036817"
    ],
    "topCategoryName": "Dranken",
    "topCategoryId": "354",
    "businessDomain": "RETAIL_BE",
    "IsPrivateLabel": false,
    "IsBiffe": false,
    "WeightconversionFactor": "0",
    "IsWeightArticle": false,
    "nutriscoreLabel": "C",
    "IsBio": false,
    "CountryOfOrigin": "EUROPA",
    "IsExclusivelySoldInLuxembourg": false,
    "OrderUnit": "P",
    "ShortName": "TROP PRESSED APPLE 90CL",
    "IsNew": false,
    "RecentQuanityOfStockUnits": "1,6",
    "LongName": "TROPICANA Pressed Apple PET 90cl",
    "FicCode": "E"
  },
  {
    "productId": "450",
    "technicalArticleNumber": "5198",
    "commercialArticleNumber": "5198",
    "name": "bier blond tripel 11%",
    "description": "*Speciaalbier\n*11 % vol\n*Nagisting op fles",
    "brand": "KASTEEL",
    "seoBrand": "Kasteel",
    "thumbNail": "https://static.colruytgroup.com/images/200x200/std.lang.all/34/57/asset-1793457.jpg",
    "fullImage": "https://static.colruytgroup.com/images/500x500/std.lang.all/34/57/asset-1793457.jpg",
    "squareImage": "https://static.colruytgroup.com/images/500x500sq/std.lang.all/34/57/asset-1793457.jpg",
    "content": "6x33cl",
    "walkRouteSequenceNumber": 3697,
    "price": {
      "basicPrice": 9.52,
      "recommendedQuantity": "1.0",
      "quantityPrice": 9.14,
      "quantityPriceQuantity": "3.0",
      "measurementUnitPrice": 4.81,
      "measurementUnitQuantityPrice": 4.62,
      "measurementUnit": "L",
      "isRedPrice": false,
      "pricePerUOM": 4.81,
      "activationDate": "07-03-2024",
      "recordSource": "Offline",
      "isPromoActive": "N",
      "priceChangeCode": "H",
      "quantityPricePerUOM": 4.62,
      "quantityActivationDate": "07-03-2024",
      "quantityPriceChangeCode": "E"
    },
    "isAvailable": true,
    "isPriceAvailable": true,
    "inPromo": false,
    "gtin": [
      "00000025051988",
      "05400141051988",
      "05411081000677",
      "05411081001513"
    ],
    "topCategoryName": "Dranken",
    "topCategoryId": "354",
    "businessDomain": "RETAIL_BE",
    "IsPrivateLabel": false,
    "IsBiffe": false,
    "WeightconversionFactor": "0",
    "IsWeightArticle": false,
    "IsBio": false,
    "CountryOfOrigin": "BELGIË",
    "IsExclusivelySoldInLuxembourg": false,
    "OrderUnit": "P",
    "ShortName": "KASTEELTRIPLE 6X33",
    "IsNew": false,
    "EcoscoreLabel": "D",
    "RecentQuanityOfStockUnits": "1",
    "LongName": "KASTEEL bier blond tripel 11% 6x33cl",
    "AlcoholVolume": "11",
    "FicCode": "I",
    "DepositValue": [
      0.6
    ],
    "EcoscoreValue": "37"
  },
  {
    "productId": "700581",
    "technicalArticleNumber": "4433071",
    "commercialArticleNumber": "15309",
    "name": "Fast Hydration sinaasappel",
    "brand": "ISOSTAR",
    "seoBrand": "Isostar",
    "thumbNail": "https://static.colruytgroup.com/images/200x200/std.lang.all/30/24/asset-2403024.jpg",
    "fullImage": "https://static.colruytgroup.com/images/500x500/std.lang.all/30/24/asset-2403024.jpg",
    "squareImage": "https://static.colruytgroup.com/images/500x500sq/std.lang.all/30/24/asset-2403024.jpg",
    "content": "50cl",
    "walkRouteSequenceNumber": 4723,
    "price": {
      "basicPrice": 1.04,
      "recommendedQuantity": "1.0",
      "quantityPrice": 1,
      "quantityPriceQuantity": "12.0",
      "measurementUnitPrice": 2.08,
      "measurementUnitQuantityPrice": 2,
      "measurementUnit": "L",
      "isRedPrice": false,
      "pricePerUOM": 2.08,
      "activationDate": "27-10-2023",
      "isPromoActive": "N",
      "priceChangeCode": "E",
      "quantityPricePerUOM": 2,
      "quantityActivationDate": "27-10-2023",
      "quantityPriceChangeCode": "H"
    },
    "isAvailable": true,
    "isPriceAvailable": true,
    "inPromo": false,
    "gtin": [
      "03175681102941",
      "07612100031667"
    ],
    "topCategoryName": "Dranken",
    "topCategoryId": "354",
    "businessDomain": "RETAIL_BE",
    "IsPrivateLabel": false,
    "IsBiffe": false,
    "WeightconversionFactor": "0",
    "IsWeightArticle": false,
    "nutriscoreLabel": "C",
    "IsBio": false,
    "CountryOfOrigin": "ITALIË",
    "IsExclusivelySoldInLuxembourg": false,
    "OrderUnit": "P",
    "ShortName": "ISOS FAST HYDR.SINAA50C",
    "IsNew": false,
    "RecentQuanityOfStockUnits": "12,1",
    "LongName": "ISOSTAR Fast Hydration sinaasappel 50cl",
    "FicCode": "E"
  },
  {
    "productId": "427243",
    "technicalArticleNumber": "3965239",
    "commercialArticleNumber": "2774",
    "name": "Vieille fine 30%",
    "description": "*Brandy\n*30% vol",
    "brand": "EVERYDAY",
    "seoBrand": "Everyday",
    "thumbNail": "https://static.colruytgroup.com/images/200x200/std.lang.all/88/03/asset-1688803.jpg",
    "fullImage": "https://static.colruytgroup.com/images/500x500/std.lang.all/88/03/asset-1688803.jpg",
    "squareImage": "https://static.colruytgroup.com/images/500x500sq/std.lang.all/88/03/asset-1688803.jpg",
    "content": "70cl",
    "walkRouteSequenceNumber": 998,
    "price": {
      "basicPrice": 12.99,
      "recommendedQuantity": "1.0",
      "measurementUnitPrice": 18.56,
      "measurementUnit": "L",
      "isRedPrice": false,
      "pricePerUOM": 18.56,
      "activationDate": "13-03-2024",
      "recordSource": "Offline",
      "isPromoActive": "N",
      "priceChangeCode": "H"
    },
    "isAvailable": true,
    "isPriceAvailable": true,
    "inPromo": false,
    "gtin": [
      "15400141072294",
      "05400141072297"
    ],
    "topCategoryName": "Dranken",
    "topCategoryId": "354",
    "businessDomain": "RETAIL_BE",
    "IsPrivateLabel": true,
    "IsBiffe": false,
    "WeightconversionFactor": "0",
    "IsWeightArticle": false,
    "IsBio": false,
    "CountryOfOrigin": "BELGIË",
    "IsExclusivelySoldInLuxembourg": false,
    "OrderUnit": "P",
    "ShortName": "EVD VIEILLE FINE 30%70C",
    "IsNew": false,
    "EcoscoreLabel": "D",
    "RecentQuanityOfStockUnits": "1,6",
    "LongName": "EVERYDAY Vieille fine 30% 70cl",
    "AlcoholVolume": "30",
    "FicCode": "I",
    "EcoscoreValue": "38"
  },
  {
    "productId": "509653",
    "technicalArticleNumber": "4088098",
    "commercialArticleNumber": "7947",
    "name": "bier blond Houblon 9%",
    "description": "*Speciaalbier\n*9 % vol",
    "brand": "CHOUFFE",
    "seoBrand": "Chouffe",
    "thumbNail": "https://static.colruytgroup.com/images/200x200/std.lang.all/98/57/asset-1769857.jpg",
    "fullImage": "https://static.colruytgroup.com/images/500x500/std.lang.all/98/57/asset-1769857.jpg",
    "squareImage": "https://static.colruytgroup.com/images/500x500sq/std.lang.all/98/57/asset-1769857.jpg",
    "content": "4x33cl",
    "walkRouteSequenceNumber": 3702,
    "price": {
      "basicPrice": 7.92,
      "recommendedQuantity": "1.0",
      "measurementUnitPrice": 6,
      "measurementUnit": "L",
      "isRedPrice": false,
      "pricePerUOM": 6,
      "activationDate": "24-02-2024",
      "recordSource": "Online",
      "isPromoActive": "N",
      "priceChangeCode": "H"
    },
    "isAvailable": true,
    "isPriceAvailable": true,
    "inPromo": false,
    "gtin": [
      "05410769300283",
      "05400141282849",
      "05410769300085"
    ],
    "topCategoryName": "Dranken",
    "topCategoryId": "354",
    "businessDomain": "RETAIL_BE",
    "IsPrivateLabel": false,
    "IsBiffe": false,
    "WeightconversionFactor": "0",
    "IsWeightArticle": false,
    "IsBio": false,
    "CountryOfOrigin": "BELGIË",
    "IsExclusivelySoldInLuxembourg": false,
    "OrderUnit": "P",
    "ShortName": "CHOU HOUBLON 4X33",
    "IsNew": false,
    "EcoscoreLabel": "B",
    "RecentQuanityOfStockUnits": "1",
    "LongName": "CHOUFFE bier blond Houblon 9% 4x33cl",
    "AlcoholVolume": "9",
    "FicCode": "I",
    "DepositValue": [
      0.4
    ],
    "EcoscoreValue": "72"
  },
  {
    "productId": "700655",
    "technicalArticleNumber": "4433146",
    "commercialArticleNumber": "15473",
    "name": "Fast Hydration citroen",
    "brand": "ISOSTAR",
    "seoBrand": "Isostar",
    "thumbNail": "https://static.colruytgroup.com/images/200x200/std.lang.all/30/25/asset-2403025.jpg",
    "fullImage": "https://static.colruytgroup.com/images/500x500/std.lang.all/30/25/asset-2403025.jpg",
    "squareImage": "https://static.colruytgroup.com/images/500x500sq/std.lang.all/30/25/asset-2403025.jpg",
    "content": "50cl",
    "walkRouteSequenceNumber": 4724,
    "price": {
      "basicPrice": 1.04,
      "recommendedQuantity": "1.0",
      "quantityPrice": 1,
      "quantityPriceQuantity": "12.0",
      "measurementUnitPrice": 2.08,
      "measurementUnitQuantityPrice": 2,
      "measurementUnit": "L",
      "isRedPrice": false,
      "pricePerUOM": 2.08,
      "activationDate": "27-10-2023",
      "isPromoActive": "N",
      "priceChangeCode": "E",
      "quantityPricePerUOM": 2,
      "quantityActivationDate": "27-10-2023",
      "quantityPriceChangeCode": "H"
    },
    "isAvailable": true,
    "isPriceAvailable": true,
    "inPromo": false,
    "gtin": [
      "03175681102927",
      "07612100031650"
    ],
    "topCategoryName": "Dranken",
    "topCategoryId": "354",
    "businessDomain": "RETAIL_BE",
    "IsPrivateLabel": false,
    "IsBiffe": false,
    "WeightconversionFactor": "0",
    "IsWeightArticle": false,
    "IsBio": false,
    "CountryOfOrigin": "ITALIË",
    "IsExclusivelySoldInLuxembourg": false,
    "OrderUnit": "P",
    "ShortName": "ISOS FAST HYDR.CITR50CL",
    "IsNew": false,
    "RecentQuanityOfStockUnits": "12,1",
    "LongName": "ISOSTAR Fast Hydration citroen 50cl",
    "FicCode": "E"
  },
  {
    "productId": "10465",
    "technicalArticleNumber": "1129424",
    "commercialArticleNumber": "5025",
    "name": "abdijbier dubbel 7,0%vol",
    "description": "*Abdijbier\n*7 % vol\n*Nagisting op fles",
    "brand": "POSTEL",
    "seoBrand": "Postel",
    "thumbNail": "https://static.colruytgroup.com/images/200x200/std.lang.all/90/00/asset-2199000.jpg",
    "fullImage": "https://static.colruytgroup.com/images/500x500/std.lang.all/90/00/asset-2199000.jpg",
    "squareImage": "https://static.colruytgroup.com/images/500x500sq/std.lang.all/90/00/asset-2199000.jpg",
    "content": "6x33cl",
    "walkRouteSequenceNumber": 3611,
    "price": {
      "basicPrice": 5.79,
      "recommendedQuantity": "1.0",
      "measurementUnitPrice": 2.93,
      "measurementUnit": "L",
      "isRedPrice": false,
      "pricePerUOM": 2.93,
      "activationDate": "29-11-2023",
      "recordSource": "Online",
      "isPromoActive": "N",
      "priceChangeCode": "E"
    },
    "isAvailable": true,
    "isPriceAvailable": true,
    "inPromo": true,
    "promotion": [
      {
        "techPromoId": "100951COLR",
        "promotionId": "100951",
        "promotionType": "3",
        "isPersonalized": "N",
        "publicationStartDate": "13-03-2024",
        "publicationEndDate": "26-03-2024"
      }
    ],
    "gtin": [
      "05411098720209",
      "05411098700003",
      "05400141050257"
    ],
    "topCategoryName": "Dranken",
    "topCategoryId": "354",
    "businessDomain": "RETAIL_BE",
    "IsPrivateLabel": false,
    "IsBiffe": false,
    "WeightconversionFactor": "0",
    "IsWeightArticle": false,
    "IsBio": false,
    "CountryOfOrigin": "BELGIË",
    "IsExclusivelySoldInLuxembourg": false,
    "OrderUnit": "P",
    "ShortName": "POSTEL DUBBEL 6X33CL",
    "IsNew": false,
    "RecentQuanityOfStockUnits": "1",
    "LongName": "POSTEL abdijbier dubbel 7,0%vol 6x33cl",
    "AlcoholVolume": "7",
    "FicCode": "I",
    "DepositValue": [
      0.6
    ]
  },
  {
    "productId": "861206",
    "technicalArticleNumber": "4712315",
    "commercialArticleNumber": "20915",
    "name": "witte pompelmoes PET",
    "description": "*Witte pompelmoessap\n*Uit sapconcentraat",
    "brand": "GRANINI",
    "seoBrand": "Granini",
    "thumbNail": "https://static.colruytgroup.com/images/200x200/std.lang.all/07/33/asset-3130733.jpg",
    "fullImage": "https://static.colruytgroup.com/images/500x500/std.lang.all/07/33/asset-3130733.jpg",
    "squareImage": "https://static.colruytgroup.com/images/500x500sq/std.lang.all/07/33/asset-3130733.jpg",
    "content": "1L",
    "walkRouteSequenceNumber": 4765,
    "price": {
      "basicPrice": 3.25,
      "recommendedQuantity": "1.0",
      "measurementUnitPrice": 3.25,
      "measurementUnit": "L",
      "isRedPrice": false,
      "pricePerUOM": 3.25,
      "activationDate": "22-03-2024",
      "recordSource": "Offline",
      "isPromoActive": "N",
      "priceChangeCode": "H"
    },
    "isAvailable": true,
    "isPriceAvailable": true,
    "inPromo": false,
    "gtin": [
      "03503780001931",
      "03503780001948"
    ],
    "topCategoryName": "Dranken",
    "topCategoryId": "354",
    "businessDomain": "RETAIL_BE",
    "IsPrivateLabel": false,
    "IsBiffe": false,
    "WeightconversionFactor": "0",
    "IsWeightArticle": false,
    "nutriscoreLabel": "C",
    "IsBio": false,
    "CountryOfOrigin": "DUITSLAND",
    "IsExclusivelySoldInLuxembourg": false,
    "OrderUnit": "P",
    "ShortName": "GRAN POMPELMOES WIT 1L",
    "IsNew": false,
    "EcoscoreLabel": "E",
    "RecentQuanityOfStockUnits": "1,6",
    "LongName": "GRANINI witte pompelmoes PET 1L",
    "AlcoholVolume": "0",
    "FicCode": "E",
    "EcoscoreValue": "0"
  },
  {
    "productId": "1741",
    "technicalArticleNumber": "22366",
    "commercialArticleNumber": "22366",
    "name": "gemalen koffie dessert",
    "description": "*Sterkte: zachte\nkoffie\n*Smaak: vol,\ndoordringend\n*Gemalen koffie",
    "brand": "ZWARTE KAT",
    "seoBrand": "Chat Noir",
    "thumbNail": "https://static.colruytgroup.com/images/200x200/nl_be/61/09/asset-1746109.jpg",
    "fullImage": "https://static.colruytgroup.com/images/500x500/nl_be/61/09/asset-1746109.jpg",
    "squareImage": "https://static.colruytgroup.com/images/500x500sq/nl_be/61/09/asset-1746109.jpg",
    "content": "250g",
    "walkRouteSequenceNumber": 1136,
    "price": {
      "basicPrice": 4.55,
      "recommendedQuantity": "1.0",
      "measurementUnitPrice": 18.2,
      "measurementUnit": "K",
      "isRedPrice": false,
      "pricePerUOM": 18.2,
      "activationDate": "14-11-2023",
      "recordSource": "Offline",
      "isPromoActive": "N",
      "priceChangeCode": "E"
    },
    "isAvailable": true,
    "isPriceAvailable": true,
    "inPromo": false,
    "gtin": [
      "05410138000615",
      "15410138000612"
    ],
    "topCategoryName": "Dranken",
    "topCategoryId": "354",
    "businessDomain": "RETAIL_BE",
    "IsPrivateLabel": false,
    "IsBiffe": false,
    "WeightconversionFactor": "0",
    "IsWeightArticle": false,
    "nutriscoreLabel": "B",
    "IsBio": false,
    "CountryOfOrigin": "NEDERLAND",
    "IsExclusivelySoldInLuxembourg": false,
    "OrderUnit": "P",
    "ShortName": "ZW KAT DESSERT GEM 250G",
    "InSeason": true,
    "IsNew": false,
    "RecentQuanityOfStockUnits": "12,1",
    "LongName": "ZWARTE KAT gemalen koffie dessert 250g",
    "AlcoholVolume": "0",
    "StartSeasonDate": "22/06/2023",
    "FicCode": "E"
  },
  {
    "productId": "48699",
    "technicalArticleNumber": "2571683",
    "commercialArticleNumber": "4575",
    "name": "vlierbl.siroop bio ft",
    "brand": "'T VLIERBOS",
    "seoBrand": "'t Vlierbos",
    "thumbNail": "https://static.colruytgroup.com/images/200x200/std.lang.all/46/64/asset-1124664.jpg",
    "fullImage": "https://static.colruytgroup.com/images/500x500/std.lang.all/46/64/asset-1124664.jpg",
    "squareImage": "https://static.colruytgroup.com/images/500x500sq/std.lang.all/46/64/asset-1124664.jpg",
    "content": "50cl",
    "walkRouteSequenceNumber": 4036,
    "price": {
      "basicPrice": 4.45,
      "recommendedQuantity": "1.0",
      "quantityPrice": 4.09,
      "quantityPriceQuantity": "6.0",
      "measurementUnitPrice": 8.9,
      "measurementUnitQuantityPrice": 8.18,
      "measurementUnit": "L",
      "isRedPrice": false,
      "pricePerUOM": 8.9,
      "activationDate": "21-03-2024",
      "isPromoActive": "N",
      "priceChangeCode": "H",
      "quantityPricePerUOM": 8.18,
      "quantityActivationDate": "21-03-2024",
      "quantityPriceChangeCode": "L"
    },
    "isAvailable": true,
    "isPriceAvailable": true,
    "inPromo": false,
    "gtin": [
      "05425008132600",
      "05425008132167"
    ],
    "topCategoryName": "Dranken",
    "topCategoryId": "354",
    "businessDomain": "RETAIL_BE",
    "IsPrivateLabel": false,
    "IsBiffe": false,
    "WeightconversionFactor": "0",
    "IsWeightArticle": false,
    "IsBio": true,
    "CountryOfOrigin": "BELGIË",
    "IsExclusivelySoldInLuxembourg": false,
    "OrderUnit": "P",
    "ShortName": "UB BIO.VLIERBL.SIR50CL",
    "IsNew": false,
    "EcoscoreLabel": "A",
    "RecentQuanityOfStockUnits": "1,6",
    "LongName": "'T VLIERBOS vlierbl.siroop bio ft 50cl",
    "AlcoholVolume": "0",
    "FicCode": "E",
    "EcoscoreValue": "100"
  },
  {
    "productId": "330040",
    "technicalArticleNumber": "3814536",
    "commercialArticleNumber": "51229",
    "name": "bonen Cerrado RFA",
    "description": "*Heel zachte koffie\n*Zoet, aangenaam,\nafgerond, vol\n*Brazilië\n*Koffiebonen",
    "brand": "GRAINDOR",
    "seoBrand": "Graindor",
    "thumbNail": "https://static.colruytgroup.com/images/200x200/std.lang.all/97/43/asset-1839743.jpg",
    "fullImage": "https://static.colruytgroup.com/images/500x500/std.lang.all/97/43/asset-1839743.jpg",
    "squareImage": "https://static.colruytgroup.com/images/500x500sq/std.lang.all/97/43/asset-1839743.jpg",
    "content": "500g",
    "walkRouteSequenceNumber": 1011,
    "price": {
      "basicPrice": 8.5,
      "recommendedQuantity": "1.0",
      "measurementUnitPrice": 17,
      "measurementUnit": "K",
      "isRedPrice": false,
      "pricePerUOM": 17,
      "activationDate": "13-03-2024",
      "isPromoActive": "N",
      "priceChangeCode": "E"
    },
    "isAvailable": true,
    "isPriceAvailable": true,
    "inPromo": false,
    "gtin": [
      "45400141034231",
      "05400141034233"
    ],
    "topCategoryName": "Dranken",
    "topCategoryId": "354",
    "businessDomain": "RETAIL_BE",
    "IsPrivateLabel": true,
    "IsBiffe": false,
    "WeightconversionFactor": "0",
    "IsWeightArticle": false,
    "nutriscoreLabel": "B",
    "IsBio": false,
    "CountryOfOrigin": "BELGIË",
    "IsExclusivelySoldInLuxembourg": false,
    "OrderUnit": "P",
    "ShortName": "GRAI CERR.RF BONEN 500G",
    "IsNew": false,
    "EcoscoreLabel": "B",
    "RecentQuanityOfStockUnits": "1",
    "LongName": "GRAINDOR bonen Cerrado RFA 500g",
    "AlcoholVolume": "0",
    "FicCode": "I",
    "EcoscoreValue": "60"
  },
  {
    "productId": "336206",
    "technicalArticleNumber": "3808118",
    "commercialArticleNumber": "42144",
    "name": "Antioxidant",
    "brand": "VITAMIN WELL",
    "seoBrand": "Vitamin Well",
    "thumbNail": "https://static.colruytgroup.com/images/200x200/std.lang.all/49/04/asset-2094904.jpg",
    "fullImage": "https://static.colruytgroup.com/images/500x500/std.lang.all/49/04/asset-2094904.jpg",
    "squareImage": "https://static.colruytgroup.com/images/500x500sq/std.lang.all/49/04/asset-2094904.jpg",
    "content": "50cl",
    "walkRouteSequenceNumber": 4716,
    "price": {
      "basicPrice": 1.75,
      "recommendedQuantity": "1.0",
      "measurementUnitPrice": 3.5,
      "measurementUnit": "L",
      "isRedPrice": false,
      "pricePerUOM": 3.5,
      "activationDate": "28-02-2024",
      "recordSource": "Online",
      "isPromoActive": "N",
      "priceChangeCode": "E"
    },
    "isAvailable": true,
    "isPriceAvailable": true,
    "inPromo": false,
    "gtin": [
      "07350042718719",
      "07350042716630",
      "27350042716634",
      "27350042718805"
    ],
    "topCategoryName": "Dranken",
    "topCategoryId": "354",
    "businessDomain": "RETAIL_BE",
    "IsPrivateLabel": false,
    "IsBiffe": false,
    "WeightconversionFactor": "0",
    "IsWeightArticle": false,
    "nutriscoreLabel": "C",
    "IsBio": false,
    "CountryOfOrigin": "ZWEDEN",
    "IsExclusivelySoldInLuxembourg": false,
    "OrderUnit": "P",
    "ShortName": "VIWE ANTIOXIDANT50CL",
    "InSeason": true,
    "IsNew": false,
    "RecentQuanityOfStockUnits": "1,12",
    "LongName": "VITAMIN WELL Antioxidant 50cl",
    "AlcoholVolume": "0",
    "StartSeasonDate": "12/12/2018",
    "FicCode": "E"
  },
  {
    "productId": "890016",
    "technicalArticleNumber": "4750608",
    "commercialArticleNumber": "7919",
    "name": "Blue 4%",
    "description": "*Ready to drink\n*Kant- en klaar\n*4 % vol",
    "brand": "ERISTOFF",
    "seoBrand": "Eristoff",
    "thumbNail": "https://static.colruytgroup.com/images/200x200/std.lang.all/20/64/asset-3342064.jpg",
    "fullImage": "https://static.colruytgroup.com/images/500x500/std.lang.all/20/64/asset-3342064.jpg",
    "squareImage": "https://static.colruytgroup.com/images/500x500sq/std.lang.all/20/64/asset-3342064.jpg",
    "content": "27,5cl",
    "walkRouteSequenceNumber": 787,
    "price": {
      "basicPrice": 2.99,
      "recommendedQuantity": "1.0",
      "quantityPrice": 2.87,
      "quantityPriceQuantity": "24.0",
      "measurementUnitPrice": 10.88,
      "measurementUnitQuantityPrice": 10.44,
      "measurementUnit": "L",
      "isRedPrice": false,
      "pricePerUOM": 10.88,
      "activationDate": "28-02-2024",
      "recordSource": "Offline",
      "isPromoActive": "N",
      "priceChangeCode": "L",
      "quantityPricePerUOM": 10.44,
      "quantityActivationDate": "28-02-2024",
      "quantityPriceChangeCode": "L"
    },
    "isAvailable": true,
    "isPriceAvailable": true,
    "inPromo": false,
    "gtin": [
      "07610113022979",
      "07610113022962"
    ],
    "topCategoryName": "Dranken",
    "topCategoryId": "354",
    "businessDomain": "RETAIL_BE",
    "IsPrivateLabel": false,
    "IsBiffe": false,
    "WeightconversionFactor": "0",
    "IsWeightArticle": false,
    "IsBio": false,
    "CountryOfOrigin": "BELGIË",
    "IsExclusivelySoldInLuxembourg": false,
    "OrderUnit": "P",
    "ShortName": "ERIS BLUE 4% 27.5CL",
    "IsNew": false,
    "EcoscoreLabel": "D",
    "RecentQuanityOfStockUnits": "1,24",
    "LongName": "ERISTOFF Blue 4% 27,5cl",
    "AlcoholVolume": "4",
    "FicCode": "E",
    "EcoscoreValue": "38"
  },
  {
    "productId": "243759",
    "technicalArticleNumber": "3523596",
    "commercialArticleNumber": "40183",
    "name": "London Dry Gin 37,5%",
    "description": "*fruitig-gekruid\n*met neutrale tonic\n*garn. citroen\n*Spanje",
    "brand": "GIN MG",
    "seoBrand": "Gin Mg",
    "thumbNail": "https://static.colruytgroup.com/images/200x200/std.lang.all/36/70/asset-2083670.jpg",
    "fullImage": "https://static.colruytgroup.com/images/500x500/std.lang.all/36/70/asset-2083670.jpg",
    "squareImage": "https://static.colruytgroup.com/images/500x500sq/std.lang.all/36/70/asset-2083670.jpg",
    "content": "70cl",
    "walkRouteSequenceNumber": 740,
    "price": {
      "basicPrice": 15.69,
      "recommendedQuantity": "1.0",
      "measurementUnitPrice": 22.42,
      "measurementUnit": "L",
      "isRedPrice": true,
      "redPriceReason": "Promo",
      "referencePrice": 17.86,
      "retentionPeriod": 30,
      "pricePerUOM": 22.42,
      "activationDate": "13-03-2024",
      "isPromoActive": "Y",
      "priceChangeCode": "L"
    },
    "isAvailable": true,
    "isPriceAvailable": true,
    "inPromo": false,
    "gtin": [
      "28411640000231",
      "18411640010349",
      "08411640010342",
      "08411640000237",
      "08411640012063",
      "18411640012060"
    ],
    "topCategoryName": "Dranken",
    "topCategoryId": "354",
    "businessDomain": "RETAIL_BE",
    "IsPrivateLabel": false,
    "IsBiffe": false,
    "WeightconversionFactor": "0",
    "IsWeightArticle": false,
    "IsBio": false,
    "CountryOfOrigin": "SPANJE",
    "IsExclusivelySoldInLuxembourg": false,
    "OrderUnit": "P",
    "ShortName": "MG LON.DR GIN 37.5%70C",
    "IsNew": false,
    "EcoscoreLabel": "B",
    "RecentQuanityOfStockUnits": "1",
    "LongName": "GIN MG London Dry Gin 37,5% 70cl",
    "AlcoholVolume": "37.5",
    "FicCode": "E",
    "EcoscoreValue": "62"
  },
  {
    "productId": "335582",
    "technicalArticleNumber": "3799711",
    "commercialArticleNumber": "12926",
    "name": "Bourbon 40%",
    "description": "*Bourbon bl. whiskey\n*USA",
    "brand": "MARIE GALANTE",
    "seoBrand": "Marie Galante",
    "thumbNail": "https://static.colruytgroup.com/images/200x200/std.lang.all/83/15/asset-1648315.jpg",
    "fullImage": "https://static.colruytgroup.com/images/500x500/std.lang.all/83/15/asset-1648315.jpg",
    "squareImage": "https://static.colruytgroup.com/images/500x500sq/std.lang.all/83/15/asset-1648315.jpg",
    "content": "70cl",
    "walkRouteSequenceNumber": 986,
    "price": {
      "basicPrice": 15.99,
      "recommendedQuantity": "1.0",
      "measurementUnitPrice": 22.85,
      "measurementUnit": "L",
      "isRedPrice": false,
      "pricePerUOM": 22.85,
      "activationDate": "04-03-2024",
      "recordSource": "Offline",
      "isPromoActive": "N",
      "priceChangeCode": "H"
    },
    "isAvailable": true,
    "isPriceAvailable": true,
    "inPromo": false,
    "gtin": [
      "15400141473251",
      "05400141473254",
      "05400141108095",
      "15400141108092"
    ],
    "topCategoryName": "Dranken",
    "topCategoryId": "354",
    "businessDomain": "RETAIL_BE",
    "IsPrivateLabel": true,
    "IsBiffe": false,
    "WeightconversionFactor": "0",
    "IsWeightArticle": false,
    "IsBio": false,
    "CountryOfOrigin": "BELGIË",
    "IsExclusivelySoldInLuxembourg": false,
    "OrderUnit": "P",
    "ShortName": "MGAL BOURBON 40% 70CL",
    "IsNew": false,
    "EcoscoreLabel": "D",
    "RecentQuanityOfStockUnits": "1",
    "LongName": "MARIE GALANTE Bourbon 40% 70cl",
    "AlcoholVolume": "39.7",
    "FicCode": "I",
    "EcoscoreValue": "31"
  },
  {
    "productId": "918937",
    "technicalArticleNumber": "4761338",
    "commercialArticleNumber": "13320",
    "name": "Juice Drink Pomegranate",
    "description": "*Niet bruisende\nlimonade\n*Smaak: graanatappel",
    "brand": "MAAZA",
    "seoBrand": "Maaza",
    "thumbNail": "https://static.colruytgroup.com/images/200x200/std.lang.all/20/68/asset-3342068.jpg",
    "fullImage": "https://static.colruytgroup.com/images/500x500/std.lang.all/20/68/asset-3342068.jpg",
    "squareImage": "https://static.colruytgroup.com/images/500x500sq/std.lang.all/20/68/asset-3342068.jpg",
    "content": "1L",
    "walkRouteSequenceNumber": 4092,
    "price": {
      "basicPrice": 1.99,
      "recommendedQuantity": "1.0",
      "quantityPrice": 1.91,
      "quantityPriceQuantity": "6.0",
      "measurementUnitPrice": 1.99,
      "measurementUnitQuantityPrice": 1.91,
      "measurementUnit": "L",
      "isRedPrice": false,
      "pricePerUOM": 1.99,
      "activationDate": "22-03-2024",
      "isPromoActive": "N",
      "priceChangeCode": "L",
      "quantityPricePerUOM": 1.91,
      "quantityActivationDate": "22-03-2024",
      "quantityPriceChangeCode": "L"
    },
    "isAvailable": true,
    "isPriceAvailable": true,
    "inPromo": false,
    "gtin": [
      "08718226328724",
      "08718226323156"
    ],
    "topCategoryName": "Dranken",
    "topCategoryId": "354",
    "businessDomain": "RETAIL_BE",
    "IsPrivateLabel": false,
    "IsBiffe": false,
    "WeightconversionFactor": "0",
    "IsWeightArticle": false,
    "IsBio": false,
    "CountryOfOrigin": "NEDERLAND",
    "IsExclusivelySoldInLuxembourg": false,
    "OrderUnit": "P",
    "ShortName": "MAAZ POMEGRANATE 1L",
    "IsNew": false,
    "EcoscoreLabel": "E",
    "RecentQuanityOfStockUnits": "1,6",
    "LongName": "MAAZA Juice Drink Pomegranate 1L",
    "AlcoholVolume": "0",
    "FicCode": "E",
    "EcoscoreValue": "4"
  },
  {
    "productId": "795530",
    "technicalArticleNumber": "4605003",
    "commercialArticleNumber": "21950",
    "name": "Zero Sugar Lime & Lychee",
    "description": "*Vitamine drink\n*Niet-bruisend\n*Limoen-lychee\n*Met zoetstoffen",
    "brand": "FNK PRO",
    "seoBrand": "FNK Pro",
    "thumbNail": "https://static.colruytgroup.com/images/200x200/std.lang.all/97/26/asset-2869726.jpg",
    "fullImage": "https://static.colruytgroup.com/images/500x500/std.lang.all/97/26/asset-2869726.jpg",
    "squareImage": "https://static.colruytgroup.com/images/500x500sq/std.lang.all/97/26/asset-2869726.jpg",
    "content": "50cl",
    "walkRouteSequenceNumber": 4696,
    "price": {
      "basicPrice": 0.99,
      "recommendedQuantity": "1.0",
      "quantityPrice": 0.91,
      "quantityPriceQuantity": "6.0",
      "measurementUnitPrice": 1.98,
      "measurementUnitQuantityPrice": 1.82,
      "measurementUnit": "L",
      "isRedPrice": false,
      "pricePerUOM": 1.98,
      "activationDate": "22-06-2023",
      "isPromoActive": "N",
      "priceChangeCode": "E",
      "quantityPricePerUOM": 1.82,
      "quantityActivationDate": "22-06-2023",
      "quantityPriceChangeCode": "E"
    },
    "isAvailable": true,
    "isPriceAvailable": true,
    "inPromo": false,
    "gtin": [
      "08719075630686",
      "08717399841672"
    ],
    "topCategoryName": "Dranken",
    "topCategoryId": "354",
    "businessDomain": "RETAIL_BE",
    "IsPrivateLabel": false,
    "IsBiffe": false,
    "WeightconversionFactor": "0",
    "IsWeightArticle": false,
    "IsBio": false,
    "CountryOfOrigin": "DUITSLAND",
    "IsExclusivelySoldInLuxembourg": false,
    "OrderUnit": "P",
    "ShortName": "FNKP ZERO LIME-LYCHE50C",
    "IsNew": false,
    "RecentQuanityOfStockUnits": "6,1",
    "LongName": "FNK PRO Zero Sugar Lime & Lychee 50cl",
    "FicCode": "E"
  },
  {
    "productId": "606301",
    "technicalArticleNumber": "4276655",
    "commercialArticleNumber": "23127",
    "name": "Tawny 19,0%vol",
    "description": "*Porto Tawny\n*Aperitief\n*19 % vol",
    "brand": "PORTO CRUZ",
    "seoBrand": "Porto Cruz",
    "thumbNail": "https://static.colruytgroup.com/images/200x200/std.lang.all/65/93/asset-3256593.jpg",
    "fullImage": "https://static.colruytgroup.com/images/500x500/std.lang.all/65/93/asset-3256593.jpg",
    "squareImage": "https://static.colruytgroup.com/images/500x500sq/std.lang.all/65/93/asset-3256593.jpg",
    "content": "75cl",
    "walkRouteSequenceNumber": 712,
    "price": {
      "basicPrice": 9.95,
      "recommendedQuantity": "1.0",
      "quantityPrice": 7.99,
      "quantityPriceQuantity": "2.0",
      "measurementUnitPrice": 13.27,
      "measurementUnitQuantityPrice": 10.66,
      "measurementUnit": "L",
      "isRedPrice": false,
      "pricePerUOM": 13.27,
      "activationDate": "23-03-2024",
      "recordSource": "Offline",
      "isPromoActive": "N",
      "priceChangeCode": "E",
      "quantityPricePerUOM": 10.66,
      "quantityActivationDate": "23-03-2024",
      "quantityPriceChangeCode": "E"
    },
    "isAvailable": true,
    "isPriceAvailable": true,
    "inPromo": false,
    "gtin": [
      "03147691240593",
      "03147691281626",
      "03147690089704"
    ],
    "topCategoryName": "Dranken",
    "topCategoryId": "354",
    "businessDomain": "RETAIL_BE",
    "IsPrivateLabel": false,
    "IsBiffe": false,
    "WeightconversionFactor": "0",
    "IsWeightArticle": false,
    "IsBio": false,
    "CountryOfOrigin": "PORTUGAL",
    "IsExclusivelySoldInLuxembourg": false,
    "OrderUnit": "P",
    "ShortName": "CRUZ TAWNY 19% 75CL",
    "IsNew": false,
    "EcoscoreLabel": "D",
    "RecentQuanityOfStockUnits": "1,6",
    "LongName": "PORTO CRUZ Tawny 19,0%vol 75cl",
    "AlcoholVolume": "19",
    "FicCode": "E",
    "EcoscoreValue": "27"
  },
  {
    "productId": "847101",
    "technicalArticleNumber": "4693419",
    "commercialArticleNumber": "15868",
    "name": "Mojito Alcohol Free",
    "description": "*Aperitief\n*Alcoholvrij",
    "brand": "NIGHT ORIENT",
    "seoBrand": "Night Orient",
    "thumbNail": "https://static.colruytgroup.com/images/200x200/std.lang.all/06/62/asset-3030662.jpg",
    "fullImage": "https://static.colruytgroup.com/images/500x500/std.lang.all/06/62/asset-3030662.jpg",
    "squareImage": "https://static.colruytgroup.com/images/500x500sq/std.lang.all/06/62/asset-3030662.jpg",
    "content": "75cl",
    "walkRouteSequenceNumber": 616,
    "price": {
      "basicPrice": 4.99,
      "recommendedQuantity": "1.0",
      "measurementUnitPrice": 6.66,
      "measurementUnit": "L",
      "isRedPrice": false,
      "pricePerUOM": 6.66,
      "activationDate": "28-02-2024",
      "recordSource": "Offline",
      "isPromoActive": "N",
      "priceChangeCode": "E"
    },
    "isAvailable": true,
    "isPriceAvailable": true,
    "inPromo": false,
    "gtin": [
      "05425030341216",
      "05425030341209"
    ],
    "topCategoryName": "Dranken",
    "topCategoryId": "354",
    "businessDomain": "RETAIL_BE",
    "IsPrivateLabel": false,
    "IsBiffe": false,
    "WeightconversionFactor": "0",
    "IsWeightArticle": false,
    "nutriscoreLabel": "D",
    "IsBio": false,
    "CountryOfOrigin": "BELGIË",
    "IsExclusivelySoldInLuxembourg": false,
    "OrderUnit": "P",
    "ShortName": "NIOR MOJITO 0% 75CL",
    "IsNew": false,
    "RecentQuanityOfStockUnits": "6,1",
    "LongName": "NIGHT ORIENT Mojito Alcohol Free 75cl",
    "AlcoholVolume": "0",
    "FicCode": "E"
  },
  {
    "productId": "803023",
    "technicalArticleNumber": "4619289",
    "commercialArticleNumber": "12094",
    "name": "Café koffiebonen Espresso",
    "description": "*Koffiebonen",
    "brand": "D.E.",
    "seoBrand": "Douwe Egberts",
    "thumbNail": "https://static.colruytgroup.com/images/200x200/std.lang.all/40/30/asset-2874030.jpg",
    "fullImage": "https://static.colruytgroup.com/images/500x500/std.lang.all/40/30/asset-2874030.jpg",
    "squareImage": "https://static.colruytgroup.com/images/500x500sq/std.lang.all/40/30/asset-2874030.jpg",
    "content": "500g",
    "walkRouteSequenceNumber": 1026,
    "price": {
      "basicPrice": 9.98,
      "recommendedQuantity": "1.0",
      "measurementUnitPrice": 19.96,
      "measurementUnit": "K",
      "isRedPrice": false,
      "pricePerUOM": 19.96,
      "activationDate": "23-03-2024",
      "recordSource": "Offline",
      "isPromoActive": "N",
      "priceChangeCode": "H"
    },
    "isAvailable": true,
    "isPriceAvailable": true,
    "inPromo": false,
    "gtin": [
      "08711000856482",
      "08711000856499"
    ],
    "topCategoryName": "Dranken",
    "topCategoryId": "354",
    "businessDomain": "RETAIL_BE",
    "IsPrivateLabel": false,
    "IsBiffe": false,
    "WeightconversionFactor": "0",
    "IsWeightArticle": false,
    "nutriscoreLabel": "B",
    "IsBio": false,
    "CountryOfOrigin": "POLEN",
    "IsExclusivelySoldInLuxembourg": false,
    "OrderUnit": "P",
    "ShortName": "D.E. CAFE BONEN ESP500G",
    "IsNew": false,
    "RecentQuanityOfStockUnits": "1,4",
    "LongName": "D.E. Café koffiebonen Espresso 500g",
    "FicCode": "E"
  },
  {
    "productId": "387",
    "technicalArticleNumber": "5303",
    "commercialArticleNumber": "5303",
    "name": "stout 4,2% blik",
    "description": "*Iers bier\n*4,2 % vol",
    "brand": "GUINNESS",
    "seoBrand": "Guinness",
    "thumbNail": "https://static.colruytgroup.com/images/200x200/std.lang.all/74/82/asset-1467482.jpg",
    "fullImage": "https://static.colruytgroup.com/images/500x500/std.lang.all/74/82/asset-1467482.jpg",
    "squareImage": "https://static.colruytgroup.com/images/500x500sq/std.lang.all/74/82/asset-1467482.jpg",
    "content": "33cl",
    "walkRouteSequenceNumber": 3649,
    "price": {
      "basicPrice": 2.49,
      "recommendedQuantity": "4.0",
      "quantityPrice": 2.39,
      "quantityPriceQuantity": "24.0",
      "measurementUnitPrice": 7.55,
      "measurementUnitQuantityPrice": 7.25,
      "measurementUnit": "L",
      "isRedPrice": false,
      "pricePerUOM": 7.55,
      "activationDate": "22-03-2024",
      "recordSource": "Online",
      "isPromoActive": "N",
      "priceChangeCode": "H",
      "quantityPricePerUOM": 7.25,
      "quantityActivationDate": "22-03-2024",
      "quantityPriceChangeCode": "H"
    },
    "isAvailable": true,
    "isPriceAvailable": true,
    "inPromo": false,
    "gtin": [
      "00000050213245",
      "05000213004807",
      "05000213004814"
    ],
    "topCategoryName": "Dranken",
    "topCategoryId": "354",
    "businessDomain": "RETAIL_BE",
    "IsPrivateLabel": false,
    "IsBiffe": false,
    "WeightconversionFactor": "0",
    "IsWeightArticle": false,
    "IsBio": false,
    "CountryOfOrigin": "BELGIË",
    "IsExclusivelySoldInLuxembourg": false,
    "OrderUnit": "P",
    "ShortName": "GUINNESS BLIK 33 CL",
    "IsNew": false,
    "EcoscoreLabel": "D",
    "RecentQuanityOfStockUnits": "1,4,24",
    "LongName": "GUINNESS stout 4,2% blik 33cl",
    "AlcoholVolume": "4.3",
    "FicCode": "E",
    "EcoscoreValue": "37"
  },
  {
    "productId": "12196",
    "technicalArticleNumber": "1215171",
    "commercialArticleNumber": "3755",
    "name": "5,5% Bio",
    "brand": "SAISON DUPONT",
    "seoBrand": "Saison Dupont",
    "thumbNail": "https://static.colruytgroup.com/images/200x200/std.lang.all/38/64/asset-393864.jpg",
    "fullImage": "https://static.colruytgroup.com/images/500x500/std.lang.all/38/64/asset-393864.jpg",
    "squareImage": "https://static.colruytgroup.com/images/500x500sq/std.lang.all/38/64/asset-393864.jpg",
    "content": "75cl",
    "walkRouteSequenceNumber": 3634,
    "price": {
      "basicPrice": 3.85,
      "recommendedQuantity": "1.0",
      "quantityPrice": 3.7,
      "quantityPriceQuantity": "6.0",
      "measurementUnitPrice": 5.14,
      "measurementUnitQuantityPrice": 4.94,
      "measurementUnit": "L",
      "isRedPrice": false,
      "pricePerUOM": 5.14,
      "activationDate": "14-02-2024",
      "isPromoActive": "N",
      "priceChangeCode": "E",
      "quantityPricePerUOM": 4.94,
      "quantityActivationDate": "14-02-2024",
      "quantityPriceChangeCode": "E"
    },
    "isAvailable": true,
    "isPriceAvailable": true,
    "inPromo": false,
    "gtin": [
      "25410702000816",
      "05410702000812"
    ],
    "topCategoryName": "Dranken",
    "topCategoryId": "354",
    "businessDomain": "RETAIL_BE",
    "IsPrivateLabel": false,
    "IsBiffe": false,
    "WeightconversionFactor": "0",
    "IsWeightArticle": false,
    "IsBio": true,
    "CountryOfOrigin": "BELGIË",
    "IsExclusivelySoldInLuxembourg": false,
    "OrderUnit": "P",
    "ShortName": "SAISON DUPONT BIO 75CL",
    "IsNew": false,
    "EcoscoreLabel": "A",
    "RecentQuanityOfStockUnits": "1",
    "LongName": "SAISON DUPONT 5,5% Bio 75cl",
    "AlcoholVolume": "5.5",
    "FicCode": "E",
    "DepositValue": [
      0.2
    ],
    "EcoscoreValue": "82"
  },
  {
    "productId": "150268",
    "technicalArticleNumber": "3326016",
    "commercialArticleNumber": "7772",
    "name": "Fine Tawny Port 19,0%vol",
    "description": "*Porto Fine Tawny\nred\n*2 à 3 jaar gerijpt\n*Aperitief\n*19,0 % vol",
    "brand": "COCKBURN'S",
    "seoBrand": "Cockburn's",
    "thumbNail": "https://static.colruytgroup.com/images/200x200/std.lang.all/59/32/asset-2665932.jpg",
    "fullImage": "https://static.colruytgroup.com/images/500x500/std.lang.all/59/32/asset-2665932.jpg",
    "squareImage": "https://static.colruytgroup.com/images/500x500sq/std.lang.all/59/32/asset-2665932.jpg",
    "content": "75cl",
    "walkRouteSequenceNumber": 717,
    "price": {
      "basicPrice": 7.54,
      "recommendedQuantity": "1.0",
      "measurementUnitPrice": 10.06,
      "measurementUnit": "L",
      "isRedPrice": false,
      "pricePerUOM": 10.06,
      "activationDate": "20-02-2024",
      "isPromoActive": "N",
      "priceChangeCode": "E"
    },
    "isAvailable": true,
    "isPriceAvailable": true,
    "inPromo": false,
    "gtin": [
      "05010867801059",
      "05010867801042"
    ],
    "topCategoryName": "Dranken",
    "topCategoryId": "354",
    "businessDomain": "RETAIL_BE",
    "IsPrivateLabel": false,
    "IsBiffe": false,
    "WeightconversionFactor": "0",
    "IsWeightArticle": false,
    "IsBio": false,
    "CountryOfOrigin": "PORTUGAL",
    "IsExclusivelySoldInLuxembourg": false,
    "OrderUnit": "P",
    "ShortName": "COCKBURNS TAWNY 19 75CL",
    "IsNew": false,
    "EcoscoreLabel": "C",
    "RecentQuanityOfStockUnits": "1",
    "LongName": "COCKBURN'S Fine Tawny Port 19,0%vol 75cl",
    "AlcoholVolume": "19",
    "FicCode": "E",
    "EcoscoreValue": "54"
  },
  {
    "productId": "892667",
    "technicalArticleNumber": "4754520",
    "commercialArticleNumber": "2267",
    "name": "Caps Vanilla Macchiato",
    "description": "*12 capsules",
    "brand": "STARBUCKS",
    "seoBrand": "Starbucks",
    "thumbNail": "https://static.colruytgroup.com/images/200x200/std.lang.all/90/10/asset-3359010.jpg",
    "fullImage": "https://static.colruytgroup.com/images/500x500/std.lang.all/90/10/asset-3359010.jpg",
    "squareImage": "https://static.colruytgroup.com/images/500x500sq/std.lang.all/90/10/asset-3359010.jpg",
    "content": "12st",
    "walkRouteSequenceNumber": 1116,
    "price": {
      "basicPrice": 4.99,
      "recommendedQuantity": "1.0",
      "quantityPrice": 4.23,
      "quantityPriceQuantity": "2.0",
      "measurementUnitPrice": 37.81,
      "measurementUnitQuantityPrice": 32.05,
      "measurementUnit": "K",
      "isRedPrice": false,
      "pricePerUOM": 37.81,
      "activationDate": "21-03-2024",
      "recordSource": "Offline",
      "isPromoActive": "N",
      "priceChangeCode": "E",
      "quantityPricePerUOM": 32.05,
      "quantityActivationDate": "21-03-2024",
      "quantityPriceChangeCode": "L"
    },
    "isAvailable": true,
    "isPriceAvailable": true,
    "inPromo": false,
    "gtin": [
      "07613287335531",
      "07613287335524"
    ],
    "topCategoryName": "Dranken",
    "topCategoryId": "354",
    "businessDomain": "RETAIL_BE",
    "IsPrivateLabel": false,
    "IsBiffe": false,
    "WeightconversionFactor": "0",
    "IsWeightArticle": false,
    "nutriscoreLabel": "C",
    "IsBio": false,
    "CountryOfOrigin": "DUITSLAND",
    "IsExclusivelySoldInLuxembourg": false,
    "OrderUnit": "P",
    "ShortName": "STAR VANILLA MACCH12CAP",
    "IsNew": false,
    "RecentQuanityOfStockUnits": "1,3",
    "LongName": "STARBUCKS Caps Vanilla Macchiato 12st",
    "FicCode": "E"
  },
  {
    "productId": "292248",
    "technicalArticleNumber": "3692512",
    "commercialArticleNumber": "16087",
    "name": "amberbier 5,5%vol",
    "description": "*Amberkleurig bier\nvan hoge gisting\n*5,5 % vol\n*Nagisting op fles",
    "brand": "VEDETT IPA",
    "seoBrand": "Vedett",
    "thumbNail": "https://static.colruytgroup.com/images/200x200/std.lang.all/12/41/asset-1231241.jpg",
    "fullImage": "https://static.colruytgroup.com/images/500x500/std.lang.all/12/41/asset-1231241.jpg",
    "squareImage": "https://static.colruytgroup.com/images/500x500sq/std.lang.all/12/41/asset-1231241.jpg",
    "content": "6x33cl",
    "walkRouteSequenceNumber": 3703,
    "price": {
      "basicPrice": 8.64,
      "recommendedQuantity": "1.0",
      "measurementUnitPrice": 4.37,
      "measurementUnit": "L",
      "isRedPrice": false,
      "pricePerUOM": 4.37,
      "activationDate": "24-02-2024",
      "recordSource": "Online",
      "isPromoActive": "N",
      "priceChangeCode": "H"
    },
    "isAvailable": true,
    "isPriceAvailable": true,
    "inPromo": false,
    "gtin": [
      "05400141033366",
      "05411681401782",
      "05411681401775"
    ],
    "topCategoryName": "Dranken",
    "topCategoryId": "354",
    "businessDomain": "RETAIL_BE",
    "IsPrivateLabel": false,
    "IsBiffe": false,
    "WeightconversionFactor": "0",
    "IsWeightArticle": false,
    "IsBio": false,
    "CountryOfOrigin": "BELGIË",
    "IsExclusivelySoldInLuxembourg": false,
    "OrderUnit": "P",
    "ShortName": "VEDETT IPA 6X33CL",
    "IsNew": false,
    "EcoscoreLabel": "D",
    "RecentQuanityOfStockUnits": "1",
    "LongName": "VEDETT IPA amberbier 5,5%vol 6x33cl",
    "AlcoholVolume": "5.5",
    "FicCode": "E",
    "DepositValue": [
      0.6
    ],
    "EcoscoreValue": "37"
  },
  {
    "productId": "685338",
    "technicalArticleNumber": "4408008",
    "commercialArticleNumber": "24819",
    "name": "siroop karamel",
    "brand": "MONIN",
    "seoBrand": "Monin",
    "thumbNail": "https://static.colruytgroup.com/images/200x200/std.lang.all/55/97/asset-2355597.jpg",
    "fullImage": "https://static.colruytgroup.com/images/500x500/std.lang.all/55/97/asset-2355597.jpg",
    "squareImage": "https://static.colruytgroup.com/images/500x500sq/std.lang.all/55/97/asset-2355597.jpg",
    "content": "25cl",
    "walkRouteSequenceNumber": 4035,
    "price": {
      "basicPrice": 5.95,
      "recommendedQuantity": "1.0",
      "quantityPrice": 5.71,
      "quantityPriceQuantity": "6.0",
      "measurementUnitPrice": 23.8,
      "measurementUnitQuantityPrice": 22.84,
      "measurementUnit": "L",
      "isRedPrice": false,
      "pricePerUOM": 23.8,
      "activationDate": "17-02-2024",
      "recordSource": "Offline",
      "isPromoActive": "N",
      "priceChangeCode": "E",
      "quantityPricePerUOM": 22.84,
      "quantityActivationDate": "17-02-2024",
      "quantityPriceChangeCode": "E"
    },
    "isAvailable": true,
    "isPriceAvailable": true,
    "inPromo": false,
    "gtin": [
      "03052910013677",
      "03052910613679"
    ],
    "topCategoryName": "Dranken",
    "topCategoryId": "354",
    "businessDomain": "RETAIL_BE",
    "IsPrivateLabel": false,
    "IsBiffe": false,
    "WeightconversionFactor": "0",
    "IsWeightArticle": false,
    "IsBio": false,
    "CountryOfOrigin": "FRANKRIJK",
    "IsExclusivelySoldInLuxembourg": false,
    "OrderUnit": "P",
    "ShortName": "MONI KARAMEL 25CL",
    "IsNew": false,
    "EcoscoreLabel": "B",
    "RecentQuanityOfStockUnits": "1",
    "LongName": "MONIN siroop karamel 25cl",
    "FicCode": "E",
    "EcoscoreValue": "79"
  },
  {
    "productId": "775776",
    "technicalArticleNumber": "4566611",
    "commercialArticleNumber": "5848",
    "name": "blond 7,4%",
    "description": "*blond bier\n*7,4 % vol",
    "brand": "KWAK",
    "seoBrand": "Kwak",
    "thumbNail": "https://static.colruytgroup.com/images/200x200/std.lang.all/02/54/asset-2760254.jpg",
    "fullImage": "https://static.colruytgroup.com/images/500x500/std.lang.all/02/54/asset-2760254.jpg",
    "squareImage": "https://static.colruytgroup.com/images/500x500sq/std.lang.all/02/54/asset-2760254.jpg",
    "content": "6x33cl",
    "walkRouteSequenceNumber": 3738,
    "price": {
      "basicPrice": 7.48,
      "recommendedQuantity": "1.0",
      "measurementUnitPrice": 3.78,
      "measurementUnit": "L",
      "isRedPrice": false,
      "pricePerUOM": 3.78,
      "activationDate": "13-03-2024",
      "recordSource": "Offline",
      "isPromoActive": "Y",
      "priceChangeCode": "E"
    },
    "isAvailable": true,
    "isPriceAvailable": true,
    "inPromo": true,
    "promotion": [
      {
        "techPromoId": "100935COLR",
        "promotionId": "100935",
        "promotionType": "3",
        "isPersonalized": "N",
        "publicationStartDate": "13-03-2024",
        "publicationEndDate": "26-03-2024"
      }
    ],
    "gtin": [
      "05400141472462",
      "05410228291343"
    ],
    "topCategoryName": "Dranken",
    "topCategoryId": "354",
    "businessDomain": "RETAIL_BE",
    "IsPrivateLabel": false,
    "IsBiffe": false,
    "WeightconversionFactor": "0",
    "IsWeightArticle": false,
    "IsBio": false,
    "CountryOfOrigin": "BELGIË",
    "IsExclusivelySoldInLuxembourg": false,
    "OrderUnit": "P",
    "ShortName": "KWAK BLOND 7.4% 6X33CL",
    "InSeason": true,
    "IsNew": false,
    "RecentQuanityOfStockUnits": "1",
    "LongName": "KWAK blond 7,4% 6x33cl",
    "AlcoholVolume": "7.4",
    "StartSeasonDate": "07/12/2023",
    "FicCode": "E",
    "DepositValue": [
      0.6
    ]
  },
  {
    "productId": "1513",
    "technicalArticleNumber": "19168",
    "commercialArticleNumber": "19168",
    "name": "likeur Exotic Fruit 20,0%vol",
    "description": "*Ready to serve\n*Safari\n*Basis voor cocktail\n*20,0 % vol",
    "brand": "SAFARI",
    "seoBrand": "Safari",
    "thumbNail": "https://static.colruytgroup.com/images/200x200/std.lang.all/99/96/asset-389996.jpg",
    "fullImage": "https://static.colruytgroup.com/images/500x500/std.lang.all/99/96/asset-389996.jpg",
    "squareImage": "https://static.colruytgroup.com/images/500x500sq/std.lang.all/99/96/asset-389996.jpg",
    "content": "70cl",
    "walkRouteSequenceNumber": 868,
    "price": {
      "basicPrice": 11.95,
      "recommendedQuantity": "1.0",
      "measurementUnitPrice": 17.08,
      "measurementUnit": "L",
      "isRedPrice": false,
      "pricePerUOM": 17.08,
      "activationDate": "14-11-2023",
      "recordSource": "Online",
      "isPromoActive": "N",
      "priceChangeCode": "E"
    },
    "isAvailable": true,
    "isPriceAvailable": true,
    "inPromo": false,
    "gtin": [
      "08711300776244",
      "08711300776565"
    ],
    "topCategoryName": "Dranken",
    "topCategoryId": "354",
    "businessDomain": "RETAIL_BE",
    "IsPrivateLabel": false,
    "IsBiffe": false,
    "WeightconversionFactor": "0",
    "IsWeightArticle": false,
    "IsBio": false,
    "CountryOfOrigin": "SPANJE",
    "IsExclusivelySoldInLuxembourg": false,
    "OrderUnit": "P",
    "ShortName": "SAFARI 20GR 70CL",
    "IsNew": false,
    "EcoscoreLabel": "D",
    "RecentQuanityOfStockUnits": "1,6",
    "LongName": "SAFARI likeur Exotic Fruit 20,0%vol 70cl",
    "AlcoholVolume": "20",
    "FicCode": "E",
    "EcoscoreValue": "31"
  },
  {
    "productId": "40471",
    "technicalArticleNumber": "2477910",
    "commercialArticleNumber": "26144",
    "name": "aperitief Orig.12,0%vol",
    "description": "*Ready to serve\n*Basis voor cocktail\n*12,0 % vol",
    "brand": "WOODBERRIES",
    "seoBrand": "Woodberries",
    "thumbNail": "https://static.colruytgroup.com/images/200x200/std.lang.all/53/79/asset-1635379.jpg",
    "fullImage": "https://static.colruytgroup.com/images/500x500/std.lang.all/53/79/asset-1635379.jpg",
    "squareImage": "https://static.colruytgroup.com/images/500x500sq/std.lang.all/53/79/asset-1635379.jpg",
    "content": "70cl",
    "walkRouteSequenceNumber": 883,
    "price": {
      "basicPrice": 15.99,
      "recommendedQuantity": "1.0",
      "measurementUnitPrice": 22.85,
      "measurementUnit": "L",
      "isRedPrice": false,
      "pricePerUOM": 22.85,
      "activationDate": "02-02-2024",
      "recordSource": "Offline",
      "isPromoActive": "N",
      "priceChangeCode": "E"
    },
    "isAvailable": true,
    "isPriceAvailable": true,
    "inPromo": false,
    "gtin": [
      "05411772001112",
      "05411772070101",
      "05411772150100",
      "05411772150094"
    ],
    "topCategoryName": "Dranken",
    "topCategoryId": "354",
    "businessDomain": "RETAIL_BE",
    "IsPrivateLabel": false,
    "IsBiffe": false,
    "WeightconversionFactor": "0",
    "IsWeightArticle": false,
    "IsBio": false,
    "CountryOfOrigin": "BELGIË",
    "IsExclusivelySoldInLuxembourg": false,
    "OrderUnit": "P",
    "ShortName": "RE WOODBERRIES 70C 12",
    "IsNew": false,
    "EcoscoreLabel": "E",
    "RecentQuanityOfStockUnits": "1,6",
    "LongName": "WOODBERRIES aperitief Orig.12,0%vol 70cl",
    "AlcoholVolume": "12",
    "FicCode": "E",
    "EcoscoreValue": "18"
  },
  {
    "productId": "560042",
    "technicalArticleNumber": "4197614",
    "commercialArticleNumber": "1464",
    "name": "trappist blond 6,5%vol",
    "description": "*Trappistenbier\n*Blond\n*6,5 % vol",
    "brand": "LA TRAPPE",
    "seoBrand": "La Trappe",
    "thumbNail": "https://static.colruytgroup.com/images/200x200/std.lang.all/34/71/asset-1933471.jpg",
    "fullImage": "https://static.colruytgroup.com/images/500x500/std.lang.all/34/71/asset-1933471.jpg",
    "squareImage": "https://static.colruytgroup.com/images/500x500sq/std.lang.all/34/71/asset-1933471.jpg",
    "content": "6x33cl",
    "walkRouteSequenceNumber": 3616,
    "price": {
      "basicPrice": 6.73,
      "recommendedQuantity": "1.0",
      "measurementUnitPrice": 3.4,
      "measurementUnit": "L",
      "isRedPrice": false,
      "pricePerUOM": 3.4,
      "activationDate": "17-02-2024",
      "recordSource": "Offline",
      "isPromoActive": "N",
      "priceChangeCode": "E"
    },
    "isAvailable": true,
    "isPriceAvailable": true,
    "inPromo": false,
    "gtin": [
      "05400141341812",
      "08711406995075"
    ],
    "topCategoryName": "Dranken",
    "topCategoryId": "354",
    "businessDomain": "RETAIL_BE",
    "IsPrivateLabel": false,
    "IsBiffe": false,
    "WeightconversionFactor": "0",
    "IsWeightArticle": false,
    "IsBio": false,
    "CountryOfOrigin": "NEDERLAND",
    "IsExclusivelySoldInLuxembourg": false,
    "OrderUnit": "P",
    "ShortName": "LATR TRAP. BLOND 6X33CL",
    "IsNew": false,
    "RecentQuanityOfStockUnits": "1",
    "LongName": "LA TRAPPE trappist blond 6,5%vol 6x33cl",
    "AlcoholVolume": "6.5",
    "FicCode": "E",
    "DepositValue": [
      0.6
    ]
  },
  {
    "productId": "1318",
    "technicalArticleNumber": "18041",
    "commercialArticleNumber": "18041",
    "name": "whisky 40,0%vol",
    "description": "*Scotch blend.whisky\n*Schotland",
    "brand": "THE FAMOUS GROUSE",
    "seoBrand": "The Famous Grouse",
    "thumbNail": "https://static.colruytgroup.com/images/200x200/std.lang.all/41/62/asset-2064162.jpg",
    "fullImage": "https://static.colruytgroup.com/images/500x500/std.lang.all/41/62/asset-2064162.jpg",
    "squareImage": "https://static.colruytgroup.com/images/500x500sq/std.lang.all/41/62/asset-2064162.jpg",
    "content": "70cl",
    "walkRouteSequenceNumber": 978,
    "price": {
      "basicPrice": 18.99,
      "recommendedQuantity": "1.0",
      "measurementUnitPrice": 27.13,
      "measurementUnit": "L",
      "isRedPrice": true,
      "redPriceReason": "Promo",
      "referencePrice": 19.59,
      "retentionPeriod": 30,
      "pricePerUOM": 27.13,
      "activationDate": "13-03-2024",
      "isPromoActive": "Y",
      "priceChangeCode": "L"
    },
    "isAvailable": true,
    "isPriceAvailable": true,
    "inPromo": false,
    "gtin": [
      "03383260001268",
      "03383260001299",
      "03383260005846",
      "03383260005853",
      "03383260009653",
      "05010314700003",
      "05010314700997"
    ],
    "topCategoryName": "Dranken",
    "topCategoryId": "354",
    "businessDomain": "RETAIL_BE",
    "IsPrivateLabel": false,
    "IsBiffe": false,
    "WeightconversionFactor": "0",
    "IsWeightArticle": false,
    "IsBio": false,
    "CountryOfOrigin": "VERENIGD KONINKRIJK",
    "IsExclusivelySoldInLuxembourg": false,
    "OrderUnit": "P",
    "ShortName": "FAGR WHISKY 40% 70CL",
    "IsNew": false,
    "EcoscoreLabel": "D",
    "RecentQuanityOfStockUnits": "1,6",
    "LongName": "THE FAMOUS GROUSE whisky 40,0%vol 70cl",
    "AlcoholVolume": "40",
    "FicCode": "E",
    "EcoscoreValue": "38"
  },
  {
    "productId": "700670",
    "technicalArticleNumber": "4433162",
    "commercialArticleNumber": "15493",
    "name": "Dark Espresso Roast bonen",
    "brand": "STARBUCKS",
    "seoBrand": "Starbucks",
    "thumbNail": "https://static.colruytgroup.com/images/200x200/std.lang.all/27/84/asset-2732784.jpg",
    "fullImage": "https://static.colruytgroup.com/images/500x500/std.lang.all/27/84/asset-2732784.jpg",
    "squareImage": "https://static.colruytgroup.com/images/500x500sq/std.lang.all/27/84/asset-2732784.jpg",
    "content": "450g",
    "walkRouteSequenceNumber": 1021,
    "price": {
      "basicPrice": 8.99,
      "recommendedQuantity": "1.0",
      "measurementUnitPrice": 19.98,
      "measurementUnit": "K",
      "isRedPrice": false,
      "pricePerUOM": 19.98,
      "activationDate": "07-03-2024",
      "recordSource": "Offline",
      "isPromoActive": "N",
      "priceChangeCode": "H"
    },
    "isAvailable": true,
    "isPriceAvailable": true,
    "inPromo": false,
    "gtin": [
      "07613037204896",
      "07613037204889"
    ],
    "topCategoryName": "Dranken",
    "topCategoryId": "354",
    "businessDomain": "RETAIL_BE",
    "IsPrivateLabel": false,
    "IsBiffe": false,
    "WeightconversionFactor": "0",
    "IsWeightArticle": false,
    "nutriscoreLabel": "B",
    "IsBio": false,
    "CountryOfOrigin": "PORTUGAL",
    "IsExclusivelySoldInLuxembourg": false,
    "OrderUnit": "P",
    "ShortName": "STAR D.ES. BONEN 450G",
    "IsNew": false,
    "RecentQuanityOfStockUnits": "1,4",
    "LongName": "STARBUCKS Dark Espresso Roast bonen 450g",
    "FicCode": "E"
  },
  {
    "productId": "1302",
    "technicalArticleNumber": "19134",
    "commercialArticleNumber": "19134",
    "name": "rum Coconut 21,0%vol",
    "description": "*Spiced rum\n*Traditionele rum",
    "brand": "MALIBU",
    "seoBrand": "Malibu",
    "thumbNail": "https://static.colruytgroup.com/images/200x200/std.lang.all/20/82/asset-372082.jpg",
    "fullImage": "https://static.colruytgroup.com/images/500x500/std.lang.all/20/82/asset-372082.jpg",
    "squareImage": "https://static.colruytgroup.com/images/500x500sq/std.lang.all/20/82/asset-372082.jpg",
    "content": "70cl",
    "walkRouteSequenceNumber": 805,
    "price": {
      "basicPrice": 14.99,
      "recommendedQuantity": "1.0",
      "measurementUnitPrice": 21.42,
      "measurementUnit": "L",
      "isRedPrice": false,
      "pricePerUOM": 21.42,
      "activationDate": "14-03-2024",
      "recordSource": "Offline",
      "isPromoActive": "N",
      "priceChangeCode": "E"
    },
    "isAvailable": true,
    "isPriceAvailable": true,
    "inPromo": false,
    "gtin": [
      "05010284151027",
      "08410024700015",
      "08410024701029"
    ],
    "topCategoryName": "Dranken",
    "topCategoryId": "354",
    "businessDomain": "RETAIL_BE",
    "IsPrivateLabel": false,
    "IsBiffe": false,
    "WeightconversionFactor": "0",
    "IsWeightArticle": false,
    "IsBio": false,
    "CountryOfOrigin": "BARBADOS",
    "IsExclusivelySoldInLuxembourg": false,
    "OrderUnit": "P",
    "ShortName": "MALIBU COCO 21GR 70CL",
    "IsNew": false,
    "EcoscoreLabel": "D",
    "RecentQuanityOfStockUnits": "1,6",
    "LongName": "MALIBU rum Coconut 21,0%vol 70cl",
    "AlcoholVolume": "21",
    "FicCode": "E",
    "EcoscoreValue": "38"
  },
  {
    "productId": "467997",
    "technicalArticleNumber": "4063483",
    "commercialArticleNumber": "7085",
    "name": "IPA 6.0%vol",
    "description": "*Amber bier\n*6% vol",
    "brand": "SUPER 8",
    "seoBrand": "Super 8",
    "thumbNail": "https://static.colruytgroup.com/images/200x200/std.lang.all/89/68/asset-1718968.jpg",
    "fullImage": "https://static.colruytgroup.com/images/500x500/std.lang.all/89/68/asset-1718968.jpg",
    "squareImage": "https://static.colruytgroup.com/images/500x500sq/std.lang.all/89/68/asset-1718968.jpg",
    "content": "4x33cl",
    "walkRouteSequenceNumber": 3730,
    "price": {
      "basicPrice": 6.92,
      "recommendedQuantity": "1.0",
      "quantityPrice": 6.64,
      "quantityPriceQuantity": "3.0",
      "measurementUnitPrice": 5.25,
      "measurementUnitQuantityPrice": 5.04,
      "measurementUnit": "L",
      "isRedPrice": false,
      "pricePerUOM": 5.25,
      "activationDate": "09-03-2024",
      "recordSource": "Online",
      "isPromoActive": "N",
      "priceChangeCode": "H",
      "quantityPricePerUOM": 5.04,
      "quantityActivationDate": "09-03-2024",
      "quantityPriceChangeCode": "H"
    },
    "isAvailable": true,
    "isPriceAvailable": true,
    "inPromo": false,
    "gtin": [
      "05410971037267",
      "05410971130265",
      "05410971230262"
    ],
    "topCategoryName": "Dranken",
    "topCategoryId": "354",
    "businessDomain": "RETAIL_BE",
    "IsPrivateLabel": false,
    "IsBiffe": false,
    "WeightconversionFactor": "0",
    "IsWeightArticle": false,
    "IsBio": false,
    "CountryOfOrigin": "BELGIË",
    "IsExclusivelySoldInLuxembourg": false,
    "OrderUnit": "P",
    "ShortName": "SUP8 IPA 4X33CL",
    "IsNew": false,
    "EcoscoreLabel": "D",
    "RecentQuanityOfStockUnits": "1",
    "LongName": "SUPER 8 IPA 6.0%vol 4x33cl",
    "AlcoholVolume": "6",
    "FicCode": "E",
    "DepositValue": [
      0.4
    ],
    "EcoscoreValue": "37"
  },
  {
    "productId": "1311",
    "technicalArticleNumber": "18010",
    "commercialArticleNumber": "18010",
    "name": "tequila 35%",
    "description": "*Tequila\n*35,0 % vol",
    "brand": "CAMINO REAL",
    "seoBrand": "Camino Real",
    "thumbNail": "https://static.colruytgroup.com/images/200x200/std.lang.all/75/99/asset-3217599.jpg",
    "fullImage": "https://static.colruytgroup.com/images/500x500/std.lang.all/75/99/asset-3217599.jpg",
    "squareImage": "https://static.colruytgroup.com/images/500x500sq/std.lang.all/75/99/asset-3217599.jpg",
    "content": "70cl",
    "walkRouteSequenceNumber": 837,
    "price": {
      "basicPrice": 20.79,
      "recommendedQuantity": "1.0",
      "measurementUnitPrice": 29.7,
      "measurementUnit": "L",
      "isRedPrice": false,
      "pricePerUOM": 29.7,
      "activationDate": "31-01-2024",
      "recordSource": "Offline",
      "isPromoActive": "N",
      "priceChangeCode": "E"
    },
    "isAvailable": true,
    "isPriceAvailable": true,
    "inPromo": false,
    "gtin": [
      "03011930826063",
      "03011930003198",
      "03011938001752",
      "05010677980012"
    ],
    "topCategoryName": "Dranken",
    "topCategoryId": "354",
    "businessDomain": "RETAIL_BE",
    "IsPrivateLabel": false,
    "IsBiffe": false,
    "WeightconversionFactor": "0",
    "IsWeightArticle": false,
    "IsBio": false,
    "CountryOfOrigin": "MEXICO",
    "IsExclusivelySoldInLuxembourg": false,
    "OrderUnit": "P",
    "ShortName": "TEQUILA CAMINO 35% 70CL",
    "InSeason": true,
    "IsNew": false,
    "RecentQuanityOfStockUnits": "6,1",
    "LongName": "CAMINO REAL tequila 35% 70cl",
    "AlcoholVolume": "35",
    "StartSeasonDate": "15/06/2009",
    "FicCode": "E"
  },
  {
    "productId": "11861",
    "technicalArticleNumber": "1360565",
    "commercialArticleNumber": "22101",
    "name": "Cappuccino-Mocha",
    "description": "*Mocha\n*Luchtig melkschuim\n*Chocoladesmaak\n*17 porties",
    "brand": "NESCAFÉ GOLD",
    "seoBrand": "Nescafé Gold",
    "thumbNail": "https://static.colruytgroup.com/images/200x200/std.lang.all/49/40/asset-2284940.jpg",
    "fullImage": "https://static.colruytgroup.com/images/500x500/std.lang.all/49/40/asset-2284940.jpg",
    "squareImage": "https://static.colruytgroup.com/images/500x500sq/std.lang.all/49/40/asset-2284940.jpg",
    "content": "306g",
    "walkRouteSequenceNumber": 1165,
    "price": {
      "basicPrice": 8.79,
      "recommendedQuantity": "1.0",
      "measurementUnitPrice": 28.73,
      "measurementUnit": "K",
      "isRedPrice": false,
      "pricePerUOM": 28.73,
      "activationDate": "17-02-2024",
      "recordSource": "Offline",
      "isPromoActive": "N",
      "priceChangeCode": "E"
    },
    "isAvailable": true,
    "isPriceAvailable": true,
    "inPromo": false,
    "gtin": [
      "08000300132779",
      "07613032942595"
    ],
    "topCategoryName": "Dranken",
    "topCategoryId": "354",
    "businessDomain": "RETAIL_BE",
    "IsPrivateLabel": false,
    "IsBiffe": false,
    "WeightconversionFactor": "0",
    "IsWeightArticle": false,
    "nutriscoreLabel": "E",
    "IsBio": false,
    "CountryOfOrigin": "BELGIË",
    "IsExclusivelySoldInLuxembourg": false,
    "OrderUnit": "P",
    "ShortName": "NES CAP JAR MOCHA 306G",
    "IsNew": false,
    "RecentQuanityOfStockUnits": "1",
    "LongName": "NESCAFÉ GOLD Cappuccino-Mocha 306g",
    "AlcoholVolume": "0",
    "FicCode": "E"
  },
  {
    "productId": "461994",
    "technicalArticleNumber": "3960284",
    "commercialArticleNumber": "1231",
    "name": "bonen Maragogype",
    "brand": "GRAINDOR",
    "seoBrand": "Graindor",
    "thumbNail": "https://static.colruytgroup.com/images/200x200/std.lang.all/06/53/asset-1620653.jpg",
    "fullImage": "https://static.colruytgroup.com/images/500x500/std.lang.all/06/53/asset-1620653.jpg",
    "squareImage": "https://static.colruytgroup.com/images/500x500sq/std.lang.all/06/53/asset-1620653.jpg",
    "content": "500g",
    "walkRouteSequenceNumber": 1010,
    "price": {
      "basicPrice": 10.7,
      "recommendedQuantity": "1.0",
      "measurementUnitPrice": 21.4,
      "measurementUnit": "K",
      "isRedPrice": false,
      "pricePerUOM": 21.4,
      "activationDate": "22-02-2024",
      "recordSource": "Offline",
      "isPromoActive": "N",
      "priceChangeCode": "H"
    },
    "isAvailable": true,
    "isPriceAvailable": true,
    "inPromo": false,
    "gtin": [
      "05400141063417",
      "25400141063411",
      "05400141388206"
    ],
    "topCategoryName": "Dranken",
    "topCategoryId": "354",
    "businessDomain": "RETAIL_BE",
    "IsPrivateLabel": true,
    "IsBiffe": false,
    "WeightconversionFactor": "0",
    "IsWeightArticle": false,
    "nutriscoreLabel": "B",
    "IsBio": false,
    "CountryOfOrigin": "BELGIË",
    "IsExclusivelySoldInLuxembourg": false,
    "OrderUnit": "P",
    "ShortName": "GRDR MARAGOG.BON.500G",
    "IsNew": false,
    "EcoscoreLabel": "C",
    "RecentQuanityOfStockUnits": "1",
    "LongName": "GRAINDOR bonen Maragogype 500g",
    "FicCode": "I",
    "EcoscoreValue": "55"
  },
  {
    "productId": "334668",
    "technicalArticleNumber": "3806925",
    "commercialArticleNumber": "42137",
    "name": "Lean & Green",
    "description": "*Fruitsap\n*Thee",
    "brand": "VIT-HIT",
    "seoBrand": "Vit-Hit",
    "thumbNail": "https://static.colruytgroup.com/images/200x200/std.lang.all/31/50/asset-1513150.jpg",
    "fullImage": "https://static.colruytgroup.com/images/500x500/std.lang.all/31/50/asset-1513150.jpg",
    "squareImage": "https://static.colruytgroup.com/images/500x500sq/std.lang.all/31/50/asset-1513150.jpg",
    "content": "50cl",
    "walkRouteSequenceNumber": 4715,
    "price": {
      "basicPrice": 1.99,
      "recommendedQuantity": "1.0",
      "measurementUnitPrice": 3.98,
      "measurementUnit": "L",
      "isRedPrice": false,
      "pricePerUOM": 3.98,
      "activationDate": "19-02-2024",
      "recordSource": "Offline",
      "isPromoActive": "N",
      "priceChangeCode": "E"
    },
    "isAvailable": true,
    "isPriceAvailable": true,
    "inPromo": false,
    "gtin": [
      "05034033001005",
      "15034033000210",
      "05034033000220",
      "05034033000213"
    ],
    "topCategoryName": "Dranken",
    "topCategoryId": "354",
    "businessDomain": "RETAIL_BE",
    "IsPrivateLabel": false,
    "IsBiffe": false,
    "WeightconversionFactor": "0",
    "IsWeightArticle": false,
    "nutriscoreLabel": "C",
    "IsBio": false,
    "CountryOfOrigin": "IERLAND",
    "IsExclusivelySoldInLuxembourg": false,
    "OrderUnit": "P",
    "ShortName": "VITHIT LEAN&GREEN50C",
    "InSeason": true,
    "IsNew": false,
    "RecentQuanityOfStockUnits": "1,12",
    "LongName": "VIT-HIT Lean & Green 50cl",
    "AlcoholVolume": "0",
    "StartSeasonDate": "28/05/2018",
    "FicCode": "E"
  },
  {
    "productId": "189870",
    "technicalArticleNumber": "3467677",
    "commercialArticleNumber": "10210",
    "name": "Gold Apple 4,5%vol",
    "description": "*Appelcider\n*4,5 % vol",
    "brand": "STRONGBOW",
    "seoBrand": "Strongbow",
    "thumbNail": "https://static.colruytgroup.com/images/200x200/std.lang.all/50/48/asset-2465048.jpg",
    "fullImage": "https://static.colruytgroup.com/images/500x500/std.lang.all/50/48/asset-2465048.jpg",
    "squareImage": "https://static.colruytgroup.com/images/500x500sq/std.lang.all/50/48/asset-2465048.jpg",
    "content": "4x33cl",
    "walkRouteSequenceNumber": 698,
    "price": {
      "basicPrice": 6.59,
      "recommendedQuantity": "1.0",
      "measurementUnitPrice": 5,
      "measurementUnit": "L",
      "isRedPrice": false,
      "pricePerUOM": 5,
      "activationDate": "15-03-2024",
      "recordSource": "Offline",
      "isPromoActive": "N",
      "priceChangeCode": "H"
    },
    "isAvailable": true,
    "isPriceAvailable": true,
    "inPromo": false,
    "gtin": [
      "05035766044772",
      "05035766044673",
      "05035766044789"
    ],
    "topCategoryName": "Dranken",
    "topCategoryId": "354",
    "businessDomain": "RETAIL_BE",
    "IsPrivateLabel": false,
    "IsBiffe": false,
    "WeightconversionFactor": "0",
    "IsWeightArticle": false,
    "IsBio": false,
    "CountryOfOrigin": "BELGIË",
    "IsExclusivelySoldInLuxembourg": false,
    "OrderUnit": "P",
    "ShortName": "STRO GOLD APPLE 4X33CL",
    "IsNew": false,
    "EcoscoreLabel": "B",
    "RecentQuanityOfStockUnits": "1,6",
    "LongName": "STRONGBOW Gold Apple 4,5%vol 4x33cl",
    "AlcoholVolume": "4.5",
    "FicCode": "E",
    "EcoscoreValue": "62"
  },
  {
    "productId": "103886",
    "technicalArticleNumber": "3089640",
    "commercialArticleNumber": "40928",
    "name": "gin 41,4%",
    "description": "*floraal-gekruid\n*met neutrale tonic\n*garn. komkommer\n*Verenigd Koninkrijk",
    "brand": "HENDRICK'S",
    "seoBrand": "Hendrick's",
    "thumbNail": "https://static.colruytgroup.com/images/200x200/std.lang.all/87/37/asset-368737.jpg",
    "fullImage": "https://static.colruytgroup.com/images/500x500/std.lang.all/87/37/asset-368737.jpg",
    "squareImage": "https://static.colruytgroup.com/images/500x500sq/std.lang.all/87/37/asset-368737.jpg",
    "content": "70cl",
    "walkRouteSequenceNumber": 751,
    "price": {
      "basicPrice": 34.99,
      "recommendedQuantity": "1.0",
      "measurementUnitPrice": 49.99,
      "measurementUnit": "L",
      "isRedPrice": false,
      "pricePerUOM": 49.99,
      "activationDate": "23-03-2024",
      "recordSource": "Offline",
      "isPromoActive": "N",
      "priceChangeCode": "L"
    },
    "isAvailable": true,
    "isPriceAvailable": true,
    "inPromo": false,
    "gtin": [
      "05010327755502",
      "05010327755014"
    ],
    "topCategoryName": "Dranken",
    "topCategoryId": "354",
    "businessDomain": "RETAIL_BE",
    "IsPrivateLabel": false,
    "IsBiffe": false,
    "WeightconversionFactor": "0",
    "IsWeightArticle": false,
    "IsBio": false,
    "CountryOfOrigin": "VERENIGD KONINKRIJK",
    "IsExclusivelySoldInLuxembourg": false,
    "OrderUnit": "P",
    "ShortName": "HENDRICK S 70C 41.4%",
    "InSeason": true,
    "IsNew": false,
    "EcoscoreLabel": "B",
    "RecentQuanityOfStockUnits": "1,6",
    "LongName": "HENDRICK'S gin 41,4% 70cl",
    "AlcoholVolume": "41.4",
    "StartSeasonDate": "06/03/2014",
    "FicCode": "E",
    "EcoscoreValue": "70"
  },
  {
    "productId": "1333",
    "technicalArticleNumber": "18410",
    "commercialArticleNumber": "18410",
    "name": "likeur 40%vol",
    "description": "*Likeur\n*40,0 % vol",
    "brand": "GRAND MARNIER",
    "seoBrand": "Grand Marnier",
    "thumbNail": "https://static.colruytgroup.com/images/200x200/std.lang.all/54/72/asset-2325472.jpg",
    "fullImage": "https://static.colruytgroup.com/images/500x500/std.lang.all/54/72/asset-2325472.jpg",
    "squareImage": "https://static.colruytgroup.com/images/500x500sq/std.lang.all/54/72/asset-2325472.jpg",
    "content": "70cl",
    "walkRouteSequenceNumber": 932,
    "price": {
      "basicPrice": 24.99,
      "recommendedQuantity": "1.0",
      "measurementUnitPrice": 35.7,
      "measurementUnit": "L",
      "isRedPrice": false,
      "pricePerUOM": 35.7,
      "activationDate": "12-03-2024",
      "recordSource": "Offline",
      "isPromoActive": "N",
      "priceChangeCode": "E"
    },
    "isAvailable": true,
    "isPriceAvailable": true,
    "inPromo": false,
    "gtin": [
      "03018300000245",
      "03018300004663",
      "03018304000241",
      "05425008641546"
    ],
    "topCategoryName": "Dranken",
    "topCategoryId": "354",
    "businessDomain": "RETAIL_BE",
    "IsPrivateLabel": false,
    "IsBiffe": false,
    "WeightconversionFactor": "0",
    "IsWeightArticle": false,
    "IsBio": false,
    "CountryOfOrigin": "FRANKRIJK",
    "IsExclusivelySoldInLuxembourg": false,
    "OrderUnit": "P",
    "ShortName": "GR MARNIER 40GR 70CL",
    "IsNew": false,
    "EcoscoreLabel": "C",
    "RecentQuanityOfStockUnits": "1",
    "LongName": "GRAND MARNIER likeur 40%vol 70cl",
    "AlcoholVolume": "40",
    "FicCode": "E",
    "EcoscoreValue": "47"
  },
  {
    "productId": "739826",
    "technicalArticleNumber": "4504022",
    "commercialArticleNumber": "21444",
    "name": "Abt12 quadrupel 10%",
    "brand": "ST BERNARDUS",
    "seoBrand": "St Bernardus",
    "thumbNail": "https://static.colruytgroup.com/images/200x200/std.lang.all/44/63/asset-2524463.jpg",
    "fullImage": "https://static.colruytgroup.com/images/500x500/std.lang.all/44/63/asset-2524463.jpg",
    "squareImage": "https://static.colruytgroup.com/images/500x500sq/std.lang.all/44/63/asset-2524463.jpg",
    "content": "75cl",
    "walkRouteSequenceNumber": 3596,
    "price": {
      "basicPrice": 4.99,
      "recommendedQuantity": "1.0",
      "measurementUnitPrice": 6.66,
      "measurementUnit": "L",
      "isRedPrice": false,
      "pricePerUOM": 6.66,
      "activationDate": "20-12-2023",
      "recordSource": "Offline",
      "isPromoActive": "N",
      "priceChangeCode": "L"
    },
    "isAvailable": true,
    "isPriceAvailable": true,
    "inPromo": false,
    "gtin": [
      "05411911002031",
      "05411911000310"
    ],
    "topCategoryName": "Dranken",
    "topCategoryId": "354",
    "businessDomain": "RETAIL_BE",
    "IsPrivateLabel": false,
    "IsBiffe": false,
    "WeightconversionFactor": "0",
    "IsWeightArticle": false,
    "IsBio": false,
    "CountryOfOrigin": "BELGIË",
    "IsExclusivelySoldInLuxembourg": false,
    "OrderUnit": "P",
    "ShortName": "STBE ABT12 QUAD.10%75CL",
    "IsNew": false,
    "RecentQuanityOfStockUnits": "1",
    "LongName": "ST BERNARDUS Abt12 quadrupel 10% 75cl",
    "AlcoholVolume": "10",
    "FicCode": "E"
  },
  {
    "productId": "10632",
    "technicalArticleNumber": "1378006",
    "commercialArticleNumber": "19245",
    "name": "vanillejenever 17,0%vol",
    "description": "*Jenever\n*17,0 % vol\n*Smaak: vanille",
    "brand": "FILLIERS",
    "seoBrand": "Filliers",
    "thumbNail": "https://static.colruytgroup.com/images/200x200/std.lang.all/83/76/asset-3188376.jpg",
    "fullImage": "https://static.colruytgroup.com/images/500x500/std.lang.all/83/76/asset-3188376.jpg",
    "squareImage": "https://static.colruytgroup.com/images/500x500sq/std.lang.all/83/76/asset-3188376.jpg",
    "content": "70cl",
    "walkRouteSequenceNumber": 922,
    "price": {
      "basicPrice": 15.5,
      "recommendedQuantity": "1.0",
      "measurementUnitPrice": 22.15,
      "measurementUnit": "L",
      "isRedPrice": false,
      "pricePerUOM": 22.15,
      "activationDate": "16-03-2024",
      "recordSource": "Online",
      "isPromoActive": "N",
      "priceChangeCode": "L"
    },
    "isAvailable": true,
    "isPriceAvailable": true,
    "inPromo": false,
    "gtin": [
      "05412166240179",
      "05412166240070"
    ],
    "topCategoryName": "Dranken",
    "topCategoryId": "354",
    "businessDomain": "RETAIL_BE",
    "IsPrivateLabel": false,
    "IsBiffe": false,
    "WeightconversionFactor": "0",
    "IsWeightArticle": false,
    "IsBio": false,
    "CountryOfOrigin": "BELGIË",
    "IsExclusivelySoldInLuxembourg": false,
    "OrderUnit": "P",
    "ShortName": "FILLIER VANILLE17G 70CL",
    "IsNew": false,
    "EcoscoreLabel": "B",
    "RecentQuanityOfStockUnits": "1,6",
    "LongName": "FILLIERS vanillejenever 17,0%vol 70cl",
    "AlcoholVolume": "17",
    "FicCode": "E",
    "EcoscoreValue": "71"
  },
  {
    "productId": "152011",
    "technicalArticleNumber": "3281586",
    "commercialArticleNumber": "15317",
    "name": "London Dry Gin 40,0%",
    "description": "*floraal-gekruid\n*met neutrale tonic\n*garn. zwarte peper\n*Verenigd Koninkrijk",
    "brand": "BULLDOG",
    "seoBrand": "Bulldog",
    "thumbNail": "https://static.colruytgroup.com/images/200x200/std.lang.all/15/87/asset-2701587.jpg",
    "fullImage": "https://static.colruytgroup.com/images/500x500/std.lang.all/15/87/asset-2701587.jpg",
    "squareImage": "https://static.colruytgroup.com/images/500x500sq/std.lang.all/15/87/asset-2701587.jpg",
    "content": "70cl",
    "walkRouteSequenceNumber": 750,
    "price": {
      "basicPrice": 24.99,
      "recommendedQuantity": "1.0",
      "measurementUnitPrice": 35.7,
      "measurementUnit": "L",
      "isRedPrice": false,
      "pricePerUOM": 35.7,
      "activationDate": "03-01-2024",
      "recordSource": "Offline",
      "isPromoActive": "N",
      "priceChangeCode": "E"
    },
    "isAvailable": true,
    "isPriceAvailable": true,
    "inPromo": false,
    "gtin": [
      "05425008641232",
      "05425008640594",
      "00897076002010",
      "10897076002017"
    ],
    "topCategoryName": "Dranken",
    "topCategoryId": "354",
    "businessDomain": "RETAIL_BE",
    "IsPrivateLabel": false,
    "IsBiffe": false,
    "WeightconversionFactor": "0",
    "IsWeightArticle": false,
    "IsBio": false,
    "CountryOfOrigin": "VERENIGD KONINKRIJK",
    "IsExclusivelySoldInLuxembourg": false,
    "OrderUnit": "P",
    "ShortName": "BULLDOG DRY GIN 40%70CL",
    "IsNew": false,
    "EcoscoreLabel": "B",
    "RecentQuanityOfStockUnits": "1",
    "LongName": "BULLDOG London Dry Gin 40,0% 70cl",
    "AlcoholVolume": "40",
    "FicCode": "E",
    "EcoscoreValue": "72"
  },
  {
    "productId": "851604",
    "technicalArticleNumber": "4699693",
    "commercialArticleNumber": "30973",
    "name": "Revitalise",
    "brand": "INNOCENT SUPER SMOOTHIE",
    "seoBrand": "Innocent Super Smoothie",
    "thumbNail": "https://static.colruytgroup.com/images/200x200/std.lang.all/00/14/asset-3340014.jpg",
    "fullImage": "https://static.colruytgroup.com/images/500x500/std.lang.all/00/14/asset-3340014.jpg",
    "squareImage": "https://static.colruytgroup.com/images/500x500sq/std.lang.all/00/14/asset-3340014.jpg",
    "content": "30cl",
    "walkRouteSequenceNumber": 5013,
    "price": {
      "basicPrice": 2.69,
      "recommendedQuantity": "1.0",
      "quantityPrice": 2.58,
      "quantityPriceQuantity": "8.0",
      "measurementUnitPrice": 8.97,
      "measurementUnitQuantityPrice": 8.6,
      "measurementUnit": "L",
      "isRedPrice": false,
      "pricePerUOM": 8.97,
      "activationDate": "31-01-2024",
      "recordSource": "Offline",
      "isPromoActive": "N",
      "priceChangeCode": "E",
      "quantityPricePerUOM": 8.6,
      "quantityActivationDate": "31-01-2024",
      "quantityPriceChangeCode": "E"
    },
    "isAvailable": true,
    "isPriceAvailable": true,
    "inPromo": false,
    "gtin": [
      "05038862000871"
    ],
    "topCategoryName": "Dranken",
    "topCategoryId": "354",
    "businessDomain": "RETAIL_BE",
    "IsPrivateLabel": false,
    "IsBiffe": false,
    "WeightconversionFactor": "0",
    "IsWeightArticle": false,
    "IsBio": false,
    "CountryOfOrigin": "VERENIGD KONINKRIJK",
    "IsExclusivelySoldInLuxembourg": false,
    "OrderUnit": "P",
    "ShortName": "INNO SUSM REVITALISE30C",
    "IsNew": false,
    "RecentQuanityOfStockUnits": "1",
    "LongName": "INNOCENT SUPER SMOOTHIE Revitalise 30cl",
    "FicCode": "E"
  },
  {
    "productId": "794724",
    "technicalArticleNumber": "4603307",
    "commercialArticleNumber": "13398",
    "name": "caps Colombia Espresso Deca",
    "brand": "NESCAFÉ",
    "seoBrand": "Nescafé Farmers Origins",
    "thumbNail": "https://static.colruytgroup.com/images/200x200/std.lang.all/53/87/asset-2875387.jpg",
    "fullImage": "https://static.colruytgroup.com/images/500x500/std.lang.all/53/87/asset-2875387.jpg",
    "squareImage": "https://static.colruytgroup.com/images/500x500sq/std.lang.all/53/87/asset-2875387.jpg",
    "content": "10st",
    "walkRouteSequenceNumber": 1030,
    "price": {
      "basicPrice": 3.59,
      "recommendedQuantity": "1.0",
      "measurementUnitPrice": 67.74,
      "measurementUnit": "K",
      "isRedPrice": false,
      "pricePerUOM": 67.74,
      "activationDate": "23-03-2024",
      "recordSource": "Offline",
      "isPromoActive": "N",
      "priceChangeCode": "E"
    },
    "isAvailable": true,
    "isPriceAvailable": true,
    "inPromo": false,
    "gtin": [
      "07630477879989",
      "07630477879972"
    ],
    "topCategoryName": "Dranken",
    "topCategoryId": "354",
    "businessDomain": "RETAIL_BE",
    "IsPrivateLabel": false,
    "IsBiffe": false,
    "WeightconversionFactor": "0",
    "IsWeightArticle": false,
    "nutriscoreLabel": "B",
    "IsBio": false,
    "CountryOfOrigin": "ZWITSERLAND",
    "IsExclusivelySoldInLuxembourg": false,
    "OrderUnit": "P",
    "ShortName": "NESC COLO.ESP.DECA10CAP",
    "IsNew": false,
    "RecentQuanityOfStockUnits": "1",
    "LongName": "NESCAFÉ caps Colombia Espresso Deca 10st",
    "FicCode": "E"
  },
  {
    "productId": "851581",
    "technicalArticleNumber": "4699653",
    "commercialArticleNumber": "30968",
    "name": "0,0%",
    "description": "*Alcoholvrij bier\n*0,0 % vol",
    "brand": "CRISTAL",
    "seoBrand": "Cristal",
    "thumbNail": "https://static.colruytgroup.com/images/200x200/std.lang.all/92/18/asset-3029218.jpg",
    "fullImage": "https://static.colruytgroup.com/images/500x500/std.lang.all/92/18/asset-3029218.jpg",
    "squareImage": "https://static.colruytgroup.com/images/500x500sq/std.lang.all/92/18/asset-3029218.jpg",
    "content": "6x25cl",
    "walkRouteSequenceNumber": 3852,
    "price": {
      "basicPrice": 5.19,
      "recommendedQuantity": "1.0",
      "measurementUnitPrice": 3.46,
      "measurementUnit": "L",
      "isRedPrice": false,
      "pricePerUOM": 3.46,
      "activationDate": "13-03-2024",
      "isPromoActive": "Y",
      "priceChangeCode": "E"
    },
    "isAvailable": true,
    "isPriceAvailable": true,
    "inPromo": true,
    "promotion": [
      {
        "techPromoId": "100964COLR",
        "promotionId": "100964",
        "promotionType": "3",
        "isPersonalized": "N",
        "publicationStartDate": "13-03-2024",
        "publicationEndDate": "26-03-2024"
      }
    ],
    "gtin": [
      "05400141433210",
      "05410263926286",
      "05410263925098"
    ],
    "topCategoryName": "Dranken",
    "topCategoryId": "354",
    "businessDomain": "RETAIL_BE",
    "IsPrivateLabel": false,
    "IsBiffe": false,
    "WeightconversionFactor": "0",
    "IsWeightArticle": false,
    "nutriscoreLabel": "B",
    "IsBio": false,
    "CountryOfOrigin": "BELGIË",
    "IsExclusivelySoldInLuxembourg": false,
    "OrderUnit": "P",
    "ShortName": "CRIS 0% 6X25CL",
    "IsNew": false,
    "EcoscoreLabel": "D",
    "RecentQuanityOfStockUnits": "1",
    "LongName": "CRISTAL 0,0% 6x25cl",
    "AlcoholVolume": "0",
    "FicCode": "E",
    "DepositValue": [
      0.6
    ],
    "EcoscoreValue": "37"
  },
  {
    "productId": "865730",
    "technicalArticleNumber": "4717951",
    "commercialArticleNumber": "4739",
    "name": "caps Grande",
    "description": "*Grande koffie\n*Voor grote tassen\n*Intensiteit 5\n*16 Capsules",
    "brand": "NESCAFÉ DOLCE GUSTO",
    "seoBrand": "Nescafé Dolce Gusto",
    "thumbNail": "https://ecgproductmw.colruytgroup.com/ecgproductmw/noPicForArticle_2.jpg",
    "fullImage": "https://ecgproductmw.colruytgroup.com/ecgproductmw/noPicForArticle_5.jpg",
    "squareImage": "https://ecgproductmw.colruytgroup.com/ecgproductmw/noPicForArticle_5.jpg",
    "content": "16st",
    "walkRouteSequenceNumber": 1118,
    "price": {
      "basicPrice": 5.45,
      "recommendedQuantity": "1.0",
      "quantityPrice": 4.26,
      "quantityPriceQuantity": "2.0",
      "measurementUnitPrice": 40.08,
      "measurementUnitQuantityPrice": 31.33,
      "measurementUnit": "K",
      "isRedPrice": false,
      "pricePerUOM": 40.08,
      "activationDate": "21-03-2024",
      "recordSource": "Offline",
      "isPromoActive": "N",
      "priceChangeCode": "E",
      "quantityPricePerUOM": 31.33,
      "quantityActivationDate": "21-03-2024",
      "quantityPriceChangeCode": "H"
    },
    "isAvailable": true,
    "isPriceAvailable": true,
    "inPromo": false,
    "gtin": [
      "08445290446220",
      "08445290442369"
    ],
    "topCategoryName": "Dranken",
    "topCategoryId": "354",
    "businessDomain": "RETAIL_BE",
    "IsPrivateLabel": false,
    "IsBiffe": false,
    "WeightconversionFactor": "0",
    "IsWeightArticle": false,
    "nutriscoreLabel": "B",
    "IsBio": false,
    "CountryOfOrigin": "DUITSLAND",
    "IsExclusivelySoldInLuxembourg": false,
    "OrderUnit": "P",
    "ShortName": "NESC DG GRANDE 16CAPS",
    "IsNew": false,
    "RecentQuanityOfStockUnits": "6,1",
    "LongName": "NESCAFÉ DOLCE GUSTO caps Grande 16st",
    "FicCode": "E"
  },
  {
    "productId": "360052",
    "technicalArticleNumber": "3784505",
    "commercialArticleNumber": "18554",
    "name": "eierlikeur 14,9%",
    "description": "*Likeur\n*14,9 % vol",
    "brand": "DEN OUDEN ADVOKAAT",
    "seoBrand": "Den Ouden Advokaat",
    "thumbNail": "https://static.colruytgroup.com/images/200x200/std.lang.all/77/18/asset-1417718.jpg",
    "fullImage": "https://static.colruytgroup.com/images/500x500/std.lang.all/77/18/asset-1417718.jpg",
    "squareImage": "https://static.colruytgroup.com/images/500x500sq/std.lang.all/77/18/asset-1417718.jpg",
    "content": "50cl",
    "walkRouteSequenceNumber": 919,
    "price": {
      "basicPrice": 10.09,
      "recommendedQuantity": "1.0",
      "measurementUnitPrice": 20.18,
      "measurementUnit": "L",
      "isRedPrice": true,
      "redPriceReason": "Promo",
      "referencePrice": 11.21,
      "retentionPeriod": 30,
      "pricePerUOM": 20.18,
      "activationDate": "13-03-2024",
      "isPromoActive": "Y",
      "priceChangeCode": "L"
    },
    "isAvailable": true,
    "isPriceAvailable": true,
    "inPromo": false,
    "gtin": [
      "05413467506391",
      "05413467506407",
      "05413467507008"
    ],
    "topCategoryName": "Dranken",
    "topCategoryId": "354",
    "businessDomain": "RETAIL_BE",
    "IsPrivateLabel": false,
    "IsBiffe": false,
    "WeightconversionFactor": "0",
    "IsWeightArticle": false,
    "IsBio": false,
    "CountryOfOrigin": "BELGIË",
    "IsExclusivelySoldInLuxembourg": false,
    "OrderUnit": "P",
    "ShortName": "OUDE ADVOKAAT 14.9% 50C",
    "IsNew": false,
    "EcoscoreLabel": "C",
    "RecentQuanityOfStockUnits": "1",
    "LongName": "DEN OUDEN ADVOKAAT eierlikeur 14,9% 50cl",
    "AlcoholVolume": "14.9",
    "FicCode": "E",
    "EcoscoreValue": "52"
  },
  {
    "productId": "519685",
    "technicalArticleNumber": "4102978",
    "commercialArticleNumber": "4518",
    "name": "vruchtensiroop",
    "brand": "FRUIT OASE",
    "seoBrand": "Fruit Oase",
    "thumbNail": "https://static.colruytgroup.com/images/200x200/std.lang.all/42/26/asset-1804226.jpg",
    "fullImage": "https://static.colruytgroup.com/images/500x500/std.lang.all/42/26/asset-1804226.jpg",
    "squareImage": "https://static.colruytgroup.com/images/500x500sq/std.lang.all/42/26/asset-1804226.jpg",
    "content": "500ml",
    "walkRouteSequenceNumber": 16144,
    "price": {
      "basicPrice": 2.49,
      "recommendedQuantity": "1.0",
      "measurementUnitPrice": 4.98,
      "measurementUnit": "L",
      "isRedPrice": false,
      "pricePerUOM": 4.98,
      "activationDate": "05-04-2023",
      "isPromoActive": "N",
      "priceChangeCode": "H"
    },
    "isAvailable": true,
    "isPriceAvailable": true,
    "inPromo": false,
    "gtin": [
      "08719075639948",
      "08717399849883",
      "00790756399489"
    ],
    "topCategoryName": "Dranken",
    "topCategoryId": "354",
    "businessDomain": "RETAIL_BE",
    "IsPrivateLabel": false,
    "IsBiffe": false,
    "WeightconversionFactor": "0",
    "IsWeightArticle": false,
    "IsBio": false,
    "CountryOfOrigin": "BELGIË",
    "IsExclusivelySoldInLuxembourg": false,
    "OrderUnit": "P",
    "ShortName": "FROA VRUCHTENSIROOP500M",
    "IsNew": false,
    "EcoscoreLabel": "A",
    "RecentQuanityOfStockUnits": "1,6",
    "LongName": "FRUIT OASE vruchtensiroop 500ml",
    "FicCode": "E",
    "EcoscoreValue": "96"
  },
  {
    "productId": "358988",
    "technicalArticleNumber": "3799651",
    "commercialArticleNumber": "12885",
    "name": "Elixir de Bruges 30%",
    "description": "*Likeur\n*30,0% vol",
    "brand": "MARIE GALANTE",
    "seoBrand": "Marie Galante",
    "thumbNail": "https://static.colruytgroup.com/images/200x200/std.lang.all/86/82/asset-2268682.jpg",
    "fullImage": "https://static.colruytgroup.com/images/500x500/std.lang.all/86/82/asset-2268682.jpg",
    "squareImage": "https://static.colruytgroup.com/images/500x500sq/std.lang.all/86/82/asset-2268682.jpg",
    "content": "70cl",
    "walkRouteSequenceNumber": 930,
    "price": {
      "basicPrice": 14.49,
      "recommendedQuantity": "1.0",
      "measurementUnitPrice": 20.7,
      "measurementUnit": "L",
      "isRedPrice": false,
      "pricePerUOM": 20.7,
      "activationDate": "10-11-2023",
      "isPromoActive": "N",
      "priceChangeCode": "E"
    },
    "isAvailable": true,
    "isPriceAvailable": true,
    "inPromo": false,
    "gtin": [
      "05400141106084",
      "15400141106081"
    ],
    "topCategoryName": "Dranken",
    "topCategoryId": "354",
    "businessDomain": "RETAIL_BE",
    "IsPrivateLabel": true,
    "IsBiffe": false,
    "WeightconversionFactor": "0",
    "IsWeightArticle": false,
    "IsBio": false,
    "CountryOfOrigin": "BELGIË",
    "IsExclusivelySoldInLuxembourg": false,
    "OrderUnit": "P",
    "ShortName": "M.GAL EL.BRUGES 30% 70C",
    "IsNew": false,
    "EcoscoreLabel": "C",
    "RecentQuanityOfStockUnits": "1,6",
    "LongName": "MARIE GALANTE Elixir de Bruges 30% 70cl",
    "AlcoholVolume": "29.7",
    "FicCode": "I",
    "EcoscoreValue": "49"
  },
  {
    "productId": "16948",
    "technicalArticleNumber": "1437094",
    "commercialArticleNumber": "22133",
    "name": "oploskoffie Decaf glas",
    "description": "*Premium koffie\n*Cafeïnevrij\n*Zachte smaak\n*200g",
    "brand": "NESCAFÉ GOLD",
    "seoBrand": "Nescafé Gold",
    "thumbNail": "https://static.colruytgroup.com/images/200x200/std.lang.all/71/60/asset-1567160.jpg",
    "fullImage": "https://static.colruytgroup.com/images/500x500/std.lang.all/71/60/asset-1567160.jpg",
    "squareImage": "https://static.colruytgroup.com/images/500x500sq/std.lang.all/71/60/asset-1567160.jpg",
    "content": "200g",
    "walkRouteSequenceNumber": 1181,
    "price": {
      "basicPrice": 13.98,
      "recommendedQuantity": "1.0",
      "measurementUnitPrice": 69.9,
      "measurementUnit": "K",
      "isRedPrice": false,
      "pricePerUOM": 69.9,
      "activationDate": "19-03-2024",
      "recordSource": "Offline",
      "isPromoActive": "N",
      "priceChangeCode": "H"
    },
    "isAvailable": true,
    "isPriceAvailable": true,
    "inPromo": false,
    "gtin": [
      "07613033006968",
      "07613033006951"
    ],
    "topCategoryName": "Dranken",
    "topCategoryId": "354",
    "businessDomain": "RETAIL_BE",
    "IsPrivateLabel": false,
    "IsBiffe": false,
    "WeightconversionFactor": "0",
    "IsWeightArticle": false,
    "nutriscoreLabel": "B",
    "IsBio": false,
    "CountryOfOrigin": "BELGIË",
    "IsExclusivelySoldInLuxembourg": false,
    "OrderUnit": "P",
    "ShortName": "NES GOLD CAFEINEVR 200G",
    "IsNew": false,
    "RecentQuanityOfStockUnits": "1,6",
    "LongName": "NESCAFÉ GOLD oploskoffie Decaf glas 200g",
    "AlcoholVolume": "0",
    "FicCode": "E"
  },
  {
    "productId": "33550",
    "technicalArticleNumber": "1778012",
    "commercialArticleNumber": "5871",
    "name": "oude geuze 7,0%vol",
    "description": "*Geuzebier\n*7 % vol\n*Nagisting op fles",
    "brand": "BOON",
    "seoBrand": "Boon",
    "thumbNail": "https://static.colruytgroup.com/images/200x200/std.lang.all/60/06/asset-626006.jpg",
    "fullImage": "https://static.colruytgroup.com/images/500x500/std.lang.all/60/06/asset-626006.jpg",
    "squareImage": "https://static.colruytgroup.com/images/500x500sq/std.lang.all/60/06/asset-626006.jpg",
    "content": "6x37,5cl",
    "walkRouteSequenceNumber": 3783,
    "price": {
      "basicPrice": 14.94,
      "recommendedQuantity": "1.0",
      "quantityPrice": 14.34,
      "quantityPriceQuantity": "3.0",
      "measurementUnitPrice": 6.64,
      "measurementUnitQuantityPrice": 6.38,
      "measurementUnit": "L",
      "isRedPrice": false,
      "pricePerUOM": 6.64,
      "activationDate": "14-11-2023",
      "recordSource": "Offline",
      "isPromoActive": "N",
      "priceChangeCode": "E",
      "quantityPricePerUOM": 6.38,
      "quantityActivationDate": "14-11-2023",
      "quantityPriceChangeCode": "E"
    },
    "isAvailable": true,
    "isPriceAvailable": true,
    "inPromo": false,
    "gtin": [
      "05412783052025",
      "05400141958713",
      "00000025058710"
    ],
    "topCategoryName": "Dranken",
    "topCategoryId": "354",
    "businessDomain": "RETAIL_BE",
    "IsPrivateLabel": false,
    "IsBiffe": false,
    "WeightconversionFactor": "0",
    "IsWeightArticle": false,
    "IsBio": false,
    "CountryOfOrigin": "BELGIË",
    "IsExclusivelySoldInLuxembourg": false,
    "OrderUnit": "P",
    "ShortName": "BOON OUDE GEUZE 6X37.5",
    "IsNew": false,
    "EcoscoreLabel": "D",
    "RecentQuanityOfStockUnits": "1",
    "LongName": "BOON oude geuze 7,0%vol 6x37,5cl",
    "AlcoholVolume": "7",
    "FicCode": "E",
    "DepositValue": [
      1.2
    ],
    "EcoscoreValue": "37"
  },
  {
    "productId": "408",
    "technicalArticleNumber": "5369",
    "commercialArticleNumber": "5369",
    "name": "abdijbier blond 6,5%",
    "description": "*Abdijbier\n*6,6 % vol\n*Nagisting op fles",
    "brand": "ENAME",
    "seoBrand": "Ename",
    "thumbNail": "https://static.colruytgroup.com/images/200x200/std.lang.all/70/95/asset-797095.jpg",
    "fullImage": "https://static.colruytgroup.com/images/500x500/std.lang.all/70/95/asset-797095.jpg",
    "squareImage": "https://static.colruytgroup.com/images/500x500sq/std.lang.all/70/95/asset-797095.jpg",
    "content": "6x33cl",
    "walkRouteSequenceNumber": 3631,
    "price": {
      "basicPrice": 7.93,
      "recommendedQuantity": "1.0",
      "measurementUnitPrice": 4.01,
      "measurementUnit": "L",
      "isRedPrice": false,
      "pricePerUOM": 4.01,
      "activationDate": "05-03-2024",
      "recordSource": "Offline",
      "isPromoActive": "N",
      "priceChangeCode": "L"
    },
    "isAvailable": true,
    "isPriceAvailable": true,
    "inPromo": false,
    "gtin": [
      "05400141053692",
      "05412583240837"
    ],
    "topCategoryName": "Dranken",
    "topCategoryId": "354",
    "businessDomain": "RETAIL_BE",
    "IsPrivateLabel": false,
    "IsBiffe": false,
    "WeightconversionFactor": "0",
    "IsWeightArticle": false,
    "IsBio": false,
    "CountryOfOrigin": "BELGIË",
    "IsExclusivelySoldInLuxembourg": false,
    "OrderUnit": "P",
    "ShortName": "ENAME BLOND 6X33CL",
    "IsNew": false,
    "EcoscoreLabel": "B",
    "RecentQuanityOfStockUnits": "1",
    "LongName": "ENAME abdijbier blond 6,5% 6x33cl",
    "AlcoholVolume": "6.6",
    "FicCode": "I",
    "DepositValue": [
      0.6
    ],
    "EcoscoreValue": "72"
  },
  {
    "productId": "881783",
    "technicalArticleNumber": "4739244",
    "commercialArticleNumber": "4022",
    "name": "Siroop groene munt",
    "brand": "TEISSEIRE",
    "seoBrand": "Teisseire",
    "thumbNail": "https://static.colruytgroup.com/images/200x200/std.lang.all/77/90/asset-3307790.jpg",
    "fullImage": "https://static.colruytgroup.com/images/500x500/std.lang.all/77/90/asset-3307790.jpg",
    "squareImage": "https://static.colruytgroup.com/images/500x500sq/std.lang.all/77/90/asset-3307790.jpg",
    "content": "60cl",
    "walkRouteSequenceNumber": 4027,
    "price": {
      "basicPrice": 4.49,
      "recommendedQuantity": "1.0",
      "quantityPrice": 4.13,
      "quantityPriceQuantity": "6.0",
      "measurementUnitPrice": 7.49,
      "measurementUnitQuantityPrice": 6.89,
      "measurementUnit": "L",
      "isRedPrice": false,
      "pricePerUOM": 7.49,
      "activationDate": "04-03-2024",
      "recordSource": "Offline",
      "isPromoActive": "N",
      "priceChangeCode": "E",
      "quantityPricePerUOM": 6.89,
      "quantityActivationDate": "04-03-2024",
      "quantityPriceChangeCode": "H"
    },
    "isAvailable": true,
    "isPriceAvailable": true,
    "inPromo": false,
    "gtin": [
      "03092718628291",
      "13092718628304"
    ],
    "topCategoryName": "Dranken",
    "topCategoryId": "354",
    "businessDomain": "RETAIL_BE",
    "IsPrivateLabel": false,
    "IsBiffe": false,
    "WeightconversionFactor": "0",
    "IsWeightArticle": false,
    "nutriscoreLabel": "C",
    "IsBio": false,
    "CountryOfOrigin": "FRANKRIJK",
    "IsExclusivelySoldInLuxembourg": false,
    "OrderUnit": "P",
    "ShortName": "TEIS GROENE MUNT 60CL",
    "IsNew": false,
    "EcoscoreLabel": "B",
    "RecentQuanityOfStockUnits": "1",
    "LongName": "TEISSEIRE Siroop groene munt 60cl",
    "FicCode": "E",
    "EcoscoreValue": "79"
  },
  {
    "productId": "285991",
    "technicalArticleNumber": "3678433",
    "commercialArticleNumber": "22356",
    "name": "bonen Espresso",
    "description": "*Koffiebonen",
    "brand": "DOUWE EGBERTS",
    "seoBrand": "Douwe Egberts",
    "thumbNail": "https://static.colruytgroup.com/images/200x200/std.lang.all/47/30/asset-1244730.jpg",
    "fullImage": "https://static.colruytgroup.com/images/500x500/std.lang.all/47/30/asset-1244730.jpg",
    "squareImage": "https://static.colruytgroup.com/images/500x500sq/std.lang.all/47/30/asset-1244730.jpg",
    "content": "1kg",
    "walkRouteSequenceNumber": 1023,
    "price": {
      "basicPrice": 10.98,
      "recommendedQuantity": "1.0",
      "measurementUnitPrice": 10.98,
      "measurementUnit": "K",
      "isRedPrice": false,
      "pricePerUOM": 10.98,
      "activationDate": "23-03-2024",
      "recordSource": "Folder",
      "isPromoActive": "N",
      "priceChangeCode": "E"
    },
    "isAvailable": true,
    "isPriceAvailable": true,
    "inPromo": false,
    "gtin": [
      "08711000555095",
      "08711000555118"
    ],
    "topCategoryName": "Dranken",
    "topCategoryId": "354",
    "businessDomain": "RETAIL_BE",
    "IsPrivateLabel": false,
    "IsBiffe": false,
    "WeightconversionFactor": "0",
    "IsWeightArticle": false,
    "nutriscoreLabel": "B",
    "IsBio": false,
    "CountryOfOrigin": "POLEN",
    "IsExclusivelySoldInLuxembourg": false,
    "OrderUnit": "P",
    "ShortName": "DOUW ESPRESSO BONEN 1KG",
    "IsNew": false,
    "RecentQuanityOfStockUnits": "1",
    "LongName": "DOUWE EGBERTS bonen Espresso 1kg",
    "AlcoholVolume": "0",
    "FicCode": "E"
  },
  {
    "productId": "51493",
    "technicalArticleNumber": "2401691",
    "commercialArticleNumber": "16174",
    "name": "Triple 7,0%",
    "description": "*Speciaalbier\n*7,0 % vol",
    "brand": "CUVÉE DES TROLLS",
    "seoBrand": "Cuvée Des Trolls",
    "thumbNail": "https://static.colruytgroup.com/images/200x200/std.lang.all/85/67/asset-3328567.jpg",
    "fullImage": "https://static.colruytgroup.com/images/500x500/std.lang.all/85/67/asset-3328567.jpg",
    "squareImage": "https://static.colruytgroup.com/images/500x500sq/std.lang.all/85/67/asset-3328567.jpg",
    "content": "75cl",
    "walkRouteSequenceNumber": 3601,
    "price": {
      "basicPrice": 4.69,
      "recommendedQuantity": "1.0",
      "quantityPrice": 4.5,
      "quantityPriceQuantity": "6.0",
      "measurementUnitPrice": 6.26,
      "measurementUnitQuantityPrice": 6,
      "measurementUnit": "L",
      "isRedPrice": false,
      "pricePerUOM": 6.26,
      "activationDate": "20-03-2024",
      "recordSource": "Offline",
      "isPromoActive": "N",
      "priceChangeCode": "L",
      "quantityPricePerUOM": 6,
      "quantityActivationDate": "20-03-2024",
      "quantityPriceChangeCode": "L"
    },
    "isAvailable": true,
    "isPriceAvailable": true,
    "inPromo": true,
    "promotion": [
      {
        "techPromoId": "100950COLR",
        "promotionId": "100950",
        "promotionType": "3",
        "isPersonalized": "N",
        "publicationStartDate": "13-03-2024",
        "publicationEndDate": "26-03-2024"
      }
    ],
    "gtin": [
      "85411551100605",
      "05411551210513"
    ],
    "topCategoryName": "Dranken",
    "topCategoryId": "354",
    "businessDomain": "RETAIL_BE",
    "IsPrivateLabel": false,
    "IsBiffe": false,
    "WeightconversionFactor": "0",
    "IsWeightArticle": false,
    "IsBio": false,
    "CountryOfOrigin": "BELGIË",
    "IsExclusivelySoldInLuxembourg": false,
    "OrderUnit": "P",
    "ShortName": "RE CUVEE TROLLS TRIP75C",
    "InSeason": true,
    "IsNew": false,
    "EcoscoreLabel": "D",
    "RecentQuanityOfStockUnits": "6,1",
    "LongName": "CUVÉE DES TROLLS Triple 7,0% 75cl",
    "AlcoholVolume": "7",
    "StartSeasonDate": "01/02/2012",
    "FicCode": "E",
    "EcoscoreValue": "37"
  },
  {
    "productId": "682607",
    "technicalArticleNumber": "4402847",
    "commercialArticleNumber": "24694",
    "name": "BIPA 6,7%",
    "brand": "HAPKIN",
    "seoBrand": "Hapkin",
    "thumbNail": "https://static.colruytgroup.com/images/200x200/std.lang.all/72/97/asset-3267297.jpg",
    "fullImage": "https://static.colruytgroup.com/images/500x500/std.lang.all/72/97/asset-3267297.jpg",
    "squareImage": "https://static.colruytgroup.com/images/500x500sq/std.lang.all/72/97/asset-3267297.jpg",
    "content": "6x33cl",
    "walkRouteSequenceNumber": 3737,
    "price": {
      "basicPrice": 9.88,
      "recommendedQuantity": "1.0",
      "quantityPrice": 9.48,
      "quantityPriceQuantity": "3.0",
      "measurementUnitPrice": 4.99,
      "measurementUnitQuantityPrice": 4.79,
      "measurementUnit": "L",
      "isRedPrice": false,
      "pricePerUOM": 4.99,
      "activationDate": "14-03-2024",
      "recordSource": "Offline",
      "isPromoActive": "N",
      "priceChangeCode": "H",
      "quantityPricePerUOM": 4.79,
      "quantityActivationDate": "14-03-2024",
      "quantityPriceChangeCode": "E"
    },
    "isAvailable": true,
    "isPriceAvailable": true,
    "inPromo": false,
    "gtin": [
      "05400141756432",
      "05410263924770",
      "05410263924633"
    ],
    "topCategoryName": "Dranken",
    "topCategoryId": "354",
    "businessDomain": "RETAIL_BE",
    "IsPrivateLabel": false,
    "IsBiffe": false,
    "WeightconversionFactor": "0",
    "IsWeightArticle": false,
    "IsBio": false,
    "CountryOfOrigin": "BELGIË",
    "IsExclusivelySoldInLuxembourg": false,
    "OrderUnit": "P",
    "ShortName": "HAPK BIPA 6.7% 6X33CL",
    "IsNew": false,
    "EcoscoreLabel": "B",
    "RecentQuanityOfStockUnits": "1",
    "LongName": "HAPKIN BIPA 6,7% 6x33cl",
    "AlcoholVolume": "6.7",
    "FicCode": "E",
    "DepositValue": [
      0.6
    ],
    "EcoscoreValue": "68"
  },
  {
    "productId": "126309",
    "technicalArticleNumber": "3211980",
    "commercialArticleNumber": "26140",
    "name": "Spiced Gold&Cola 5%",
    "description": "*Ready to drink\n*Kant- en klaar\n*5,0 % vol",
    "brand": "CAPTAIN MORGAN",
    "seoBrand": "Captain Morgan",
    "thumbNail": "https://static.colruytgroup.com/images/200x200/std.lang.all/69/77/asset-386977.jpg",
    "fullImage": "https://static.colruytgroup.com/images/500x500/std.lang.all/69/77/asset-386977.jpg",
    "squareImage": "https://static.colruytgroup.com/images/500x500sq/std.lang.all/69/77/asset-386977.jpg",
    "content": "25cl",
    "walkRouteSequenceNumber": 793,
    "price": {
      "basicPrice": 1.99,
      "recommendedQuantity": "4.0",
      "measurementUnitPrice": 7.96,
      "measurementUnit": "L",
      "isRedPrice": false,
      "pricePerUOM": 7.96,
      "activationDate": "13-12-2023",
      "recordSource": "Offline",
      "isPromoActive": "N",
      "priceChangeCode": "H"
    },
    "isAvailable": true,
    "isPriceAvailable": true,
    "inPromo": false,
    "gtin": [
      "08711300999629",
      "08711300999612",
      "05000281045412",
      "08711300999605",
      "05000281045436",
      "08711300999889",
      "05000281038445"
    ],
    "topCategoryName": "Dranken",
    "topCategoryId": "354",
    "businessDomain": "RETAIL_BE",
    "IsPrivateLabel": false,
    "IsBiffe": false,
    "WeightconversionFactor": "0",
    "IsWeightArticle": false,
    "IsBio": false,
    "CountryOfOrigin": "ITALIË",
    "IsExclusivelySoldInLuxembourg": false,
    "OrderUnit": "P",
    "ShortName": "CAPT. MORG+COKE 25C 5",
    "IsNew": false,
    "EcoscoreLabel": "C",
    "RecentQuanityOfStockUnits": "1,4,24,1,4",
    "LongName": "CAPTAIN MORGAN Spiced Gold&Cola 5% 25cl",
    "AlcoholVolume": "5",
    "FicCode": "E",
    "EcoscoreValue": "49"
  },
  {
    "productId": "330044",
    "technicalArticleNumber": "3814541",
    "commercialArticleNumber": "51230",
    "name": "bonen Santa Anita RFA",
    "brand": "GRAINDOR",
    "seoBrand": "Graindor",
    "thumbNail": "https://static.colruytgroup.com/images/200x200/std.lang.all/22/63/asset-1822263.jpg",
    "fullImage": "https://static.colruytgroup.com/images/500x500/std.lang.all/22/63/asset-1822263.jpg",
    "squareImage": "https://static.colruytgroup.com/images/500x500sq/std.lang.all/22/63/asset-1822263.jpg",
    "content": "500g",
    "walkRouteSequenceNumber": 1012,
    "price": {
      "basicPrice": 8.52,
      "recommendedQuantity": "1.0",
      "quantityPrice": 7.84,
      "quantityPriceQuantity": "3.0",
      "measurementUnitPrice": 17.04,
      "measurementUnitQuantityPrice": 15.68,
      "measurementUnit": "K",
      "isRedPrice": false,
      "pricePerUOM": 17.04,
      "activationDate": "13-12-2023",
      "isPromoActive": "N",
      "priceChangeCode": "E",
      "quantityPricePerUOM": 15.68,
      "quantityActivationDate": "13-12-2023",
      "quantityPriceChangeCode": "E"
    },
    "isAvailable": true,
    "isPriceAvailable": true,
    "inPromo": false,
    "gtin": [
      "05400141034264",
      "35400141034265"
    ],
    "topCategoryName": "Dranken",
    "topCategoryId": "354",
    "businessDomain": "RETAIL_BE",
    "IsPrivateLabel": true,
    "IsBiffe": false,
    "WeightconversionFactor": "0",
    "IsWeightArticle": false,
    "nutriscoreLabel": "B",
    "IsBio": false,
    "CountryOfOrigin": "BELGIË",
    "IsExclusivelySoldInLuxembourg": false,
    "OrderUnit": "P",
    "ShortName": "GRAI S.AN.RF BOON500G",
    "IsNew": false,
    "EcoscoreLabel": "B",
    "RecentQuanityOfStockUnits": "1",
    "LongName": "GRAINDOR bonen Santa Anita RFA 500g",
    "AlcoholVolume": "0",
    "FicCode": "I",
    "EcoscoreValue": "60"
  },
  {
    "productId": "464350",
    "technicalArticleNumber": "4019368",
    "commercialArticleNumber": "5050",
    "description": "*3 granen bier\n*8,4 % vol",
    "brand": "TRIPEL KARMELIET",
    "seoBrand": "Tripel Karmeliet",
    "thumbNail": "https://static.colruytgroup.com/images/200x200/std.lang.all/90/23/asset-3389023.jpg",
    "fullImage": "https://static.colruytgroup.com/images/500x500/std.lang.all/90/23/asset-3389023.jpg",
    "squareImage": "https://static.colruytgroup.com/images/500x500sq/std.lang.all/90/23/asset-3389023.jpg",
    "content": "24x33cl",
    "walkRouteSequenceNumber": 3928,
    "price": {
      "basicPrice": 38.49,
      "recommendedQuantity": "1.0",
      "measurementUnitPrice": 4.86,
      "measurementUnit": "L",
      "isRedPrice": false,
      "pricePerUOM": 4.86,
      "activationDate": "22-03-2024",
      "recordSource": "Offline",
      "isPromoActive": "N",
      "priceChangeCode": "L"
    },
    "isAvailable": true,
    "isPriceAvailable": true,
    "inPromo": false,
    "gtin": [
      "00000054050082",
      "05410693100645"
    ],
    "topCategoryName": "Dranken",
    "topCategoryId": "354",
    "businessDomain": "RETAIL_BE",
    "IsPrivateLabel": false,
    "IsBiffe": false,
    "WeightconversionFactor": "0",
    "IsWeightArticle": false,
    "IsBio": false,
    "CountryOfOrigin": "BELGIË",
    "IsExclusivelySoldInLuxembourg": false,
    "OrderUnit": "P",
    "ShortName": "KARM TRIPEL BAK 24X33CL",
    "IsNew": false,
    "RecentQuanityOfStockUnits": "1",
    "LongName": "TRIPEL KARMELIET 24x33cl",
    "AlcoholVolume": "8.4",
    "FicCode": "E",
    "DepositValue": [
      4.5
    ]
  },
  {
    "productId": "842123",
    "technicalArticleNumber": "4687043",
    "commercialArticleNumber": "30560",
    "name": "muntlikeur 17,9%",
    "description": "*Ready to serve\n*Basis voor cocktail\n*17,9 % vol",
    "brand": "GET 27",
    "seoBrand": "Get 27",
    "thumbNail": "https://static.colruytgroup.com/images/200x200/std.lang.all/05/69/asset-3240569.jpg",
    "fullImage": "https://static.colruytgroup.com/images/500x500/std.lang.all/05/69/asset-3240569.jpg",
    "squareImage": "https://static.colruytgroup.com/images/500x500sq/std.lang.all/05/69/asset-3240569.jpg",
    "content": "70cl",
    "walkRouteSequenceNumber": 882,
    "price": {
      "basicPrice": 19.99,
      "recommendedQuantity": "1.0",
      "measurementUnitPrice": 28.56,
      "measurementUnit": "L",
      "isRedPrice": false,
      "pricePerUOM": 28.56,
      "activationDate": "26-02-2024",
      "recordSource": "Offline",
      "isPromoActive": "N",
      "priceChangeCode": "H"
    },
    "isAvailable": true,
    "isPriceAvailable": true,
    "inPromo": false,
    "gtin": [
      "07610113020524",
      "07610113019238"
    ],
    "topCategoryName": "Dranken",
    "topCategoryId": "354",
    "businessDomain": "RETAIL_BE",
    "IsPrivateLabel": false,
    "IsBiffe": false,
    "WeightconversionFactor": "0",
    "IsWeightArticle": false,
    "IsBio": false,
    "CountryOfOrigin": "FRANKRIJK",
    "IsExclusivelySoldInLuxembourg": false,
    "OrderUnit": "P",
    "ShortName": "RE GET 27 17.9% 70CL",
    "IsNew": false,
    "EcoscoreLabel": "E",
    "RecentQuanityOfStockUnits": "1,6",
    "LongName": "GET 27 muntlikeur 17,9% 70cl",
    "AlcoholVolume": "17.9",
    "FicCode": "E",
    "EcoscoreValue": "18"
  },
  {
    "productId": "642467",
    "technicalArticleNumber": "4336775",
    "commercialArticleNumber": "22205",
    "name": "Oaked & Smoked 8,5%",
    "description": "*Zwaar blond bier\n*8,5 % vol",
    "brand": "CORNET",
    "seoBrand": "Cornet",
    "thumbNail": "https://static.colruytgroup.com/images/200x200/std.lang.all/07/91/asset-2290791.jpg",
    "fullImage": "https://static.colruytgroup.com/images/500x500/std.lang.all/07/91/asset-2290791.jpg",
    "squareImage": "https://static.colruytgroup.com/images/500x500sq/std.lang.all/07/91/asset-2290791.jpg",
    "content": "4x33cl",
    "walkRouteSequenceNumber": 3709,
    "price": {
      "basicPrice": 6.49,
      "recommendedQuantity": "1.0",
      "measurementUnitPrice": 4.92,
      "measurementUnit": "L",
      "isRedPrice": false,
      "pricePerUOM": 4.92,
      "activationDate": "15-03-2024",
      "recordSource": "Offline",
      "isPromoActive": "N",
      "priceChangeCode": "H"
    },
    "isAvailable": true,
    "isPriceAvailable": true,
    "inPromo": false,
    "gtin": [
      "05410783007908",
      "00000054057197",
      "05410783007892"
    ],
    "topCategoryName": "Dranken",
    "topCategoryId": "354",
    "businessDomain": "RETAIL_BE",
    "IsPrivateLabel": false,
    "IsBiffe": false,
    "WeightconversionFactor": "0",
    "IsWeightArticle": false,
    "IsBio": false,
    "CountryOfOrigin": "BELGIË",
    "IsExclusivelySoldInLuxembourg": false,
    "OrderUnit": "P",
    "ShortName": "CORN OAKED SMOKED4X33CL",
    "IsNew": false,
    "EcoscoreLabel": "D",
    "RecentQuanityOfStockUnits": "1",
    "LongName": "CORNET Oaked & Smoked 8,5% 4x33cl",
    "AlcoholVolume": "8.5",
    "FicCode": "E",
    "DepositValue": [
      0.4
    ],
    "EcoscoreValue": "37"
  },
  {
    "productId": "15087",
    "technicalArticleNumber": "1466006",
    "commercialArticleNumber": "7777",
    "name": "abdijbier blond 6%",
    "description": "*Abdijbier\n*6 % vol\n*Nagisting op fles",
    "brand": "VAL-DIEU",
    "seoBrand": "Val-Dieu",
    "thumbNail": "https://static.colruytgroup.com/images/200x200/std.lang.all/87/82/asset-1838782.jpg",
    "fullImage": "https://static.colruytgroup.com/images/500x500/std.lang.all/87/82/asset-1838782.jpg",
    "squareImage": "https://static.colruytgroup.com/images/500x500sq/std.lang.all/87/82/asset-1838782.jpg",
    "content": "6x33cl",
    "walkRouteSequenceNumber": 3629,
    "price": {
      "basicPrice": 10.49,
      "recommendedQuantity": "1.0",
      "quantityPrice": 9.65,
      "quantityPriceQuantity": "3.0",
      "measurementUnitPrice": 5.3,
      "measurementUnitQuantityPrice": 4.88,
      "measurementUnit": "L",
      "isRedPrice": false,
      "pricePerUOM": 5.3,
      "activationDate": "20-03-2024",
      "recordSource": "Offline",
      "isPromoActive": "N",
      "priceChangeCode": "H",
      "quantityPricePerUOM": 4.88,
      "quantityActivationDate": "20-03-2024",
      "quantityPriceChangeCode": "H"
    },
    "isAvailable": true,
    "isPriceAvailable": true,
    "inPromo": false,
    "gtin": [
      "05400141077773",
      "05413977002017",
      "05413977000013"
    ],
    "topCategoryName": "Dranken",
    "topCategoryId": "354",
    "businessDomain": "RETAIL_BE",
    "IsPrivateLabel": false,
    "IsBiffe": false,
    "WeightconversionFactor": "0",
    "IsWeightArticle": false,
    "IsBio": false,
    "CountryOfOrigin": "BELGIË",
    "IsExclusivelySoldInLuxembourg": false,
    "OrderUnit": "P",
    "ShortName": "RE VALD BLOND 6X33CL",
    "IsNew": false,
    "EcoscoreLabel": "D",
    "RecentQuanityOfStockUnits": "1",
    "LongName": "VAL-DIEU abdijbier blond 6% 6x33cl",
    "AlcoholVolume": "6",
    "FicCode": "I",
    "DepositValue": [
      0.6
    ],
    "EcoscoreValue": "37"
  },
  {
    "productId": "1510",
    "technicalArticleNumber": "19159",
    "commercialArticleNumber": "19159",
    "name": "appeljenever 20,0%vol",
    "description": "*Jenever\n*20,0 % vol\n*Smaak: appel",
    "brand": "FILLIERS",
    "seoBrand": "Filliers",
    "thumbNail": "https://static.colruytgroup.com/images/200x200/std.lang.all/79/74/asset-3187974.jpg",
    "fullImage": "https://static.colruytgroup.com/images/500x500/std.lang.all/79/74/asset-3187974.jpg",
    "squareImage": "https://static.colruytgroup.com/images/500x500sq/std.lang.all/79/74/asset-3187974.jpg",
    "content": "70cl",
    "walkRouteSequenceNumber": 927,
    "price": {
      "basicPrice": 14.99,
      "recommendedQuantity": "1.0",
      "measurementUnitPrice": 21.42,
      "measurementUnit": "L",
      "isRedPrice": false,
      "pricePerUOM": 21.42,
      "activationDate": "07-03-2024",
      "recordSource": "Offline",
      "isPromoActive": "N",
      "priceChangeCode": "H"
    },
    "isAvailable": true,
    "isPriceAvailable": true,
    "inPromo": false,
    "gtin": [
      "05412166080713",
      "05412166080706"
    ],
    "topCategoryName": "Dranken",
    "topCategoryId": "354",
    "businessDomain": "RETAIL_BE",
    "IsPrivateLabel": false,
    "IsBiffe": false,
    "WeightconversionFactor": "0",
    "IsWeightArticle": false,
    "IsBio": false,
    "CountryOfOrigin": "BELGIË",
    "IsExclusivelySoldInLuxembourg": false,
    "OrderUnit": "P",
    "ShortName": "FILLIERS APPEL 20G 70CL",
    "IsNew": false,
    "EcoscoreLabel": "B",
    "RecentQuanityOfStockUnits": "1,6",
    "LongName": "FILLIERS appeljenever 20,0%vol 70cl",
    "AlcoholVolume": "20",
    "FicCode": "E",
    "EcoscoreValue": "72"
  },
  {
    "productId": "587",
    "technicalArticleNumber": "5603",
    "commercialArticleNumber": "5603",
    "name": "koffiemelk romig cups",
    "description": "*Geëvaporeerde melk",
    "brand": "NUTROMA",
    "seoBrand": "Nutroma",
    "thumbNail": "https://static.colruytgroup.com/images/200x200/std.lang.all/63/04/asset-396304.jpg",
    "fullImage": "https://static.colruytgroup.com/images/500x500/std.lang.all/63/04/asset-396304.jpg",
    "squareImage": "https://static.colruytgroup.com/images/500x500sq/std.lang.all/63/04/asset-396304.jpg",
    "content": "200x9g",
    "walkRouteSequenceNumber": 6370,
    "price": {
      "basicPrice": 22.45,
      "recommendedQuantity": "1.0",
      "measurementUnitPrice": 12.48,
      "measurementUnit": "K",
      "isRedPrice": false,
      "pricePerUOM": 12.48,
      "activationDate": "12-03-2024",
      "isPromoActive": "N",
      "priceChangeCode": "L"
    },
    "isAvailable": true,
    "isPriceAvailable": true,
    "inPromo": false,
    "gtin": [
      "08712400000789"
    ],
    "topCategoryName": "Zuivel",
    "topCategoryId": "65",
    "businessDomain": "RETAIL_BE",
    "IsPrivateLabel": false,
    "IsBiffe": false,
    "WeightconversionFactor": "0",
    "IsWeightArticle": false,
    "nutriscoreLabel": "E",
    "IsBio": false,
    "CountryOfOrigin": "BELGIË",
    "IsExclusivelySoldInLuxembourg": false,
    "OrderUnit": "P",
    "ShortName": "NUTROMA CUPS 200X9GR",
    "IsNew": false,
    "RecentQuanityOfStockUnits": "1",
    "LongName": "NUTROMA koffiemelk romig cups 200x9g",
    "FicCode": "E"
  },
  {
    "productId": "419650",
    "technicalArticleNumber": "3944004",
    "commercialArticleNumber": "1566",
    "name": "Framboos 0.0%",
    "description": "*Cider\n*Framboos smaak\n*0.0% vol",
    "brand": "STASSEN",
    "seoBrand": "Stassen",
    "thumbNail": "https://static.colruytgroup.com/images/200x200/std.lang.all/07/64/asset-1760764.jpg",
    "fullImage": "https://static.colruytgroup.com/images/500x500/std.lang.all/07/64/asset-1760764.jpg",
    "squareImage": "https://static.colruytgroup.com/images/500x500sq/std.lang.all/07/64/asset-1760764.jpg",
    "content": "75cl",
    "walkRouteSequenceNumber": 557,
    "price": {
      "basicPrice": 4.29,
      "recommendedQuantity": "1.0",
      "measurementUnitPrice": 5.72,
      "measurementUnit": "L",
      "isRedPrice": false,
      "pricePerUOM": 5.72,
      "activationDate": "17-02-2024",
      "recordSource": "Offline",
      "isPromoActive": "N",
      "priceChangeCode": "E"
    },
    "isAvailable": true,
    "isPriceAvailable": true,
    "inPromo": false,
    "gtin": [
      "05411718911727",
      "05411718911734"
    ],
    "topCategoryName": "Dranken",
    "topCategoryId": "354",
    "businessDomain": "RETAIL_BE",
    "IsPrivateLabel": false,
    "IsBiffe": false,
    "WeightconversionFactor": "0",
    "IsWeightArticle": false,
    "nutriscoreLabel": "D",
    "IsBio": false,
    "CountryOfOrigin": "BELGIË",
    "IsExclusivelySoldInLuxembourg": false,
    "OrderUnit": "P",
    "ShortName": "STAS FRAMBOOS 0.0% 75CL",
    "IsNew": false,
    "EcoscoreLabel": "B",
    "RecentQuanityOfStockUnits": "1,6",
    "LongName": "STASSEN Framboos 0.0% 75cl",
    "FicCode": "E",
    "EcoscoreValue": "66"
  },
  {
    "productId": "332722",
    "technicalArticleNumber": "3806911",
    "commercialArticleNumber": "42133",
    "name": "Immunitea Dragonfruit",
    "brand": "VIT-HIT",
    "seoBrand": "Vit-Hit",
    "thumbNail": "https://static.colruytgroup.com/images/200x200/std.lang.all/43/52/asset-2524352.jpg",
    "fullImage": "https://static.colruytgroup.com/images/500x500/std.lang.all/43/52/asset-2524352.jpg",
    "squareImage": "https://static.colruytgroup.com/images/500x500sq/std.lang.all/43/52/asset-2524352.jpg",
    "content": "50cl",
    "walkRouteSequenceNumber": 4712,
    "price": {
      "basicPrice": 1.99,
      "recommendedQuantity": "1.0",
      "measurementUnitPrice": 3.98,
      "measurementUnit": "L",
      "isRedPrice": false,
      "pricePerUOM": 3.98,
      "activationDate": "15-02-2024",
      "recordSource": "Offline",
      "isPromoActive": "N",
      "priceChangeCode": "E"
    },
    "isAvailable": true,
    "isPriceAvailable": true,
    "inPromo": false,
    "gtin": [
      "05034033000886",
      "05034033001012",
      "05034033000190",
      "15034033000197"
    ],
    "topCategoryName": "Dranken",
    "topCategoryId": "354",
    "businessDomain": "RETAIL_BE",
    "IsPrivateLabel": false,
    "IsBiffe": false,
    "WeightconversionFactor": "0",
    "IsWeightArticle": false,
    "nutriscoreLabel": "C",
    "IsBio": false,
    "CountryOfOrigin": "IERLAND",
    "IsExclusivelySoldInLuxembourg": false,
    "OrderUnit": "P",
    "ShortName": "VITH IMMUNITEA DRAG.50C",
    "InSeason": true,
    "IsNew": false,
    "RecentQuanityOfStockUnits": "1,12",
    "LongName": "VIT-HIT Immunitea Dragonfruit 50cl",
    "AlcoholVolume": "0",
    "StartSeasonDate": "12/12/2018",
    "FicCode": "E"
  },
  {
    "productId": "448920",
    "technicalArticleNumber": "4033495",
    "commercialArticleNumber": "5746",
    "name": "Spiced rum 40%",
    "description": "*Spiced rum\n*Traditionele rum",
    "brand": "MARIE GALANTE",
    "seoBrand": "Marie Galante",
    "thumbNail": "https://static.colruytgroup.com/images/200x200/std.lang.all/77/57/asset-1847757.jpg",
    "fullImage": "https://static.colruytgroup.com/images/500x500/std.lang.all/77/57/asset-1847757.jpg",
    "squareImage": "https://static.colruytgroup.com/images/500x500sq/std.lang.all/77/57/asset-1847757.jpg",
    "content": "70cl",
    "walkRouteSequenceNumber": 822,
    "price": {
      "basicPrice": 20.99,
      "recommendedQuantity": "1.0",
      "measurementUnitPrice": 29.99,
      "measurementUnit": "L",
      "isRedPrice": false,
      "pricePerUOM": 29.99,
      "activationDate": "13-12-2023",
      "isPromoActive": "N",
      "priceChangeCode": "H"
    },
    "isAvailable": true,
    "isPriceAvailable": true,
    "inPromo": false,
    "gtin": [
      "05400141243321",
      "15400141243328"
    ],
    "topCategoryName": "Dranken",
    "topCategoryId": "354",
    "businessDomain": "RETAIL_BE",
    "IsPrivateLabel": true,
    "IsBiffe": false,
    "WeightconversionFactor": "0",
    "IsWeightArticle": false,
    "IsBio": false,
    "CountryOfOrigin": "SWAZILAND",
    "IsExclusivelySoldInLuxembourg": false,
    "OrderUnit": "P",
    "ShortName": "MGAL SPICED RUM 40% 70C",
    "IsNew": false,
    "EcoscoreLabel": "C",
    "RecentQuanityOfStockUnits": "1",
    "LongName": "MARIE GALANTE Spiced rum 40% 70cl",
    "AlcoholVolume": "40",
    "FicCode": "I",
    "EcoscoreValue": "50"
  },
  {
    "productId": "83912",
    "technicalArticleNumber": "2946423",
    "commercialArticleNumber": "23171",
    "name": "Radler citroen 2,0%vol blik",
    "description": "*Pilsbier\n*2 % vol",
    "brand": "MAES",
    "seoBrand": "Maes",
    "thumbNail": "https://static.colruytgroup.com/images/200x200/std.lang.all/67/05/asset-1306705.jpg",
    "fullImage": "https://static.colruytgroup.com/images/500x500/std.lang.all/67/05/asset-1306705.jpg",
    "squareImage": "https://static.colruytgroup.com/images/500x500sq/std.lang.all/67/05/asset-1306705.jpg",
    "content": "33cl",
    "walkRouteSequenceNumber": 3792,
    "price": {
      "basicPrice": 1.44,
      "recommendedQuantity": "6.0",
      "measurementUnitPrice": 4.37,
      "measurementUnit": "L",
      "isRedPrice": false,
      "pricePerUOM": 4.37,
      "activationDate": "19-07-2023",
      "recordSource": "Offline",
      "isPromoActive": "N",
      "priceChangeCode": "E"
    },
    "isAvailable": true,
    "isPriceAvailable": true,
    "inPromo": false,
    "gtin": [
      "05410263915419",
      "05410263915402",
      "05410263915396"
    ],
    "topCategoryName": "Dranken",
    "topCategoryId": "354",
    "businessDomain": "RETAIL_BE",
    "IsPrivateLabel": false,
    "IsBiffe": false,
    "WeightconversionFactor": "0",
    "IsWeightArticle": false,
    "IsBio": false,
    "CountryOfOrigin": "BELGIË",
    "IsExclusivelySoldInLuxembourg": false,
    "OrderUnit": "P",
    "ShortName": "MAES RAD. CIT. BLIK 33C",
    "IsNew": false,
    "EcoscoreLabel": "B",
    "RecentQuanityOfStockUnits": "6,1,24",
    "LongName": "MAES Radler citroen 2,0%vol blik 33cl",
    "AlcoholVolume": "2",
    "FicCode": "E",
    "EcoscoreValue": "67"
  },
  {
    "productId": "61401",
    "technicalArticleNumber": "2759597",
    "commercialArticleNumber": "42650",
    "name": "bier blond 6,6%",
    "description": "*Speciaalbier\n*6,6 % vol",
    "brand": "KWAREMONT",
    "seoBrand": "Kwaremont",
    "thumbNail": "https://static.colruytgroup.com/images/200x200/std.lang.all/79/27/asset-3137927.jpg",
    "fullImage": "https://static.colruytgroup.com/images/500x500/std.lang.all/79/27/asset-3137927.jpg",
    "squareImage": "https://static.colruytgroup.com/images/500x500sq/std.lang.all/79/27/asset-3137927.jpg",
    "content": "6x33cl",
    "walkRouteSequenceNumber": 3724,
    "price": {
      "basicPrice": 7.74,
      "recommendedQuantity": "1.0",
      "quantityPrice": 7.43,
      "quantityPriceQuantity": "3.0",
      "measurementUnitPrice": 3.91,
      "measurementUnitQuantityPrice": 3.76,
      "measurementUnit": "L",
      "isRedPrice": false,
      "pricePerUOM": 3.91,
      "activationDate": "22-03-2024",
      "recordSource": "Offline",
      "isPromoActive": "Y",
      "priceChangeCode": "E",
      "quantityPricePerUOM": 3.76,
      "quantityActivationDate": "22-03-2024",
      "quantityPriceChangeCode": "H"
    },
    "isAvailable": true,
    "isPriceAvailable": true,
    "inPromo": true,
    "promotion": [
      {
        "techPromoId": "100952COLR",
        "promotionId": "100952",
        "promotionType": "3",
        "isPersonalized": "N",
        "publicationStartDate": "13-03-2024",
        "publicationEndDate": "26-03-2024"
      }
    ],
    "gtin": [
      "05400141002812",
      "05411831000957",
      "00875213007180"
    ],
    "topCategoryName": "Dranken",
    "topCategoryId": "354",
    "businessDomain": "RETAIL_BE",
    "IsPrivateLabel": false,
    "IsBiffe": false,
    "WeightconversionFactor": "0",
    "IsWeightArticle": false,
    "IsBio": false,
    "CountryOfOrigin": "BELGIË",
    "IsExclusivelySoldInLuxembourg": false,
    "OrderUnit": "P",
    "ShortName": "KWAR BLOND 6.6% 6X33CL",
    "IsNew": false,
    "EcoscoreLabel": "B",
    "RecentQuanityOfStockUnits": "1",
    "LongName": "KWAREMONT bier blond 6,6% 6x33cl",
    "AlcoholVolume": "6.6",
    "FicCode": "E",
    "DepositValue": [
      0.6
    ],
    "EcoscoreValue": "72"
  },
  {
    "productId": "110906",
    "technicalArticleNumber": "3092337",
    "commercialArticleNumber": "41632",
    "name": "alcoholvrij apertief Bitter",
    "description": "*Bitter\n*Aperitief\n*Alcoholvrij",
    "brand": "FUNNY",
    "seoBrand": "Funny",
    "thumbNail": "https://static.colruytgroup.com/images/200x200/std.lang.all/77/80/asset-3137780.jpg",
    "fullImage": "https://static.colruytgroup.com/images/500x500/std.lang.all/77/80/asset-3137780.jpg",
    "squareImage": "https://static.colruytgroup.com/images/500x500sq/std.lang.all/77/80/asset-3137780.jpg",
    "content": "70cl",
    "walkRouteSequenceNumber": 592,
    "price": {
      "basicPrice": 5.09,
      "recommendedQuantity": "1.0",
      "measurementUnitPrice": 7.28,
      "measurementUnit": "L",
      "isRedPrice": false,
      "pricePerUOM": 7.28,
      "activationDate": "20-02-2024",
      "recordSource": "Offline",
      "isPromoActive": "N",
      "priceChangeCode": "E"
    },
    "isAvailable": true,
    "isPriceAvailable": true,
    "inPromo": false,
    "gtin": [
      "15411353621033",
      "05411353621036"
    ],
    "topCategoryName": "Dranken",
    "topCategoryId": "354",
    "businessDomain": "RETAIL_BE",
    "IsPrivateLabel": false,
    "IsBiffe": false,
    "WeightconversionFactor": "0",
    "IsWeightArticle": false,
    "nutriscoreLabel": "E",
    "IsBio": false,
    "CountryOfOrigin": "BELGIË",
    "IsExclusivelySoldInLuxembourg": false,
    "OrderUnit": "P",
    "ShortName": "FUNNY ALC VRY BITTER70C",
    "IsNew": false,
    "RecentQuanityOfStockUnits": "1",
    "LongName": "FUNNY alcoholvrij apertief Bitter 70cl",
    "AlcoholVolume": "0",
    "FicCode": "E"
  },
  {
    "productId": "338012",
    "technicalArticleNumber": "3740825",
    "commercialArticleNumber": "14490",
    "name": "rum & cola 5% blik",
    "description": "*Ready to drink\n*5 % vol",
    "brand": "BACARDÍ",
    "seoBrand": "Bacardí",
    "thumbNail": "https://static.colruytgroup.com/images/200x200/std.lang.all/24/16/asset-2352416.jpg",
    "fullImage": "https://static.colruytgroup.com/images/500x500/std.lang.all/24/16/asset-2352416.jpg",
    "squareImage": "https://static.colruytgroup.com/images/500x500sq/std.lang.all/24/16/asset-2352416.jpg",
    "content": "25cl",
    "walkRouteSequenceNumber": 792,
    "price": {
      "basicPrice": 1.99,
      "recommendedQuantity": "4.0",
      "measurementUnitPrice": 7.96,
      "measurementUnit": "L",
      "isRedPrice": false,
      "pricePerUOM": 7.96,
      "activationDate": "04-01-2024",
      "recordSource": "Offline",
      "isPromoActive": "N",
      "priceChangeCode": "H"
    },
    "isAvailable": true,
    "isPriceAvailable": true,
    "inPromo": false,
    "gtin": [
      "07610113020067",
      "07610113020012",
      "05010677524698",
      "05010677524704",
      "05010677524728",
      "08710562005314",
      "08710562005307",
      "05410098617014",
      "05010677524735"
    ],
    "topCategoryName": "Dranken",
    "topCategoryId": "354",
    "businessDomain": "RETAIL_BE",
    "IsPrivateLabel": false,
    "IsBiffe": false,
    "WeightconversionFactor": "0",
    "IsWeightArticle": false,
    "IsBio": false,
    "CountryOfOrigin": "DUITSLAND",
    "IsExclusivelySoldInLuxembourg": false,
    "OrderUnit": "P",
    "ShortName": "BACA COLA 5% BLIK 25CL",
    "IsNew": false,
    "EcoscoreLabel": "D",
    "RecentQuanityOfStockUnits": "4,1,24",
    "LongName": "BACARDÍ rum & cola 5% blik 25cl",
    "AlcoholVolume": "5",
    "FicCode": "E",
    "EcoscoreValue": "37"
  },
  {
    "productId": "852001",
    "technicalArticleNumber": "4700178",
    "commercialArticleNumber": "31034",
    "name": "pils 5,2%",
    "description": "*Pils\n*5,2 % vol",
    "brand": "CRISTAL XTRA",
    "seoBrand": "Cristal XTRA",
    "thumbNail": "https://static.colruytgroup.com/images/200x200/std.lang.all/19/23/asset-3141923.jpg",
    "fullImage": "https://static.colruytgroup.com/images/500x500/std.lang.all/19/23/asset-3141923.jpg",
    "squareImage": "https://static.colruytgroup.com/images/500x500sq/std.lang.all/19/23/asset-3141923.jpg",
    "content": "6x25cl",
    "walkRouteSequenceNumber": 3831,
    "price": {
      "basicPrice": 5.76,
      "recommendedQuantity": "1.0",
      "measurementUnitPrice": 3.84,
      "measurementUnit": "L",
      "isRedPrice": false,
      "pricePerUOM": 3.84,
      "activationDate": "28-02-2024",
      "recordSource": "Online",
      "isPromoActive": "N",
      "priceChangeCode": "E"
    },
    "isAvailable": true,
    "isPriceAvailable": true,
    "inPromo": true,
    "promotion": [
      {
        "techPromoId": "100964COLR",
        "promotionId": "100964",
        "promotionType": "3",
        "isPersonalized": "N",
        "publicationStartDate": "13-03-2024",
        "publicationEndDate": "26-03-2024"
      }
    ],
    "gtin": [
      "05410263928273",
      "05410263928266"
    ],
    "topCategoryName": "Dranken",
    "topCategoryId": "354",
    "businessDomain": "RETAIL_BE",
    "IsPrivateLabel": false,
    "IsBiffe": false,
    "WeightconversionFactor": "0",
    "IsWeightArticle": false,
    "IsBio": false,
    "CountryOfOrigin": "BELGIË",
    "IsExclusivelySoldInLuxembourg": false,
    "OrderUnit": "P",
    "ShortName": "CRIS XTRA PILS 6X25CL",
    "IsNew": false,
    "EcoscoreLabel": "B",
    "RecentQuanityOfStockUnits": "1,4",
    "LongName": "CRISTAL XTRA pils 5,2% 6x25cl",
    "AlcoholVolume": "5.2",
    "FicCode": "E",
    "DepositValue": [
      0.6
    ],
    "EcoscoreValue": "68"
  },
  {
    "productId": "324091",
    "technicalArticleNumber": "3781790",
    "commercialArticleNumber": "17205",
    "name": "Quadrupel",
    "description": "*Trappistenbier\n*10,0 % vol",
    "brand": "LA TRAPPE",
    "seoBrand": "La Trappe",
    "thumbNail": "https://static.colruytgroup.com/images/200x200/std.lang.all/35/18/asset-1363518.jpg",
    "fullImage": "https://static.colruytgroup.com/images/500x500/std.lang.all/35/18/asset-1363518.jpg",
    "squareImage": "https://static.colruytgroup.com/images/500x500sq/std.lang.all/35/18/asset-1363518.jpg",
    "content": "6x33cl",
    "walkRouteSequenceNumber": 3615,
    "price": {
      "basicPrice": 10.03,
      "recommendedQuantity": "1.0",
      "measurementUnitPrice": 5.07,
      "measurementUnit": "L",
      "isRedPrice": false,
      "pricePerUOM": 5.07,
      "activationDate": "17-01-2024",
      "recordSource": "Offline",
      "isPromoActive": "N",
      "priceChangeCode": "L"
    },
    "isAvailable": true,
    "isPriceAvailable": true,
    "inPromo": false,
    "gtin": [
      "08711406995495",
      "05400141104653"
    ],
    "topCategoryName": "Dranken",
    "topCategoryId": "354",
    "businessDomain": "RETAIL_BE",
    "IsPrivateLabel": false,
    "IsBiffe": false,
    "WeightconversionFactor": "0",
    "IsWeightArticle": false,
    "IsBio": false,
    "CountryOfOrigin": "NEDERLAND",
    "IsExclusivelySoldInLuxembourg": false,
    "OrderUnit": "P",
    "ShortName": "LA TRAPPE QUADRU 6X33CL",
    "IsNew": false,
    "EcoscoreLabel": "D",
    "RecentQuanityOfStockUnits": "1",
    "LongName": "LA TRAPPE Quadrupel 6x33cl",
    "AlcoholVolume": "10",
    "FicCode": "E",
    "DepositValue": [
      0.6
    ],
    "EcoscoreValue": "37"
  },
  {
    "productId": "696785",
    "technicalArticleNumber": "4426914",
    "commercialArticleNumber": "26063",
    "name": "Energise",
    "brand": "INNOCENT SUPER SMOOTHIE",
    "seoBrand": "Innocent Super Smoothie",
    "thumbNail": "https://ecgproductmw.colruytgroup.com/ecgproductmw/noPicForArticle_2.jpg",
    "fullImage": "https://ecgproductmw.colruytgroup.com/ecgproductmw/noPicForArticle_5.jpg",
    "squareImage": "https://ecgproductmw.colruytgroup.com/ecgproductmw/noPicForArticle_5.jpg",
    "content": "75cl",
    "walkRouteSequenceNumber": 5012,
    "price": {
      "basicPrice": 3.89,
      "recommendedQuantity": "1.0",
      "quantityPrice": 3.73,
      "quantityPriceQuantity": "6.0",
      "measurementUnitPrice": 5.19,
      "measurementUnitQuantityPrice": 4.98,
      "measurementUnit": "L",
      "isRedPrice": false,
      "pricePerUOM": 5.19,
      "activationDate": "22-01-2024",
      "recordSource": "Offline",
      "isPromoActive": "N",
      "priceChangeCode": "E",
      "quantityPricePerUOM": 4.98,
      "quantityActivationDate": "22-01-2024",
      "quantityPriceChangeCode": "H"
    },
    "isAvailable": true,
    "isPriceAvailable": true,
    "inPromo": false,
    "gtin": [
      "05038862239950",
      "05038862233637"
    ],
    "topCategoryName": "Dranken",
    "topCategoryId": "354",
    "businessDomain": "RETAIL_BE",
    "IsPrivateLabel": false,
    "IsBiffe": false,
    "WeightconversionFactor": "0",
    "IsWeightArticle": false,
    "nutriscoreLabel": "C",
    "IsBio": false,
    "CountryOfOrigin": "VERENIGD KONINKRIJK",
    "IsExclusivelySoldInLuxembourg": false,
    "OrderUnit": "P",
    "ShortName": "INNO SUSM ENERGISE 75CL",
    "IsNew": false,
    "EcoscoreLabel": "C",
    "RecentQuanityOfStockUnits": "1",
    "LongName": "INNOCENT SUPER SMOOTHIE Energise 75cl",
    "FicCode": "E",
    "EcoscoreValue": "53"
  },
  {
    "productId": "12492",
    "technicalArticleNumber": "1332602",
    "commercialArticleNumber": "5036",
    "name": "Tafelbier bruin 1,5% bak",
    "description": "*Tafelbier\n*Bruin\n*1,5 % vol",
    "brand": "BONI",
    "seoBrand": "Boni Selection",
    "thumbNail": "https://static.colruytgroup.com/images/200x200/std.lang.all/23/96/asset-3272396.jpg",
    "fullImage": "https://static.colruytgroup.com/images/500x500/std.lang.all/23/96/asset-3272396.jpg",
    "squareImage": "https://static.colruytgroup.com/images/500x500sq/std.lang.all/23/96/asset-3272396.jpg",
    "content": "12x75cl",
    "walkRouteSequenceNumber": 3933,
    "price": {
      "basicPrice": 20.28,
      "recommendedQuantity": "1.0",
      "quantityPrice": 18.66,
      "quantityPriceQuantity": "3.0",
      "measurementUnitPrice": 2.26,
      "measurementUnitQuantityPrice": 2.08,
      "measurementUnit": "L",
      "isRedPrice": false,
      "pricePerUOM": 2.26,
      "activationDate": "09-01-2024",
      "recordSource": "Offline",
      "isPromoActive": "N",
      "priceChangeCode": "H",
      "quantityPricePerUOM": 2.08,
      "quantityActivationDate": "09-01-2024",
      "quantityPriceChangeCode": "H"
    },
    "isAvailable": true,
    "isPriceAvailable": true,
    "inPromo": false,
    "gtin": [
      "05400141079470",
      "05400141050363",
      "05400141451696",
      "05400141664874"
    ],
    "topCategoryName": "Dranken",
    "topCategoryId": "354",
    "businessDomain": "RETAIL_BE",
    "IsPrivateLabel": true,
    "IsBiffe": false,
    "WeightconversionFactor": "0",
    "IsWeightArticle": false,
    "IsBio": false,
    "CountryOfOrigin": "BELGIË",
    "IsExclusivelySoldInLuxembourg": false,
    "OrderUnit": "P",
    "ShortName": "BONI TAFELB.BRUIN12X75C",
    "IsNew": false,
    "EcoscoreLabel": "D",
    "RecentQuanityOfStockUnits": "1,1,1",
    "LongName": "BONI Tafelbier bruin 1,5% bak 12x75cl",
    "AlcoholVolume": "1.5",
    "FicCode": "I",
    "DepositValue": [
      4.5
    ],
    "EcoscoreValue": "37"
  },
  {
    "productId": "881837",
    "technicalArticleNumber": "4739307",
    "commercialArticleNumber": "4643",
    "name": "Zero Very Cherry Cola",
    "brand": "TEISSEIRE",
    "seoBrand": "Teisseire",
    "thumbNail": "https://static.colruytgroup.com/images/200x200/std.lang.all/05/36/asset-3280536.jpg",
    "fullImage": "https://static.colruytgroup.com/images/500x500/std.lang.all/05/36/asset-3280536.jpg",
    "squareImage": "https://static.colruytgroup.com/images/500x500sq/std.lang.all/05/36/asset-3280536.jpg",
    "content": "60cl",
    "walkRouteSequenceNumber": 4028,
    "price": {
      "basicPrice": 5.59,
      "recommendedQuantity": "1.0",
      "measurementUnitPrice": 9.32,
      "measurementUnit": "L",
      "isRedPrice": false,
      "pricePerUOM": 9.32,
      "activationDate": "08-03-2024",
      "isPromoActive": "N",
      "priceChangeCode": "L"
    },
    "isAvailable": true,
    "isPriceAvailable": true,
    "inPromo": false,
    "gtin": [
      "03092718638719",
      "03092718638726"
    ],
    "topCategoryName": "Dranken",
    "topCategoryId": "354",
    "businessDomain": "RETAIL_BE",
    "IsPrivateLabel": false,
    "IsBiffe": false,
    "WeightconversionFactor": "0",
    "IsWeightArticle": false,
    "IsBio": false,
    "CountryOfOrigin": "FRANKRIJK",
    "IsExclusivelySoldInLuxembourg": false,
    "OrderUnit": "P",
    "ShortName": "TEIS ZERO CHERR.COLA60C",
    "IsNew": false,
    "RecentQuanityOfStockUnits": "1",
    "LongName": "TEISSEIRE Zero Very Cherry Cola 60cl",
    "AlcoholVolume": "0",
    "FicCode": "E"
  },
  {
    "productId": "866680",
    "technicalArticleNumber": "4719065",
    "commercialArticleNumber": "8560",
    "name": "Tripel blond 7,2%",
    "description": "*Abdijbier\n*Tripel blond\n*7,2 % vol",
    "brand": "SINT HUBERTUS",
    "seoBrand": "Sint Hubertus",
    "thumbNail": "https://static.colruytgroup.com/images/200x200/std.lang.all/50/76/asset-3195076.jpg",
    "fullImage": "https://static.colruytgroup.com/images/500x500/std.lang.all/50/76/asset-3195076.jpg",
    "squareImage": "https://static.colruytgroup.com/images/500x500sq/std.lang.all/50/76/asset-3195076.jpg",
    "content": "4x33cl",
    "walkRouteSequenceNumber": 3657,
    "price": {
      "basicPrice": 7.92,
      "recommendedQuantity": "1.0",
      "measurementUnitPrice": 6,
      "measurementUnit": "L",
      "isRedPrice": false,
      "pricePerUOM": 6,
      "activationDate": "13-03-2024",
      "recordSource": "Online",
      "isPromoActive": "Y",
      "priceChangeCode": "H"
    },
    "isAvailable": true,
    "isPriceAvailable": true,
    "inPromo": true,
    "promotion": [
      {
        "techPromoId": "100947COLR",
        "promotionId": "100947",
        "promotionType": "3",
        "isPersonalized": "N",
        "publicationStartDate": "13-03-2024",
        "publicationEndDate": "26-03-2024"
      }
    ],
    "gtin": [
      "05413982600000",
      "05400141736021"
    ],
    "topCategoryName": "Dranken",
    "topCategoryId": "354",
    "businessDomain": "RETAIL_BE",
    "IsPrivateLabel": false,
    "IsBiffe": false,
    "WeightconversionFactor": "0",
    "IsWeightArticle": false,
    "IsBio": false,
    "CountryOfOrigin": "BELGIË",
    "IsExclusivelySoldInLuxembourg": false,
    "OrderUnit": "P",
    "ShortName": "STHU TRIPEL BLOND4X33CL",
    "IsNew": false,
    "EcoscoreLabel": "D",
    "RecentQuanityOfStockUnits": "1",
    "LongName": "SINT HUBERTUS Tripel blond 7,2% 4x33cl",
    "AlcoholVolume": "7.2",
    "FicCode": "E",
    "DepositValue": [
      0.8
    ],
    "EcoscoreValue": "37"
  },
  {
    "productId": "881114",
    "technicalArticleNumber": "4738471",
    "commercialArticleNumber": "32383",
    "name": "Peak IPA 0,3% blik",
    "description": "*Alcoholvrij bier\n*IPA",
    "brand": "THRIVE",
    "seoBrand": "Thrive",
    "thumbNail": "https://static.colruytgroup.com/images/200x200/std.lang.all/20/72/asset-3342072.jpg",
    "fullImage": "https://static.colruytgroup.com/images/500x500/std.lang.all/20/72/asset-3342072.jpg",
    "squareImage": "https://static.colruytgroup.com/images/500x500sq/std.lang.all/20/72/asset-3342072.jpg",
    "content": "33cl",
    "walkRouteSequenceNumber": 3864,
    "price": {
      "basicPrice": 2.49,
      "recommendedQuantity": "4.0",
      "measurementUnitPrice": 7.55,
      "measurementUnit": "L",
      "isRedPrice": false,
      "pricePerUOM": 7.55,
      "activationDate": "01-02-2024",
      "recordSource": "Offline",
      "isPromoActive": "N",
      "priceChangeCode": "H"
    },
    "isAvailable": true,
    "isPriceAvailable": true,
    "inPromo": false,
    "gtin": [
      "05419980316615",
      "05419980316653",
      "05419980316660"
    ],
    "topCategoryName": "Dranken",
    "topCategoryId": "354",
    "businessDomain": "RETAIL_BE",
    "IsPrivateLabel": false,
    "IsBiffe": false,
    "WeightconversionFactor": "0",
    "IsWeightArticle": false,
    "IsBio": false,
    "CountryOfOrigin": "BELGIË",
    "IsExclusivelySoldInLuxembourg": false,
    "OrderUnit": "P",
    "ShortName": "THRI PEAK IPA BLIK 33CL",
    "IsNew": false,
    "EcoscoreLabel": "D",
    "RecentQuanityOfStockUnits": "1,4",
    "LongName": "THRIVE Peak IPA 0,3% blik 33cl",
    "AlcoholVolume": "0.3",
    "FicCode": "E",
    "EcoscoreValue": "37"
  },
  {
    "productId": "881831",
    "technicalArticleNumber": "4739301",
    "commercialArticleNumber": "4515",
    "name": "Zero Apple Berrylicious",
    "brand": "TEISSEIRE",
    "seoBrand": "Teisseire",
    "thumbNail": "https://static.colruytgroup.com/images/200x200/std.lang.all/55/37/asset-3335537.jpg",
    "fullImage": "https://static.colruytgroup.com/images/500x500/std.lang.all/55/37/asset-3335537.jpg",
    "squareImage": "https://static.colruytgroup.com/images/500x500sq/std.lang.all/55/37/asset-3335537.jpg",
    "content": "60cl",
    "walkRouteSequenceNumber": 4029,
    "price": {
      "basicPrice": 6.75,
      "recommendedQuantity": "1.0",
      "quantityPrice": 6.21,
      "quantityPriceQuantity": "6.0",
      "measurementUnitPrice": 11.25,
      "measurementUnitQuantityPrice": 10.35,
      "measurementUnit": "L",
      "isRedPrice": false,
      "pricePerUOM": 11.25,
      "activationDate": "08-03-2024",
      "recordSource": "Offline",
      "isPromoActive": "N",
      "priceChangeCode": "H",
      "quantityPricePerUOM": 10.35,
      "quantityActivationDate": "08-03-2024",
      "quantityPriceChangeCode": "H"
    },
    "isAvailable": true,
    "isPriceAvailable": true,
    "inPromo": false,
    "gtin": [
      "03092718638696",
      "03092718638689"
    ],
    "topCategoryName": "Dranken",
    "topCategoryId": "354",
    "businessDomain": "RETAIL_BE",
    "IsPrivateLabel": false,
    "IsBiffe": false,
    "WeightconversionFactor": "0",
    "IsWeightArticle": false,
    "IsBio": false,
    "CountryOfOrigin": "FRANKRIJK",
    "IsExclusivelySoldInLuxembourg": false,
    "OrderUnit": "P",
    "ShortName": "TEIS ZERO APPL-BERRY60C",
    "IsNew": false,
    "RecentQuanityOfStockUnits": "1",
    "LongName": "TEISSEIRE Zero Apple Berrylicious 60cl",
    "AlcoholVolume": "0",
    "FicCode": "E"
  },
  {
    "productId": "778266",
    "technicalArticleNumber": "4571471",
    "commercialArticleNumber": "28510",
    "name": "rouge 8%",
    "description": "*Genietbier",
    "brand": "KWAK",
    "seoBrand": "Kwak",
    "thumbNail": "https://static.colruytgroup.com/images/200x200/std.lang.all/10/85/asset-2761085.jpg",
    "fullImage": "https://static.colruytgroup.com/images/500x500/std.lang.all/10/85/asset-2761085.jpg",
    "squareImage": "https://static.colruytgroup.com/images/500x500sq/std.lang.all/10/85/asset-2761085.jpg",
    "content": "6x33cl",
    "walkRouteSequenceNumber": 3779,
    "price": {
      "basicPrice": 7.74,
      "recommendedQuantity": "1.0",
      "measurementUnitPrice": 3.91,
      "measurementUnit": "L",
      "isRedPrice": false,
      "pricePerUOM": 3.91,
      "activationDate": "21-03-2024",
      "recordSource": "Offline",
      "isPromoActive": "Y",
      "priceChangeCode": "H"
    },
    "isAvailable": true,
    "isPriceAvailable": true,
    "inPromo": true,
    "promotion": [
      {
        "techPromoId": "100935COLR",
        "promotionId": "100935",
        "promotionType": "3",
        "isPersonalized": "N",
        "publicationStartDate": "13-03-2024",
        "publicationEndDate": "26-03-2024"
      }
    ],
    "gtin": [
      "05410228291190",
      "05400141508086"
    ],
    "topCategoryName": "Dranken",
    "topCategoryId": "354",
    "businessDomain": "RETAIL_BE",
    "IsPrivateLabel": false,
    "IsBiffe": false,
    "WeightconversionFactor": "0",
    "IsWeightArticle": false,
    "IsBio": false,
    "CountryOfOrigin": "BELGIË",
    "IsExclusivelySoldInLuxembourg": false,
    "OrderUnit": "P",
    "ShortName": "KWAK ROUGE 8% 6X33CL",
    "InSeason": true,
    "IsNew": false,
    "RecentQuanityOfStockUnits": "1",
    "LongName": "KWAK rouge 8% 6x33cl",
    "AlcoholVolume": "8",
    "StartSeasonDate": "07/12/2023",
    "FicCode": "E",
    "DepositValue": [
      0.6
    ]
  },
  {
    "productId": "907309",
    "technicalArticleNumber": "4758282",
    "commercialArticleNumber": "27920",
    "name": "Blue Hawaï glas",
    "description": "*Bruisende limonade\n*Smaak: tropische\nvruchten",
    "brand": "FREEZ MIX",
    "seoBrand": "Freez Mix",
    "thumbNail": "https://static.colruytgroup.com/images/200x200/std.lang.all/35/60/asset-3313560.jpg",
    "fullImage": "https://static.colruytgroup.com/images/500x500/std.lang.all/35/60/asset-3313560.jpg",
    "squareImage": "https://static.colruytgroup.com/images/500x500sq/std.lang.all/35/60/asset-3313560.jpg",
    "content": "27,5cl",
    "walkRouteSequenceNumber": 4261,
    "price": {
      "basicPrice": 1.45,
      "recommendedQuantity": "1.0",
      "quantityPrice": 1.39,
      "quantityPriceQuantity": "24.0",
      "measurementUnitPrice": 5.28,
      "measurementUnitQuantityPrice": 5.06,
      "measurementUnit": "L",
      "isRedPrice": false,
      "pricePerUOM": 5.28,
      "activationDate": "22-02-2024",
      "isPromoActive": "N",
      "priceChangeCode": "L",
      "quantityPricePerUOM": 5.06,
      "quantityActivationDate": "22-02-2024",
      "quantityPriceChangeCode": "L"
    },
    "isAvailable": true,
    "isPriceAvailable": true,
    "inPromo": false,
    "gtin": [
      "00762571311168",
      "00762571500197",
      "00762571312158"
    ],
    "topCategoryName": "Dranken",
    "topCategoryId": "354",
    "businessDomain": "RETAIL_BE",
    "IsPrivateLabel": false,
    "IsBiffe": false,
    "WeightconversionFactor": "0",
    "IsWeightArticle": false,
    "nutriscoreLabel": "C",
    "IsBio": false,
    "CountryOfOrigin": "LIBANON",
    "IsExclusivelySoldInLuxembourg": false,
    "OrderUnit": "P",
    "ShortName": "FRMI BLUE HAWAI 27.5CL",
    "IsNew": false,
    "RecentQuanityOfStockUnits": "6,1",
    "LongName": "FREEZ MIX Blue Hawaï glas 27,5cl",
    "AlcoholVolume": "0",
    "FicCode": "E"
  },
  {
    "productId": "58449",
    "technicalArticleNumber": "2262316",
    "commercialArticleNumber": "6467",
    "name": "oploskoffie Cappuccino",
    "description": "*Cappuccino\n*Finesse van Arabica\n*Luchtig melkschuim\n*17 porties",
    "brand": "NESCAFÉ GOLD",
    "seoBrand": "Nescafé Gold",
    "thumbNail": "https://static.colruytgroup.com/images/200x200/std.lang.all/41/28/asset-1934128.jpg",
    "fullImage": "https://static.colruytgroup.com/images/500x500/std.lang.all/41/28/asset-1934128.jpg",
    "squareImage": "https://static.colruytgroup.com/images/500x500sq/std.lang.all/41/28/asset-1934128.jpg",
    "content": "250g",
    "walkRouteSequenceNumber": 1164,
    "price": {
      "basicPrice": 8.39,
      "recommendedQuantity": "1.0",
      "measurementUnitPrice": 33.56,
      "measurementUnit": "K",
      "isRedPrice": false,
      "pricePerUOM": 33.56,
      "activationDate": "17-02-2024",
      "recordSource": "Offline",
      "isPromoActive": "N",
      "priceChangeCode": "E"
    },
    "isAvailable": true,
    "isPriceAvailable": true,
    "inPromo": false,
    "gtin": [
      "08000300132793",
      "07613032937218"
    ],
    "topCategoryName": "Dranken",
    "topCategoryId": "354",
    "businessDomain": "RETAIL_BE",
    "IsPrivateLabel": false,
    "IsBiffe": false,
    "WeightconversionFactor": "0",
    "IsWeightArticle": false,
    "nutriscoreLabel": "D",
    "IsBio": false,
    "CountryOfOrigin": "BENIN",
    "IsExclusivelySoldInLuxembourg": false,
    "OrderUnit": "P",
    "ShortName": "NES CAP STAND JAR 250GR",
    "IsNew": false,
    "RecentQuanityOfStockUnits": "1",
    "LongName": "NESCAFÉ GOLD oploskoffie Cappuccino 250g",
    "AlcoholVolume": "0",
    "FicCode": "E"
  },
  {
    "productId": "512175",
    "technicalArticleNumber": "4080325",
    "commercialArticleNumber": "7653",
    "name": "Organicus 8,5% Bio",
    "description": "*Biologisch bier\n*Blond\n*8,5 % vol\n*Lupulus",
    "brand": "LUPULUS",
    "seoBrand": "Lupulus",
    "thumbNail": "https://static.colruytgroup.com/images/200x200/std.lang.all/45/78/asset-2404578.jpg",
    "fullImage": "https://static.colruytgroup.com/images/500x500/std.lang.all/45/78/asset-2404578.jpg",
    "squareImage": "https://static.colruytgroup.com/images/500x500sq/std.lang.all/45/78/asset-2404578.jpg",
    "content": "4x33cl",
    "walkRouteSequenceNumber": 3726,
    "price": {
      "basicPrice": 7.95,
      "recommendedQuantity": "1.0",
      "quantityPrice": 7.63,
      "quantityPriceQuantity": "3.0",
      "measurementUnitPrice": 6.03,
      "measurementUnitQuantityPrice": 5.79,
      "measurementUnit": "L",
      "isRedPrice": false,
      "pricePerUOM": 6.03,
      "activationDate": "19-03-2024",
      "recordSource": "Offline",
      "isPromoActive": "N",
      "priceChangeCode": "H",
      "quantityPricePerUOM": 5.79,
      "quantityActivationDate": "19-03-2024",
      "quantityPriceChangeCode": "H"
    },
    "isAvailable": true,
    "isPriceAvailable": true,
    "inPromo": false,
    "gtin": [
      "05400141432527",
      "05425025122141",
      "05425025122080",
      "05425025122073"
    ],
    "topCategoryName": "Dranken",
    "topCategoryId": "354",
    "businessDomain": "RETAIL_BE",
    "IsPrivateLabel": false,
    "IsBiffe": false,
    "WeightconversionFactor": "0",
    "IsWeightArticle": false,
    "IsBio": true,
    "CountryOfOrigin": "BELGIË",
    "IsExclusivelySoldInLuxembourg": false,
    "OrderUnit": "P",
    "ShortName": "LUPU ORGANICUS 4X33CL",
    "IsNew": false,
    "EcoscoreLabel": "A",
    "RecentQuanityOfStockUnits": "1",
    "LongName": "LUPULUS Organicus 8,5% Bio 4x33cl",
    "AlcoholVolume": "8.5",
    "FicCode": "E",
    "DepositValue": [
      0.4
    ],
    "EcoscoreValue": "82"
  },
  {
    "productId": "557795",
    "technicalArticleNumber": "4193012",
    "commercialArticleNumber": "15214",
    "name": "bier blond 8,5%vol",
    "description": "*Sterk blond bier\n*8,5 % vol",
    "brand": "DUVEL",
    "seoBrand": "Duvel",
    "thumbNail": "https://static.colruytgroup.com/images/200x200/std.lang.all/28/54/asset-2702854.jpg",
    "fullImage": "https://static.colruytgroup.com/images/500x500/std.lang.all/28/54/asset-2702854.jpg",
    "squareImage": "https://static.colruytgroup.com/images/500x500sq/std.lang.all/28/54/asset-2702854.jpg",
    "content": "75cl",
    "walkRouteSequenceNumber": 3591,
    "price": {
      "basicPrice": 4.49,
      "recommendedQuantity": "1.0",
      "measurementUnitPrice": 5.99,
      "measurementUnit": "L",
      "isRedPrice": false,
      "pricePerUOM": 5.99,
      "activationDate": "30-01-2024",
      "recordSource": "Offline",
      "isPromoActive": "N",
      "priceChangeCode": "E"
    },
    "isAvailable": true,
    "isPriceAvailable": true,
    "inPromo": false,
    "gtin": [
      "05411681407487",
      "05411681402673",
      "05411681402635"
    ],
    "topCategoryName": "Dranken",
    "topCategoryId": "354",
    "businessDomain": "RETAIL_BE",
    "IsPrivateLabel": false,
    "IsBiffe": false,
    "WeightconversionFactor": "0",
    "IsWeightArticle": false,
    "IsBio": false,
    "CountryOfOrigin": "BELGIË",
    "IsExclusivelySoldInLuxembourg": false,
    "OrderUnit": "P",
    "ShortName": "DUVE 8.5% 75CL",
    "InSeason": true,
    "IsNew": false,
    "EcoscoreLabel": "D",
    "RecentQuanityOfStockUnits": "1,6",
    "LongName": "DUVEL bier blond 8,5%vol 75cl",
    "AlcoholVolume": "8.5",
    "StartSeasonDate": "02/04/2020",
    "FicCode": "E",
    "EcoscoreValue": "37"
  },
  {
    "productId": "799429",
    "technicalArticleNumber": "4612772",
    "commercialArticleNumber": "10103",
    "name": "Zero framboos-granaatappel",
    "description": "*Vitamine drink\n*Niet-bruisend\n*Framboos-\ngranaatappel\n*Met zoetstoffen",
    "brand": "FNK PRO",
    "seoBrand": "FNK Pro",
    "thumbNail": "https://static.colruytgroup.com/images/200x200/std.lang.all/97/27/asset-2869727.jpg",
    "fullImage": "https://static.colruytgroup.com/images/500x500/std.lang.all/97/27/asset-2869727.jpg",
    "squareImage": "https://static.colruytgroup.com/images/500x500sq/std.lang.all/97/27/asset-2869727.jpg",
    "content": "50cl",
    "walkRouteSequenceNumber": 4709,
    "price": {
      "basicPrice": 0.99,
      "recommendedQuantity": "1.0",
      "quantityPrice": 0.91,
      "quantityPriceQuantity": "6.0",
      "measurementUnitPrice": 1.98,
      "measurementUnitQuantityPrice": 1.82,
      "measurementUnit": "L",
      "isRedPrice": false,
      "pricePerUOM": 1.98,
      "activationDate": "22-06-2023",
      "isPromoActive": "N",
      "priceChangeCode": "E",
      "quantityPricePerUOM": 1.82,
      "quantityActivationDate": "22-06-2023",
      "quantityPriceChangeCode": "E"
    },
    "isAvailable": true,
    "isPriceAvailable": true,
    "inPromo": false,
    "gtin": [
      "08719075630693",
      "08717399841689"
    ],
    "topCategoryName": "Dranken",
    "topCategoryId": "354",
    "businessDomain": "RETAIL_BE",
    "IsPrivateLabel": false,
    "IsBiffe": false,
    "WeightconversionFactor": "0",
    "IsWeightArticle": false,
    "IsBio": false,
    "CountryOfOrigin": "DUITSLAND",
    "IsExclusivelySoldInLuxembourg": false,
    "OrderUnit": "P",
    "ShortName": "FNKP ZERO FRAM-GRANA50C",
    "IsNew": false,
    "RecentQuanityOfStockUnits": "1,6",
    "LongName": "FNK PRO Zero framboos-granaatappel 50cl",
    "FicCode": "E"
  },
  {
    "productId": "648015",
    "technicalArticleNumber": "4345563",
    "commercialArticleNumber": "19318",
    "name": "Gin&Tonic 6,5% blik",
    "description": "*Ready to drink\n*Kant- en klaar\n*6,5 % vol",
    "brand": "BOMBAY SAPPHIRE",
    "seoBrand": "Bombay Sapphire",
    "thumbNail": "https://static.colruytgroup.com/images/200x200/std.lang.all/61/50/asset-2776150.jpg",
    "fullImage": "https://static.colruytgroup.com/images/500x500/std.lang.all/61/50/asset-2776150.jpg",
    "squareImage": "https://static.colruytgroup.com/images/500x500sq/std.lang.all/61/50/asset-2776150.jpg",
    "content": "25cl",
    "walkRouteSequenceNumber": 789,
    "price": {
      "basicPrice": 2.25,
      "recommendedQuantity": "1.0",
      "measurementUnitPrice": 9,
      "measurementUnit": "L",
      "isRedPrice": false,
      "pricePerUOM": 9,
      "activationDate": "12-03-2024",
      "recordSource": "Offline",
      "isPromoActive": "N",
      "priceChangeCode": "E"
    },
    "isAvailable": true,
    "isPriceAvailable": true,
    "inPromo": false,
    "gtin": [
      "07640175742454",
      "07640175742461",
      "07640175744571",
      "07640175744588"
    ],
    "topCategoryName": "Dranken",
    "topCategoryId": "354",
    "businessDomain": "RETAIL_BE",
    "IsPrivateLabel": false,
    "IsBiffe": false,
    "WeightconversionFactor": "0",
    "IsWeightArticle": false,
    "IsBio": false,
    "CountryOfOrigin": "BELGIË",
    "IsExclusivelySoldInLuxembourg": false,
    "OrderUnit": "P",
    "ShortName": "BOMB SAPP GIN&TONIC25CL",
    "InSeason": true,
    "IsNew": false,
    "EcoscoreLabel": "D",
    "RecentQuanityOfStockUnits": "1,4,24,12",
    "LongName": "BOMBAY SAPPHIRE Gin&Tonic 6,5% blik 25cl",
    "AlcoholVolume": "6.5",
    "StartSeasonDate": "11/10/2021",
    "FicCode": "E",
    "EcoscoreValue": "38"
  },
  {
    "productId": "467987",
    "technicalArticleNumber": "4063473",
    "commercialArticleNumber": "7082",
    "name": "Flandrien 6.4%vol",
    "description": "*sterk blond bier\n*6.4% vol",
    "brand": "SUPER 8",
    "seoBrand": "Super 8",
    "thumbNail": "https://static.colruytgroup.com/images/200x200/std.lang.all/89/10/asset-1718910.jpg",
    "fullImage": "https://static.colruytgroup.com/images/500x500/std.lang.all/89/10/asset-1718910.jpg",
    "squareImage": "https://static.colruytgroup.com/images/500x500sq/std.lang.all/89/10/asset-1718910.jpg",
    "content": "4x33cl",
    "walkRouteSequenceNumber": 3731,
    "price": {
      "basicPrice": 6.6,
      "recommendedQuantity": "1.0",
      "quantityPrice": 6.34,
      "quantityPriceQuantity": "3.0",
      "measurementUnitPrice": 5,
      "measurementUnitQuantityPrice": 4.81,
      "measurementUnit": "L",
      "isRedPrice": false,
      "pricePerUOM": 5,
      "activationDate": "13-03-2024",
      "recordSource": "Online",
      "isPromoActive": "N",
      "priceChangeCode": "H",
      "quantityPricePerUOM": 4.81,
      "quantityActivationDate": "13-03-2024",
      "quantityPriceChangeCode": "H"
    },
    "isAvailable": true,
    "isPriceAvailable": true,
    "inPromo": false,
    "gtin": [
      "05410971131026",
      "05410971037021",
      "05410971237025"
    ],
    "topCategoryName": "Dranken",
    "topCategoryId": "354",
    "businessDomain": "RETAIL_BE",
    "IsPrivateLabel": false,
    "IsBiffe": false,
    "WeightconversionFactor": "0",
    "IsWeightArticle": false,
    "IsBio": false,
    "CountryOfOrigin": "BELGIË",
    "IsExclusivelySoldInLuxembourg": false,
    "OrderUnit": "P",
    "ShortName": "SUP8 FLANDRIEN 4X33CL",
    "IsNew": false,
    "EcoscoreLabel": "D",
    "RecentQuanityOfStockUnits": "1",
    "LongName": "SUPER 8 Flandrien 6.4%vol 4x33cl",
    "AlcoholVolume": "6.4",
    "FicCode": "E",
    "DepositValue": [
      0.4
    ],
    "EcoscoreValue": "37"
  },
  {
    "productId": "848934",
    "technicalArticleNumber": "4696283",
    "commercialArticleNumber": "30741",
    "name": "Bellini Alcohol Free",
    "description": "*Aperitief\n*Alcoholvrij",
    "brand": "NIGHT ORIENT",
    "seoBrand": "Night Orient",
    "thumbNail": "https://static.colruytgroup.com/images/200x200/std.lang.all/88/60/asset-3268860.jpg",
    "fullImage": "https://static.colruytgroup.com/images/500x500/std.lang.all/88/60/asset-3268860.jpg",
    "squareImage": "https://static.colruytgroup.com/images/500x500sq/std.lang.all/88/60/asset-3268860.jpg",
    "content": "75cl",
    "walkRouteSequenceNumber": 613,
    "price": {
      "basicPrice": 4.99,
      "recommendedQuantity": "1.0",
      "measurementUnitPrice": 6.66,
      "measurementUnit": "L",
      "isRedPrice": false,
      "pricePerUOM": 6.66,
      "activationDate": "22-03-2024",
      "recordSource": "Offline",
      "isPromoActive": "N",
      "priceChangeCode": "L"
    },
    "isAvailable": true,
    "isPriceAvailable": true,
    "inPromo": false,
    "gtin": [
      "05425030341223",
      "05425030341230"
    ],
    "topCategoryName": "Dranken",
    "topCategoryId": "354",
    "businessDomain": "RETAIL_BE",
    "IsPrivateLabel": false,
    "IsBiffe": false,
    "WeightconversionFactor": "0",
    "IsWeightArticle": false,
    "nutriscoreLabel": "E",
    "IsBio": false,
    "CountryOfOrigin": "BELGIË",
    "IsExclusivelySoldInLuxembourg": false,
    "OrderUnit": "P",
    "ShortName": "NIOR BELLINI 0% 75CL",
    "IsNew": false,
    "RecentQuanityOfStockUnits": "1",
    "LongName": "NIGHT ORIENT Bellini Alcohol Free 75cl",
    "AlcoholVolume": "0",
    "FicCode": "E"
  },
  {
    "productId": "14498",
    "technicalArticleNumber": "1590786",
    "commercialArticleNumber": "5027",
    "name": "abdijbier blond 6,3%",
    "description": "*Abdijbier\n*6,3 % vol",
    "brand": "FLOREFFE",
    "seoBrand": "Floreffe",
    "thumbNail": "https://static.colruytgroup.com/images/200x200/std.lang.all/26/87/asset-1932687.jpg",
    "fullImage": "https://static.colruytgroup.com/images/500x500/std.lang.all/26/87/asset-1932687.jpg",
    "squareImage": "https://static.colruytgroup.com/images/500x500sq/std.lang.all/26/87/asset-1932687.jpg",
    "content": "6x33cl",
    "walkRouteSequenceNumber": 3608,
    "price": {
      "basicPrice": 6.3,
      "recommendedQuantity": "1.0",
      "quantityPrice": 6.05,
      "quantityPriceQuantity": "3.0",
      "measurementUnitPrice": 3.19,
      "measurementUnitQuantityPrice": 3.06,
      "measurementUnit": "L",
      "isRedPrice": false,
      "pricePerUOM": 3.19,
      "activationDate": "13-01-2024",
      "recordSource": "Online",
      "isPromoActive": "N",
      "priceChangeCode": "H",
      "quantityPricePerUOM": 3.06,
      "quantityActivationDate": "13-01-2024",
      "quantityPriceChangeCode": "H"
    },
    "isAvailable": true,
    "isPriceAvailable": true,
    "inPromo": false,
    "gtin": [
      "05400141050271",
      "05400141080445",
      "05411276200325",
      "00000025050271"
    ],
    "topCategoryName": "Dranken",
    "topCategoryId": "354",
    "businessDomain": "RETAIL_BE",
    "IsPrivateLabel": false,
    "IsBiffe": false,
    "WeightconversionFactor": "0",
    "IsWeightArticle": false,
    "IsBio": false,
    "CountryOfOrigin": "BELGIË",
    "IsExclusivelySoldInLuxembourg": false,
    "OrderUnit": "P",
    "ShortName": "FLOR BLOND 6.3% 6X33CL",
    "IsNew": false,
    "EcoscoreLabel": "D",
    "RecentQuanityOfStockUnits": "1,1",
    "LongName": "FLOREFFE abdijbier blond 6,3% 6x33cl",
    "AlcoholVolume": "6.3",
    "FicCode": "I",
    "DepositValue": [
      2.4
    ],
    "EcoscoreValue": "37"
  },
  {
    "productId": "117847",
    "technicalArticleNumber": "3054340",
    "commercialArticleNumber": "26508",
    "name": "Tennessee Honey 35%",
    "description": "*Tennessee blended\nwhisky\n*USA",
    "brand": "JACK DANIEL'S",
    "seoBrand": "Jack Daniel's",
    "thumbNail": "https://static.colruytgroup.com/images/200x200/std.lang.all/54/33/asset-365433.jpg",
    "fullImage": "https://static.colruytgroup.com/images/500x500/std.lang.all/54/33/asset-365433.jpg",
    "squareImage": "https://static.colruytgroup.com/images/500x500sq/std.lang.all/54/33/asset-365433.jpg",
    "content": "70cl",
    "walkRouteSequenceNumber": 984,
    "price": {
      "basicPrice": 27.99,
      "recommendedQuantity": "1.0",
      "measurementUnitPrice": 39.99,
      "measurementUnit": "L",
      "isRedPrice": false,
      "pricePerUOM": 39.99,
      "activationDate": "21-02-2024",
      "recordSource": "Offline",
      "isPromoActive": "N",
      "priceChangeCode": "L"
    },
    "isAvailable": true,
    "isPriceAvailable": true,
    "inPromo": false,
    "gtin": [
      "05099873126646",
      "05099873226643",
      "05099873216156",
      "05099873124574",
      "05099873101384",
      "05099873001370",
      "15099873113551",
      "05099873126950",
      "05099873226957",
      "05099873213551"
    ],
    "topCategoryName": "Dranken",
    "topCategoryId": "354",
    "businessDomain": "RETAIL_BE",
    "IsPrivateLabel": false,
    "IsBiffe": false,
    "WeightconversionFactor": "0",
    "IsWeightArticle": false,
    "IsBio": false,
    "CountryOfOrigin": "VERENIGDE STATEN VAN AMERIKA",
    "IsExclusivelySoldInLuxembourg": false,
    "OrderUnit": "P",
    "ShortName": "JADA HONEY 35% 70CL",
    "InSeason": true,
    "IsNew": false,
    "EcoscoreLabel": "D",
    "RecentQuanityOfStockUnits": "6,1,1",
    "LongName": "JACK DANIEL'S Tennessee Honey 35% 70cl",
    "AlcoholVolume": "35",
    "StartSeasonDate": "31/12/2021",
    "FicCode": "E",
    "EcoscoreValue": "38"
  },
  {
    "productId": "420",
    "technicalArticleNumber": "5085",
    "commercialArticleNumber": "5085",
    "name": "abdijbier bruin 6,5% bak",
    "description": "*Abdijbier\n*6,5 % vol",
    "brand": "LEFFE",
    "seoBrand": "Leffe",
    "thumbNail": "https://static.colruytgroup.com/images/200x200/std.lang.all/07/76/asset-3220776.jpg",
    "fullImage": "https://static.colruytgroup.com/images/500x500/std.lang.all/07/76/asset-3220776.jpg",
    "squareImage": "https://static.colruytgroup.com/images/500x500sq/std.lang.all/07/76/asset-3220776.jpg",
    "content": "24x33cl",
    "walkRouteSequenceNumber": 3977,
    "price": {
      "basicPrice": 27.99,
      "recommendedQuantity": "1.0",
      "measurementUnitPrice": 3.54,
      "measurementUnit": "L",
      "isRedPrice": false,
      "pricePerUOM": 3.54,
      "activationDate": "23-03-2024",
      "recordSource": "Offline",
      "isPromoActive": "N",
      "priceChangeCode": "L"
    },
    "isAvailable": true,
    "isPriceAvailable": true,
    "inPromo": false,
    "gtin": [
      "05410228142164",
      "05410228146162",
      "05410228208396",
      "05410228852841"
    ],
    "topCategoryName": "Dranken",
    "topCategoryId": "354",
    "businessDomain": "RETAIL_BE",
    "IsPrivateLabel": false,
    "IsBiffe": false,
    "WeightconversionFactor": "0",
    "IsWeightArticle": false,
    "IsBio": false,
    "CountryOfOrigin": "BELGIË",
    "IsExclusivelySoldInLuxembourg": false,
    "OrderUnit": "P",
    "ShortName": "LEFFE BRUIN 33CLX24",
    "IsNew": false,
    "RecentQuanityOfStockUnits": "1,1",
    "LongName": "LEFFE abdijbier bruin 6,5% bak 24x33cl",
    "AlcoholVolume": "6.5",
    "FicCode": "I",
    "DepositValue": [
      4.5
    ]
  },
  {
    "productId": "384767",
    "technicalArticleNumber": "3841945",
    "commercialArticleNumber": "51278",
    "name": "Bonen Moka RFA",
    "description": "*Sterkte: intense\nkoffie\n*Smaak: karaktervol\npittig\n*Koffiebonen",
    "brand": "GRAINDOR",
    "seoBrand": "Graindor",
    "thumbNail": "https://static.colruytgroup.com/images/200x200/std.lang.all/58/13/asset-2125813.jpg",
    "fullImage": "https://static.colruytgroup.com/images/500x500/std.lang.all/58/13/asset-2125813.jpg",
    "squareImage": "https://static.colruytgroup.com/images/500x500sq/std.lang.all/58/13/asset-2125813.jpg",
    "content": "2,5kg",
    "walkRouteSequenceNumber": 1007,
    "price": {
      "basicPrice": 29.9,
      "recommendedQuantity": "1.0",
      "quantityPrice": 27.51,
      "quantityPriceQuantity": "3.0",
      "measurementUnitPrice": 11.96,
      "measurementUnitQuantityPrice": 11.01,
      "measurementUnit": "K",
      "isRedPrice": false,
      "pricePerUOM": 11.96,
      "activationDate": "05-08-2023",
      "isPromoActive": "N",
      "priceChangeCode": "H",
      "quantityPricePerUOM": 11.01,
      "quantityActivationDate": "05-08-2023",
      "quantityPriceChangeCode": "L"
    },
    "isAvailable": true,
    "isPriceAvailable": true,
    "inPromo": false,
    "gtin": [
      "05400141206357",
      "15400141206354"
    ],
    "topCategoryName": "Dranken",
    "topCategoryId": "354",
    "businessDomain": "RETAIL_BE",
    "IsPrivateLabel": true,
    "IsBiffe": false,
    "WeightconversionFactor": "0",
    "IsWeightArticle": false,
    "nutriscoreLabel": "B",
    "IsBio": false,
    "CountryOfOrigin": "BELGIË",
    "IsExclusivelySoldInLuxembourg": false,
    "OrderUnit": "P",
    "ShortName": "HC GRAI BON.MOKKA 2.5KG",
    "IsNew": false,
    "EcoscoreLabel": "C",
    "RecentQuanityOfStockUnits": "4,1",
    "LongName": "GRAINDOR Bonen Moka RFA 2,5kg",
    "AlcoholVolume": "0",
    "FicCode": "I",
    "EcoscoreValue": "50"
  },
  {
    "productId": "584",
    "technicalArticleNumber": "5598",
    "commercialArticleNumber": "5598",
    "name": "halfvolle melk HDPE",
    "description": "*Halfvolle melk\n*België\n*Met toegevoegde\nvitamines",
    "brand": "LACTEL NR1",
    "seoBrand": "Lactel",
    "thumbNail": "https://static.colruytgroup.com/images/200x200/std.lang.all/50/50/asset-1345050.jpg",
    "fullImage": "https://static.colruytgroup.com/images/500x500/std.lang.all/50/50/asset-1345050.jpg",
    "squareImage": "https://static.colruytgroup.com/images/500x500sq/std.lang.all/50/50/asset-1345050.jpg",
    "content": "1L",
    "walkRouteSequenceNumber": 6270,
    "price": {
      "basicPrice": 2.28,
      "recommendedQuantity": "1.0",
      "measurementUnitPrice": 2.28,
      "measurementUnit": "L",
      "isRedPrice": false,
      "pricePerUOM": 2.28,
      "activationDate": "12-03-2024",
      "recordSource": "Offline",
      "isPromoActive": "N",
      "priceChangeCode": "E"
    },
    "isAvailable": true,
    "isPriceAvailable": true,
    "inPromo": false,
    "gtin": [
      "03428273080036",
      "03428273080043"
    ],
    "topCategoryName": "Zuivel",
    "topCategoryId": "65",
    "businessDomain": "RETAIL_BE",
    "IsPrivateLabel": false,
    "IsBiffe": false,
    "WeightconversionFactor": "0",
    "IsWeightArticle": false,
    "nutriscoreLabel": "E",
    "IsBio": false,
    "CountryOfOrigin": "BELGIË",
    "IsExclusivelySoldInLuxembourg": false,
    "OrderUnit": "P",
    "ShortName": "LACTEL N1 HV MELK 1L",
    "IsNew": false,
    "EcoscoreLabel": "D",
    "RecentQuanityOfStockUnits": "1,6",
    "LongName": "LACTEL NR1 halfvolle melk HDPE 1L",
    "AlcoholVolume": "0",
    "FicCode": "E",
    "EcoscoreValue": "36"
  },
  {
    "productId": "1352",
    "technicalArticleNumber": "18612",
    "commercialArticleNumber": "18612",
    "name": "Old Fine 30%",
    "description": "*Brandy\n*Digestief\n*30,0 % vol",
    "brand": "DOMAINE DU VIEUX COUVENT",
    "seoBrand": "Domaine Du Vieux Couvent",
    "thumbNail": "https://static.colruytgroup.com/images/200x200/std.lang.all/84/34/asset-348434.jpg",
    "fullImage": "https://static.colruytgroup.com/images/500x500/std.lang.all/84/34/asset-348434.jpg",
    "squareImage": "https://static.colruytgroup.com/images/500x500sq/std.lang.all/84/34/asset-348434.jpg",
    "content": "1L",
    "walkRouteSequenceNumber": 1000,
    "price": {
      "basicPrice": 20.75,
      "recommendedQuantity": "1.0",
      "measurementUnitPrice": 20.75,
      "measurementUnit": "L",
      "isRedPrice": false,
      "pricePerUOM": 20.75,
      "activationDate": "12-03-2024",
      "recordSource": "Online",
      "isPromoActive": "N",
      "priceChangeCode": "H"
    },
    "isAvailable": true,
    "isPriceAvailable": true,
    "inPromo": false,
    "gtin": [
      "15410293008249",
      "05410293008211"
    ],
    "topCategoryName": "Dranken",
    "topCategoryId": "354",
    "businessDomain": "RETAIL_BE",
    "IsPrivateLabel": false,
    "IsBiffe": false,
    "WeightconversionFactor": "0",
    "IsWeightArticle": false,
    "IsBio": false,
    "CountryOfOrigin": "BELGIË",
    "IsExclusivelySoldInLuxembourg": false,
    "OrderUnit": "P",
    "ShortName": "DOM.V.COUVENT 30% 1L",
    "IsNew": false,
    "EcoscoreLabel": "D",
    "RecentQuanityOfStockUnits": "1",
    "LongName": "DOMAINE DU VIEUX COUVENT Old Fine 30% 1L",
    "AlcoholVolume": "30",
    "FicCode": "E",
    "EcoscoreValue": "38"
  },
  {
    "productId": "20611",
    "technicalArticleNumber": "2227277",
    "commercialArticleNumber": "4256",
    "name": "London Dry Gin & Tonic",
    "description": "*Ready to serve\n*Kant- en klaar\n*6,4 % vol",
    "brand": "GORDON'S",
    "seoBrand": "Gordon's",
    "thumbNail": "https://static.colruytgroup.com/images/200x200/std.lang.all/88/17/asset-1508817.jpg",
    "fullImage": "https://static.colruytgroup.com/images/500x500/std.lang.all/88/17/asset-1508817.jpg",
    "squareImage": "https://static.colruytgroup.com/images/500x500sq/std.lang.all/88/17/asset-1508817.jpg",
    "content": "25cl",
    "walkRouteSequenceNumber": 790,
    "price": {
      "basicPrice": 2.19,
      "recommendedQuantity": "4.0",
      "measurementUnitPrice": 8.76,
      "measurementUnit": "L",
      "isRedPrice": false,
      "pricePerUOM": 8.76,
      "activationDate": "04-01-2024",
      "recordSource": "Offline",
      "isPromoActive": "N",
      "priceChangeCode": "H"
    },
    "isAvailable": true,
    "isPriceAvailable": true,
    "inPromo": false,
    "gtin": [
      "08711300999681",
      "08711300999667",
      "08711300999902",
      "05000289925051",
      "05000289928526",
      "08711300999674",
      "05000289928496"
    ],
    "topCategoryName": "Dranken",
    "topCategoryId": "354",
    "businessDomain": "RETAIL_BE",
    "IsPrivateLabel": false,
    "IsBiffe": false,
    "WeightconversionFactor": "0",
    "IsWeightArticle": false,
    "IsBio": false,
    "CountryOfOrigin": "ITALIË",
    "IsExclusivelySoldInLuxembourg": false,
    "OrderUnit": "P",
    "ShortName": "GORD GIN&TONIC BLIK25CL",
    "IsNew": false,
    "EcoscoreLabel": "C",
    "RecentQuanityOfStockUnits": "24,4,1,4,1",
    "LongName": "GORDON'S London Dry Gin & Tonic 25cl",
    "AlcoholVolume": "6.4",
    "FicCode": "E",
    "EcoscoreValue": "50"
  },
  {
    "productId": "1299",
    "technicalArticleNumber": "19130",
    "commercialArticleNumber": "19130",
    "name": "advokaat 14,0%vol bokaal",
    "description": "*Likeur\n*14,0 % vol",
    "brand": "FILLIERS",
    "seoBrand": "Filliers",
    "thumbNail": "https://static.colruytgroup.com/images/200x200/std.lang.all/95/37/asset-2319537.jpg",
    "fullImage": "https://static.colruytgroup.com/images/500x500/std.lang.all/95/37/asset-2319537.jpg",
    "squareImage": "https://static.colruytgroup.com/images/500x500sq/std.lang.all/95/37/asset-2319537.jpg",
    "content": "70cl",
    "walkRouteSequenceNumber": 913,
    "price": {
      "basicPrice": 13.5,
      "recommendedQuantity": "1.0",
      "measurementUnitPrice": 19.29,
      "measurementUnit": "L",
      "isRedPrice": false,
      "pricePerUOM": 19.29,
      "activationDate": "16-03-2024",
      "recordSource": "Online",
      "isPromoActive": "N",
      "priceChangeCode": "L"
    },
    "isAvailable": true,
    "isPriceAvailable": true,
    "inPromo": false,
    "gtin": [
      "05412166120754",
      "05412166120761"
    ],
    "topCategoryName": "Dranken",
    "topCategoryId": "354",
    "businessDomain": "RETAIL_BE",
    "IsPrivateLabel": false,
    "IsBiffe": false,
    "WeightconversionFactor": "0",
    "IsWeightArticle": false,
    "IsBio": false,
    "CountryOfOrigin": "BELGIË",
    "IsExclusivelySoldInLuxembourg": false,
    "OrderUnit": "P",
    "ShortName": "FILL ADVOK BOKAAL 70CL",
    "IsNew": false,
    "EcoscoreLabel": "C",
    "RecentQuanityOfStockUnits": "1",
    "LongName": "FILLIERS advokaat 14,0%vol bokaal 70cl",
    "AlcoholVolume": "14",
    "FicCode": "E",
    "EcoscoreValue": "53"
  },
  {
    "productId": "552165",
    "technicalArticleNumber": "4183950",
    "commercialArticleNumber": "12915",
    "name": "Orange & Carrot",
    "description": "*Fruitsap\n*Smaak: sinaas,\nwortel",
    "brand": "INNOCENT",
    "seoBrand": "Innocent",
    "thumbNail": "https://static.colruytgroup.com/images/200x200/std.lang.all/35/69/asset-3313569.jpg",
    "fullImage": "https://static.colruytgroup.com/images/500x500/std.lang.all/35/69/asset-3313569.jpg",
    "squareImage": "https://static.colruytgroup.com/images/500x500sq/std.lang.all/35/69/asset-3313569.jpg",
    "content": "90cl",
    "walkRouteSequenceNumber": 5048,
    "price": {
      "basicPrice": 3.49,
      "recommendedQuantity": "1.0",
      "quantityPrice": 3.35,
      "quantityPriceQuantity": "6.0",
      "measurementUnitPrice": 3.88,
      "measurementUnitQuantityPrice": 3.73,
      "measurementUnit": "L",
      "isRedPrice": false,
      "pricePerUOM": 3.88,
      "activationDate": "21-03-2024",
      "recordSource": "Offline",
      "isPromoActive": "N",
      "priceChangeCode": "E",
      "quantityPricePerUOM": 3.73,
      "quantityActivationDate": "21-03-2024",
      "quantityPriceChangeCode": "H"
    },
    "isAvailable": true,
    "isPriceAvailable": true,
    "inPromo": false,
    "gtin": [
      "05038862130271",
      "05038862139199",
      "05038862132893",
      "05038862132312"
    ],
    "topCategoryName": "Dranken",
    "topCategoryId": "354",
    "businessDomain": "RETAIL_BE",
    "IsPrivateLabel": false,
    "IsBiffe": false,
    "WeightconversionFactor": "0",
    "IsWeightArticle": false,
    "nutriscoreLabel": "C",
    "IsBio": false,
    "CountryOfOrigin": "VERENIGD KONINKRIJK",
    "IsExclusivelySoldInLuxembourg": false,
    "OrderUnit": "P",
    "ShortName": "INNO ORANGE-CARROT 90CL",
    "IsNew": false,
    "EcoscoreLabel": "C",
    "RecentQuanityOfStockUnits": "1",
    "LongName": "INNOCENT Orange & Carrot 90cl",
    "FicCode": "E",
    "EcoscoreValue": "55"
  },
  {
    "productId": "87061",
    "technicalArticleNumber": "3022578",
    "commercialArticleNumber": "19912",
    "name": "bier blond 8%",
    "description": "*Speciaalbier\n*8 % vol",
    "brand": "BARBAR",
    "seoBrand": "Barbar",
    "thumbNail": "https://static.colruytgroup.com/images/200x200/std.lang.all/49/48/asset-1794948.jpg",
    "fullImage": "https://static.colruytgroup.com/images/500x500/std.lang.all/49/48/asset-1794948.jpg",
    "squareImage": "https://static.colruytgroup.com/images/500x500sq/std.lang.all/49/48/asset-1794948.jpg",
    "content": "6x33cl",
    "walkRouteSequenceNumber": 3668,
    "price": {
      "basicPrice": 10.5,
      "recommendedQuantity": "1.0",
      "quantityPrice": 9.66,
      "quantityPriceQuantity": "3.0",
      "measurementUnitPrice": 5.31,
      "measurementUnitQuantityPrice": 4.88,
      "measurementUnit": "L",
      "isRedPrice": false,
      "pricePerUOM": 5.31,
      "activationDate": "17-01-2024",
      "recordSource": "Offline",
      "isPromoActive": "N",
      "priceChangeCode": "E",
      "quantityPricePerUOM": 4.88,
      "quantityActivationDate": "17-01-2024",
      "quantityPriceChangeCode": "L"
    },
    "isAvailable": true,
    "isPriceAvailable": true,
    "inPromo": false,
    "gtin": [
      "05400141084306",
      "05411676100812"
    ],
    "topCategoryName": "Dranken",
    "topCategoryId": "354",
    "businessDomain": "RETAIL_BE",
    "IsPrivateLabel": false,
    "IsBiffe": false,
    "WeightconversionFactor": "0",
    "IsWeightArticle": false,
    "IsBio": false,
    "CountryOfOrigin": "BELGIË",
    "IsExclusivelySoldInLuxembourg": false,
    "OrderUnit": "P",
    "ShortName": "BARBAR 6X33CL",
    "IsNew": false,
    "EcoscoreLabel": "D",
    "RecentQuanityOfStockUnits": "1",
    "LongName": "BARBAR bier blond 8% 6x33cl",
    "AlcoholVolume": "8",
    "FicCode": "E",
    "DepositValue": [
      2.4
    ],
    "EcoscoreValue": "37"
  },
  {
    "productId": "25543",
    "technicalArticleNumber": "1958440",
    "commercialArticleNumber": "22011",
    "name": "Pads Kachalù Colombia RFA",
    "description": "*Zachte koffie\n*Fijne aciditeit\n*Colombia\n*Pads",
    "brand": "BONI BIO",
    "seoBrand": "Boni Selection Bio",
    "thumbNail": "https://static.colruytgroup.com/images/200x200/std.lang.all/86/24/asset-2338624.jpg",
    "fullImage": "https://static.colruytgroup.com/images/500x500/std.lang.all/86/24/asset-2338624.jpg",
    "squareImage": "https://static.colruytgroup.com/images/500x500sq/std.lang.all/86/24/asset-2338624.jpg",
    "content": "18st",
    "walkRouteSequenceNumber": 1201,
    "price": {
      "basicPrice": 3.75,
      "recommendedQuantity": "1.0",
      "measurementUnitPrice": 28.85,
      "measurementUnit": "K",
      "isRedPrice": false,
      "pricePerUOM": 28.85,
      "activationDate": "14-11-2023",
      "isPromoActive": "N",
      "priceChangeCode": "E"
    },
    "isAvailable": true,
    "isPriceAvailable": true,
    "inPromo": false,
    "gtin": [
      "15400141362081",
      "05400141260397",
      "15400141906292",
      "05400141362084"
    ],
    "topCategoryName": "Dranken",
    "topCategoryId": "354",
    "businessDomain": "RETAIL_BE",
    "IsPrivateLabel": true,
    "IsBiffe": false,
    "WeightconversionFactor": "0",
    "IsWeightArticle": false,
    "nutriscoreLabel": "B",
    "IsBio": true,
    "CountryOfOrigin": "BELGIË",
    "IsExclusivelySoldInLuxembourg": false,
    "OrderUnit": "P",
    "ShortName": "BONI BIO KACHALU 18PADS",
    "InSeason": true,
    "IsNew": false,
    "EcoscoreLabel": "B",
    "RecentQuanityOfStockUnits": "1",
    "LongName": "BONI BIO Pads Kachalù Colombia RFA 18st",
    "AlcoholVolume": "0",
    "StartSeasonDate": "13/02/2017",
    "FicCode": "I",
    "EcoscoreValue": "72"
  },
  {
    "productId": "681687",
    "technicalArticleNumber": "4401980",
    "commercialArticleNumber": "24679",
    "name": "Citrus Shield",
    "brand": "INNOCENT",
    "seoBrand": "Innocent",
    "thumbNail": "https://static.colruytgroup.com/images/200x200/std.lang.all/88/63/asset-2368863.jpg",
    "fullImage": "https://static.colruytgroup.com/images/500x500/std.lang.all/88/63/asset-2368863.jpg",
    "squareImage": "https://static.colruytgroup.com/images/500x500sq/std.lang.all/88/63/asset-2368863.jpg",
    "content": "75cl",
    "walkRouteSequenceNumber": 5028,
    "price": {
      "basicPrice": 3.99,
      "recommendedQuantity": "1.0",
      "quantityPrice": 3.67,
      "quantityPriceQuantity": "6.0",
      "measurementUnitPrice": 5.32,
      "measurementUnitQuantityPrice": 4.9,
      "measurementUnit": "L",
      "isRedPrice": false,
      "pricePerUOM": 5.32,
      "activationDate": "06-12-2023",
      "recordSource": "Offline",
      "isPromoActive": "N",
      "priceChangeCode": "E",
      "quantityPricePerUOM": 4.9,
      "quantityActivationDate": "06-12-2023",
      "quantityPriceChangeCode": "E"
    },
    "isAvailable": true,
    "isPriceAvailable": true,
    "inPromo": false,
    "gtin": [
      "05038862137577",
      "05038862133791"
    ],
    "topCategoryName": "Dranken",
    "topCategoryId": "354",
    "businessDomain": "RETAIL_BE",
    "IsPrivateLabel": false,
    "IsBiffe": false,
    "WeightconversionFactor": "0",
    "IsWeightArticle": false,
    "nutriscoreLabel": "C",
    "IsBio": false,
    "CountryOfOrigin": "VERENIGD KONINKRIJK",
    "IsExclusivelySoldInLuxembourg": false,
    "OrderUnit": "P",
    "ShortName": "INNO CITRUS SHIELD 75CL",
    "IsNew": false,
    "EcoscoreLabel": "C",
    "RecentQuanityOfStockUnits": "1",
    "LongName": "INNOCENT Citrus Shield 75cl",
    "FicCode": "E",
    "EcoscoreValue": "57"
  },
  {
    "productId": "356877",
    "technicalArticleNumber": "3873555",
    "commercialArticleNumber": "42377",
    "name": "Pink Gin & Tonic 6,4% blik",
    "description": "*Ready to drink\n*Kant- en klaar\n*6,4% vol",
    "brand": "GORDON'S",
    "seoBrand": "Gordon's",
    "thumbNail": "https://static.colruytgroup.com/images/200x200/std.lang.all/04/72/asset-1510472.jpg",
    "fullImage": "https://static.colruytgroup.com/images/500x500/std.lang.all/04/72/asset-1510472.jpg",
    "squareImage": "https://static.colruytgroup.com/images/500x500sq/std.lang.all/04/72/asset-1510472.jpg",
    "content": "25cl",
    "walkRouteSequenceNumber": 788,
    "price": {
      "basicPrice": 2.75,
      "recommendedQuantity": "1.0",
      "quantityPrice": 2.64,
      "quantityPriceQuantity": "12.0",
      "measurementUnitPrice": 11,
      "measurementUnitQuantityPrice": 10.56,
      "measurementUnit": "L",
      "isRedPrice": false,
      "pricePerUOM": 11,
      "activationDate": "20-02-2024",
      "recordSource": "Offline",
      "isPromoActive": "N",
      "priceChangeCode": "H",
      "quantityPricePerUOM": 10.56,
      "quantityActivationDate": "20-02-2024",
      "quantityPriceChangeCode": "E"
    },
    "isAvailable": true,
    "isPriceAvailable": true,
    "inPromo": false,
    "gtin": [
      "05000289929936",
      "05000289929943",
      "08711300999650",
      "08711300999919"
    ],
    "topCategoryName": "Dranken",
    "topCategoryId": "354",
    "businessDomain": "RETAIL_BE",
    "IsPrivateLabel": false,
    "IsBiffe": false,
    "WeightconversionFactor": "0",
    "IsWeightArticle": false,
    "IsBio": false,
    "CountryOfOrigin": "ITALIË",
    "IsExclusivelySoldInLuxembourg": false,
    "OrderUnit": "P",
    "ShortName": "GORD PINK&TONIC BL 25CL",
    "IsNew": false,
    "EcoscoreLabel": "D",
    "RecentQuanityOfStockUnits": "12,1,1",
    "LongName": "GORDON'S Pink Gin & Tonic 6,4% blik 25cl",
    "AlcoholVolume": "6.4",
    "FicCode": "E",
    "EcoscoreValue": "38"
  },
  {
    "productId": "1339",
    "technicalArticleNumber": "18500",
    "commercialArticleNumber": "18500",
    "name": "cognac VS 40,0%vol",
    "description": "*Cognac\n*Digestief\n*40,0 % vol",
    "brand": "PRUNIER",
    "seoBrand": "Prunier",
    "thumbNail": "https://static.colruytgroup.com/images/200x200/std.lang.all/80/03/asset-2538003.jpg",
    "fullImage": "https://static.colruytgroup.com/images/500x500/std.lang.all/80/03/asset-2538003.jpg",
    "squareImage": "https://static.colruytgroup.com/images/500x500sq/std.lang.all/80/03/asset-2538003.jpg",
    "content": "70cl",
    "walkRouteSequenceNumber": 990,
    "price": {
      "basicPrice": 25.56,
      "recommendedQuantity": "1.0",
      "measurementUnitPrice": 36.52,
      "measurementUnit": "L",
      "isRedPrice": false,
      "pricePerUOM": 36.52,
      "activationDate": "30-01-2024",
      "isPromoActive": "N",
      "priceChangeCode": "L"
    },
    "isAvailable": true,
    "isPriceAvailable": true,
    "inPromo": false,
    "gtin": [
      "03269862185004",
      "03269862410137"
    ],
    "topCategoryName": "Dranken",
    "topCategoryId": "354",
    "businessDomain": "RETAIL_BE",
    "IsPrivateLabel": false,
    "IsBiffe": false,
    "WeightconversionFactor": "0",
    "IsWeightArticle": false,
    "IsBio": false,
    "CountryOfOrigin": "FRANKRIJK",
    "IsExclusivelySoldInLuxembourg": false,
    "OrderUnit": "P",
    "ShortName": "COGN PRUNIER 40% 70CL",
    "IsNew": false,
    "RecentQuanityOfStockUnits": "1",
    "LongName": "PRUNIER cognac VS 40,0%vol 70cl",
    "AlcoholVolume": "40",
    "FicCode": "E"
  },
  {
    "productId": "9803",
    "technicalArticleNumber": "1382816",
    "commercialArticleNumber": "18402",
    "name": "likeur 32%",
    "description": "*Likeur\n*32,0 % vol",
    "brand": "LIMONCELLO DI SICILIA",
    "seoBrand": "Limoncello Di Sicilia",
    "thumbNail": "https://static.colruytgroup.com/images/200x200/std.lang.all/27/02/asset-822702.jpg",
    "fullImage": "https://static.colruytgroup.com/images/500x500/std.lang.all/27/02/asset-822702.jpg",
    "squareImage": "https://static.colruytgroup.com/images/500x500sq/std.lang.all/27/02/asset-822702.jpg",
    "content": "50cl",
    "walkRouteSequenceNumber": 941,
    "price": {
      "basicPrice": 18.6,
      "recommendedQuantity": "1.0",
      "measurementUnitPrice": 37.2,
      "measurementUnit": "L",
      "isRedPrice": false,
      "pricePerUOM": 37.2,
      "activationDate": "02-01-2024",
      "isPromoActive": "N",
      "priceChangeCode": "H"
    },
    "isAvailable": true,
    "isPriceAvailable": true,
    "inPromo": false,
    "gtin": [
      "08013751000429",
      "08013751003079"
    ],
    "topCategoryName": "Dranken",
    "topCategoryId": "354",
    "businessDomain": "RETAIL_BE",
    "IsPrivateLabel": false,
    "IsBiffe": false,
    "WeightconversionFactor": "0",
    "IsWeightArticle": false,
    "IsBio": false,
    "CountryOfOrigin": "ITALIË",
    "IsExclusivelySoldInLuxembourg": false,
    "OrderUnit": "P",
    "ShortName": "LIMONCELLO SICILIA 50CL",
    "IsNew": false,
    "RecentQuanityOfStockUnits": "1",
    "LongName": "LIMONCELLO DI SICILIA likeur 32% 50cl",
    "AlcoholVolume": "32",
    "FicCode": "E"
  },
  {
    "productId": "422124",
    "technicalArticleNumber": "3946334",
    "commercialArticleNumber": "1692",
    "name": "Tripel 9.5%",
    "description": "*Trappistenbier\n*9,5 % vol\n*Nagisting op fles",
    "brand": "WESTMALLE",
    "seoBrand": "Westmalle",
    "thumbNail": "https://static.colruytgroup.com/images/200x200/std.lang.all/16/02/asset-2471602.jpg",
    "fullImage": "https://static.colruytgroup.com/images/500x500/std.lang.all/16/02/asset-2471602.jpg",
    "squareImage": "https://static.colruytgroup.com/images/500x500sq/std.lang.all/16/02/asset-2471602.jpg",
    "content": "75cl",
    "walkRouteSequenceNumber": 3637,
    "price": {
      "basicPrice": 5.29,
      "recommendedQuantity": "1.0",
      "measurementUnitPrice": 7.06,
      "measurementUnit": "L",
      "isRedPrice": false,
      "pricePerUOM": 7.06,
      "activationDate": "27-12-2023",
      "recordSource": "Offline",
      "isPromoActive": "N",
      "priceChangeCode": "H"
    },
    "isAvailable": true,
    "isPriceAvailable": true,
    "inPromo": false,
    "gtin": [
      "05412343001227",
      "05412343001319"
    ],
    "topCategoryName": "Dranken",
    "topCategoryId": "354",
    "businessDomain": "RETAIL_BE",
    "IsPrivateLabel": false,
    "IsBiffe": false,
    "WeightconversionFactor": "0",
    "IsWeightArticle": false,
    "IsBio": false,
    "CountryOfOrigin": "BELGIË",
    "IsExclusivelySoldInLuxembourg": false,
    "OrderUnit": "P",
    "ShortName": "WEST TRIPEL 9.5% 75CL",
    "IsNew": false,
    "EcoscoreLabel": "B",
    "RecentQuanityOfStockUnits": "1,6",
    "LongName": "WESTMALLE Tripel 9.5% 75cl",
    "AlcoholVolume": "9.5",
    "FicCode": "E",
    "EcoscoreValue": "70"
  },
  {
    "productId": "385825",
    "technicalArticleNumber": "3849315",
    "commercialArticleNumber": "14120",
    "name": "0.0% pils blik",
    "description": "*Alcoholvrij bier\n*0,0 % vol",
    "brand": "MAES",
    "seoBrand": "Maes",
    "thumbNail": "https://static.colruytgroup.com/images/200x200/std.lang.all/71/54/asset-1467154.jpg",
    "fullImage": "https://static.colruytgroup.com/images/500x500/std.lang.all/71/54/asset-1467154.jpg",
    "squareImage": "https://static.colruytgroup.com/images/500x500sq/std.lang.all/71/54/asset-1467154.jpg",
    "content": "33cl",
    "walkRouteSequenceNumber": 3854,
    "price": {
      "basicPrice": 1.33,
      "recommendedQuantity": "6.0",
      "measurementUnitPrice": 4.04,
      "measurementUnit": "L",
      "isRedPrice": false,
      "pricePerUOM": 4.04,
      "activationDate": "14-02-2024",
      "recordSource": "Online",
      "isPromoActive": "N",
      "priceChangeCode": "E"
    },
    "isAvailable": true,
    "isPriceAvailable": true,
    "inPromo": false,
    "gtin": [
      "05410263919813",
      "05410263919820",
      "05410263920987",
      "05410263920932"
    ],
    "topCategoryName": "Dranken",
    "topCategoryId": "354",
    "businessDomain": "RETAIL_BE",
    "IsPrivateLabel": false,
    "IsBiffe": false,
    "WeightconversionFactor": "0",
    "IsWeightArticle": false,
    "nutriscoreLabel": "B",
    "IsBio": false,
    "CountryOfOrigin": "BELGIË",
    "IsExclusivelySoldInLuxembourg": false,
    "OrderUnit": "P",
    "ShortName": "MAES 0.0% 33CL BLIK",
    "IsNew": false,
    "EcoscoreLabel": "B",
    "RecentQuanityOfStockUnits": "1,6,24",
    "LongName": "MAES 0.0% pils blik 33cl",
    "AlcoholVolume": "0",
    "FicCode": "E",
    "EcoscoreValue": "69"
  },
  {
    "productId": "133584",
    "technicalArticleNumber": "3199099",
    "commercialArticleNumber": "8636",
    "name": "bier bruin 10%",
    "description": "*Bruin bier\n*10 % vol\n*Nagisting op fles",
    "brand": "LE FORT",
    "seoBrand": "Le Fort",
    "thumbNail": "https://static.colruytgroup.com/images/200x200/std.lang.all/92/99/asset-2999299.jpg",
    "fullImage": "https://static.colruytgroup.com/images/500x500/std.lang.all/92/99/asset-2999299.jpg",
    "squareImage": "https://static.colruytgroup.com/images/500x500sq/std.lang.all/92/99/asset-2999299.jpg",
    "content": "6x33cl",
    "walkRouteSequenceNumber": 3652,
    "price": {
      "basicPrice": 11.47,
      "recommendedQuantity": "1.0",
      "quantityPrice": 11.01,
      "quantityPriceQuantity": "3.0",
      "measurementUnitPrice": 5.8,
      "measurementUnitQuantityPrice": 5.57,
      "measurementUnit": "L",
      "isRedPrice": false,
      "pricePerUOM": 5.8,
      "activationDate": "15-03-2024",
      "recordSource": "Offline",
      "isPromoActive": "N",
      "priceChangeCode": "H",
      "quantityPricePerUOM": 5.57,
      "quantityActivationDate": "15-03-2024",
      "quantityPriceChangeCode": "H"
    },
    "isAvailable": true,
    "isPriceAvailable": true,
    "inPromo": true,
    "promotion": [
      {
        "techPromoId": "100949COLR",
        "promotionId": "100949",
        "promotionType": "0",
        "isPersonalized": "N",
        "publicationStartDate": "13-03-2024",
        "publicationEndDate": "26-03-2024"
      }
    ],
    "gtin": [
      "05400141123777",
      "05411858000190"
    ],
    "topCategoryName": "Dranken",
    "topCategoryId": "354",
    "businessDomain": "RETAIL_BE",
    "IsPrivateLabel": false,
    "IsBiffe": false,
    "WeightconversionFactor": "0",
    "IsWeightArticle": false,
    "IsBio": false,
    "CountryOfOrigin": "BELGIË",
    "IsExclusivelySoldInLuxembourg": false,
    "OrderUnit": "P",
    "ShortName": "LE FORT BRUIN 6X33CL",
    "IsNew": false,
    "EcoscoreLabel": "B",
    "RecentQuanityOfStockUnits": "1",
    "LongName": "LE FORT bier bruin 10% 6x33cl",
    "AlcoholVolume": "10",
    "FicCode": "E",
    "DepositValue": [
      0.6
    ],
    "EcoscoreValue": "71"
  },
  {
    "productId": "848936",
    "technicalArticleNumber": "4696285",
    "commercialArticleNumber": "30743",
    "name": "Pina Colada Alc. Free",
    "description": "*Aperitief\n*Alcoholvrij",
    "brand": "NIGHT ORIENT",
    "seoBrand": "Night Orient",
    "thumbNail": "https://static.colruytgroup.com/images/200x200/std.lang.all/33/91/asset-3143391.jpg",
    "fullImage": "https://static.colruytgroup.com/images/500x500/std.lang.all/33/91/asset-3143391.jpg",
    "squareImage": "https://static.colruytgroup.com/images/500x500sq/std.lang.all/33/91/asset-3143391.jpg",
    "content": "70cl",
    "walkRouteSequenceNumber": 615,
    "price": {
      "basicPrice": 4.99,
      "recommendedQuantity": "1.0",
      "measurementUnitPrice": 7.13,
      "measurementUnit": "L",
      "isRedPrice": false,
      "pricePerUOM": 7.13,
      "activationDate": "22-03-2024",
      "recordSource": "Offline",
      "isPromoActive": "N",
      "priceChangeCode": "L"
    },
    "isAvailable": true,
    "isPriceAvailable": true,
    "inPromo": false,
    "gtin": [
      "05425030341742",
      "05425030341759"
    ],
    "topCategoryName": "Dranken",
    "topCategoryId": "354",
    "businessDomain": "RETAIL_BE",
    "IsPrivateLabel": false,
    "IsBiffe": false,
    "WeightconversionFactor": "0",
    "IsWeightArticle": false,
    "nutriscoreLabel": "D",
    "IsBio": false,
    "CountryOfOrigin": "BELGIË",
    "IsExclusivelySoldInLuxembourg": false,
    "OrderUnit": "P",
    "ShortName": "NIOR PINA COL 0% 70CL",
    "IsNew": false,
    "RecentQuanityOfStockUnits": "1",
    "LongName": "NIGHT ORIENT Pina Colada Alc. Free 70cl",
    "AlcoholVolume": "0",
    "FicCode": "E"
  },
  {
    "productId": "11507",
    "technicalArticleNumber": "1355168",
    "commercialArticleNumber": "5161",
    "name": "pils 5% blik",
    "description": "*Pils\n*5 % vol",
    "brand": "CARLSBERG",
    "seoBrand": "Carlsberg",
    "thumbNail": "https://static.colruytgroup.com/images/200x200/std.lang.all/05/34/asset-3040534.jpg",
    "fullImage": "https://static.colruytgroup.com/images/500x500/std.lang.all/05/34/asset-3040534.jpg",
    "squareImage": "https://static.colruytgroup.com/images/500x500sq/std.lang.all/05/34/asset-3040534.jpg",
    "content": "33cl",
    "walkRouteSequenceNumber": 3816,
    "price": {
      "basicPrice": 1.4,
      "recommendedQuantity": "6.0",
      "quantityPrice": 1.34,
      "quantityPriceQuantity": "24.0",
      "measurementUnitPrice": 4.25,
      "measurementUnitQuantityPrice": 4.07,
      "measurementUnit": "L",
      "isRedPrice": false,
      "pricePerUOM": 4.25,
      "activationDate": "05-03-2024",
      "recordSource": "Offline",
      "isPromoActive": "N",
      "priceChangeCode": "H",
      "quantityPricePerUOM": 4.07,
      "quantityActivationDate": "05-03-2024",
      "quantityPriceChangeCode": "H"
    },
    "isAvailable": true,
    "isPriceAvailable": true,
    "inPromo": false,
    "gtin": [
      "03080216027760",
      "03080216027906",
      "03080216027791",
      "03080216054599",
      "03080216054582",
      "03080216054575",
      "05900014005488",
      "05900014063839",
      "05900014091450"
    ],
    "topCategoryName": "Dranken",
    "topCategoryId": "354",
    "businessDomain": "RETAIL_BE",
    "IsPrivateLabel": false,
    "IsBiffe": false,
    "WeightconversionFactor": "0",
    "IsWeightArticle": false,
    "IsBio": false,
    "CountryOfOrigin": "FRANKRIJK",
    "IsExclusivelySoldInLuxembourg": false,
    "OrderUnit": "P",
    "ShortName": "CARL PILS 5% BLIK 33CL",
    "IsNew": false,
    "EcoscoreLabel": "C",
    "RecentQuanityOfStockUnits": "6,1",
    "LongName": "CARLSBERG pils 5% blik 33cl",
    "AlcoholVolume": "5",
    "FicCode": "E",
    "EcoscoreValue": "53"
  },
  {
    "productId": "42663",
    "technicalArticleNumber": "2489461",
    "commercialArticleNumber": "13223",
    "name": "tripel 10,5%vol",
    "description": "*Sterk blond bier\n*10,5 % vol",
    "brand": "BUSH",
    "seoBrand": "Bush",
    "thumbNail": "https://static.colruytgroup.com/images/200x200/std.lang.all/90/67/asset-1779067.jpg",
    "fullImage": "https://static.colruytgroup.com/images/500x500/std.lang.all/90/67/asset-1779067.jpg",
    "squareImage": "https://static.colruytgroup.com/images/500x500sq/std.lang.all/90/67/asset-1779067.jpg",
    "content": "6x33cl",
    "walkRouteSequenceNumber": 3686,
    "price": {
      "basicPrice": 11.08,
      "recommendedQuantity": "1.0",
      "quantityPrice": 10.64,
      "quantityPriceQuantity": "3.0",
      "measurementUnitPrice": 5.6,
      "measurementUnitQuantityPrice": 5.38,
      "measurementUnit": "L",
      "isRedPrice": false,
      "pricePerUOM": 5.6,
      "activationDate": "13-03-2024",
      "recordSource": "Offline",
      "isPromoActive": "Y",
      "priceChangeCode": "H",
      "quantityPricePerUOM": 5.38,
      "quantityActivationDate": "13-03-2024",
      "quantityPriceChangeCode": "E"
    },
    "isAvailable": true,
    "isPriceAvailable": true,
    "inPromo": true,
    "promotion": [
      {
        "techPromoId": "100950COLR",
        "promotionId": "100950",
        "promotionType": "3",
        "isPersonalized": "N",
        "publicationStartDate": "13-03-2024",
        "publicationEndDate": "26-03-2024"
      }
    ],
    "gtin": [
      "05411551310817",
      "05400141005752"
    ],
    "topCategoryName": "Dranken",
    "topCategoryId": "354",
    "businessDomain": "RETAIL_BE",
    "IsPrivateLabel": false,
    "IsBiffe": false,
    "WeightconversionFactor": "0",
    "IsWeightArticle": false,
    "IsBio": false,
    "CountryOfOrigin": "BELGIË",
    "IsExclusivelySoldInLuxembourg": false,
    "OrderUnit": "P",
    "ShortName": "BUSH TRIPEL 6X33CL",
    "IsNew": false,
    "EcoscoreLabel": "D",
    "RecentQuanityOfStockUnits": "1",
    "LongName": "BUSH tripel 10,5%vol 6x33cl",
    "AlcoholVolume": "10.5",
    "FicCode": "E",
    "DepositValue": [
      0.6
    ],
    "EcoscoreValue": "37"
  },
  {
    "productId": "7430",
    "technicalArticleNumber": "1133346",
    "commercialArticleNumber": "22799",
    "name": "chocoladepoeder",
    "brand": "BONI BIO",
    "seoBrand": "Boni Selection Bio",
    "thumbNail": "https://static.colruytgroup.com/images/200x200/std.lang.all/07/77/asset-3220777.jpg",
    "fullImage": "https://static.colruytgroup.com/images/500x500/std.lang.all/07/77/asset-3220777.jpg",
    "squareImage": "https://static.colruytgroup.com/images/500x500sq/std.lang.all/07/77/asset-3220777.jpg",
    "content": "400g",
    "walkRouteSequenceNumber": 1278,
    "price": {
      "basicPrice": 5.05,
      "recommendedQuantity": "1.0",
      "measurementUnitPrice": 12.63,
      "measurementUnit": "K",
      "isRedPrice": false,
      "pricePerUOM": 12.63,
      "activationDate": "31-01-2024",
      "recordSource": "Offline",
      "isPromoActive": "N",
      "priceChangeCode": "E"
    },
    "isAvailable": true,
    "isPriceAvailable": true,
    "inPromo": false,
    "gtin": [
      "15400141906322",
      "05400141260489",
      "05400141048674",
      "15400141385912",
      "05400141385915"
    ],
    "topCategoryName": "Dranken",
    "topCategoryId": "354",
    "businessDomain": "RETAIL_BE",
    "IsPrivateLabel": true,
    "IsBiffe": false,
    "WeightconversionFactor": "0",
    "IsWeightArticle": false,
    "nutriscoreLabel": "C",
    "IsBio": true,
    "CountryOfOrigin": "BELGIË",
    "IsExclusivelySoldInLuxembourg": false,
    "OrderUnit": "P",
    "ShortName": "BS BIO INST CACAO 400G",
    "IsNew": false,
    "EcoscoreLabel": "B",
    "RecentQuanityOfStockUnits": "1",
    "LongName": "BONI BIO chocoladepoeder 400g",
    "AlcoholVolume": "0",
    "FicCode": "I",
    "EcoscoreValue": "60"
  },
  {
    "productId": "603477",
    "technicalArticleNumber": "4271552",
    "commercialArticleNumber": "22950",
    "name": "Tripel 8,0%vol",
    "description": "*Sterk blond bier\n*8 % vol\n*Nagisting op fles",
    "brand": "WATERLOO",
    "seoBrand": "Waterloo",
    "thumbNail": "https://static.colruytgroup.com/images/200x200/std.lang.all/31/74/asset-2203174.jpg",
    "fullImage": "https://static.colruytgroup.com/images/500x500/std.lang.all/31/74/asset-2203174.jpg",
    "squareImage": "https://static.colruytgroup.com/images/500x500sq/std.lang.all/31/74/asset-2203174.jpg",
    "content": "4x33cl",
    "walkRouteSequenceNumber": 3705,
    "price": {
      "basicPrice": 4.04,
      "recommendedQuantity": "1.0",
      "measurementUnitPrice": 3.07,
      "measurementUnit": "L",
      "isRedPrice": false,
      "pricePerUOM": 3.07,
      "activationDate": "23-03-2024",
      "recordSource": "Folder",
      "isPromoActive": "N",
      "priceChangeCode": "E"
    },
    "isAvailable": true,
    "isPriceAvailable": true,
    "inPromo": false,
    "gtin": [
      "05410218007640",
      "05410218007657"
    ],
    "topCategoryName": "Dranken",
    "topCategoryId": "354",
    "businessDomain": "RETAIL_BE",
    "IsPrivateLabel": false,
    "IsBiffe": false,
    "WeightconversionFactor": "0",
    "IsWeightArticle": false,
    "IsBio": false,
    "CountryOfOrigin": "BELGIË",
    "IsExclusivelySoldInLuxembourg": false,
    "OrderUnit": "P",
    "ShortName": "WATE TRIPEL 8.0% 4X33CL",
    "IsNew": false,
    "EcoscoreLabel": "D",
    "RecentQuanityOfStockUnits": "1,6",
    "LongName": "WATERLOO Tripel 8,0%vol 4x33cl",
    "AlcoholVolume": "8",
    "FicCode": "E",
    "DepositValue": [
      0.4
    ],
    "EcoscoreValue": "37"
  },
  {
    "productId": "904909",
    "technicalArticleNumber": "4758285",
    "commercialArticleNumber": "28553",
    "name": "Mango-perzik glas",
    "description": "*Bruisende limonade\n*Smaak: mango-perzik",
    "brand": "FREEZ MIX",
    "seoBrand": "Freez Mix",
    "thumbNail": "https://static.colruytgroup.com/images/200x200/std.lang.all/35/57/asset-3313557.jpg",
    "fullImage": "https://static.colruytgroup.com/images/500x500/std.lang.all/35/57/asset-3313557.jpg",
    "squareImage": "https://static.colruytgroup.com/images/500x500sq/std.lang.all/35/57/asset-3313557.jpg",
    "content": "27,5cl",
    "walkRouteSequenceNumber": 4259,
    "price": {
      "basicPrice": 1.45,
      "recommendedQuantity": "1.0",
      "quantityPrice": 1.39,
      "quantityPriceQuantity": "24.0",
      "measurementUnitPrice": 5.28,
      "measurementUnitQuantityPrice": 5.06,
      "measurementUnit": "L",
      "isRedPrice": false,
      "pricePerUOM": 5.28,
      "activationDate": "29-02-2024",
      "isPromoActive": "N",
      "priceChangeCode": "E",
      "quantityPricePerUOM": 5.06,
      "quantityActivationDate": "29-02-2024",
      "quantityPriceChangeCode": "E"
    },
    "isAvailable": true,
    "isPriceAvailable": true,
    "inPromo": false,
    "gtin": [
      "05283036400074",
      "00762571311267",
      "00762571500241",
      "00762571312196"
    ],
    "topCategoryName": "Dranken",
    "topCategoryId": "354",
    "businessDomain": "RETAIL_BE",
    "IsPrivateLabel": false,
    "IsBiffe": false,
    "WeightconversionFactor": "0",
    "IsWeightArticle": false,
    "nutriscoreLabel": "C",
    "IsBio": false,
    "CountryOfOrigin": "LIBANON",
    "IsExclusivelySoldInLuxembourg": false,
    "OrderUnit": "P",
    "ShortName": "FRMI MANGO-PERZIK27.5CL",
    "IsNew": false,
    "RecentQuanityOfStockUnits": "6,1,1",
    "LongName": "FREEZ MIX Mango-perzik glas 27,5cl",
    "AlcoholVolume": "0",
    "FicCode": "E"
  },
  {
    "productId": "836599",
    "technicalArticleNumber": "4678870",
    "commercialArticleNumber": "27632",
    "name": "trappist Cent Cinquante 10%",
    "description": "*Trappistenbier\n*Sterk blond\n*10 % vol\n*Nagisting op fles",
    "brand": "CHIMAY",
    "seoBrand": "Chimay",
    "thumbNail": "https://static.colruytgroup.com/images/200x200/std.lang.all/21/82/asset-2992182.jpg",
    "fullImage": "https://static.colruytgroup.com/images/500x500/std.lang.all/21/82/asset-2992182.jpg",
    "squareImage": "https://static.colruytgroup.com/images/500x500sq/std.lang.all/21/82/asset-2992182.jpg",
    "content": "75cl",
    "walkRouteSequenceNumber": 3636,
    "price": {
      "basicPrice": 6,
      "recommendedQuantity": "1.0",
      "measurementUnitPrice": 8,
      "measurementUnit": "L",
      "isRedPrice": false,
      "pricePerUOM": 8,
      "activationDate": "26-12-2023",
      "isPromoActive": "N",
      "priceChangeCode": "L"
    },
    "isAvailable": true,
    "isPriceAvailable": true,
    "inPromo": false,
    "gtin": [
      "05410908100163",
      "15410908100160"
    ],
    "topCategoryName": "Dranken",
    "topCategoryId": "354",
    "businessDomain": "RETAIL_BE",
    "IsPrivateLabel": false,
    "IsBiffe": false,
    "WeightconversionFactor": "0",
    "IsWeightArticle": false,
    "IsBio": false,
    "CountryOfOrigin": "BELGIË",
    "IsExclusivelySoldInLuxembourg": false,
    "OrderUnit": "P",
    "ShortName": "CHIM TRAPPIST 150 75CL",
    "IsNew": false,
    "EcoscoreLabel": "D",
    "RecentQuanityOfStockUnits": "1",
    "LongName": "CHIMAY trappist Cent Cinquante 10% 75cl",
    "AlcoholVolume": "10",
    "FicCode": "E",
    "EcoscoreValue": "37"
  },
  {
    "productId": "793995",
    "technicalArticleNumber": "4602179",
    "commercialArticleNumber": "2131",
    "name": "geperste Cranberry",
    "brand": "MATERNE",
    "seoBrand": "Materne",
    "thumbNail": "https://static.colruytgroup.com/images/200x200/std.lang.all/16/88/asset-2921688.jpg",
    "fullImage": "https://static.colruytgroup.com/images/500x500/std.lang.all/16/88/asset-2921688.jpg",
    "squareImage": "https://static.colruytgroup.com/images/500x500sq/std.lang.all/16/88/asset-2921688.jpg",
    "content": "1L",
    "walkRouteSequenceNumber": 5018,
    "price": {
      "basicPrice": 4.39,
      "recommendedQuantity": "1.0",
      "quantityPrice": 2.92,
      "quantityPriceQuantity": "2.0",
      "measurementUnitPrice": 4.39,
      "measurementUnitQuantityPrice": 2.92,
      "measurementUnit": "L",
      "isRedPrice": false,
      "pricePerUOM": 4.39,
      "activationDate": "23-03-2024",
      "recordSource": "Offline",
      "isPromoActive": "N",
      "priceChangeCode": "E",
      "quantityPricePerUOM": 2.92,
      "quantityActivationDate": "23-03-2024",
      "quantityPriceChangeCode": "E"
    },
    "isAvailable": true,
    "isPriceAvailable": true,
    "inPromo": false,
    "gtin": [
      "05410046016784",
      "05410046016791"
    ],
    "topCategoryName": "Dranken",
    "topCategoryId": "354",
    "businessDomain": "RETAIL_BE",
    "IsPrivateLabel": false,
    "IsBiffe": false,
    "WeightconversionFactor": "0",
    "IsWeightArticle": false,
    "nutriscoreLabel": "E",
    "IsBio": false,
    "CountryOfOrigin": "FRANKRIJK",
    "IsExclusivelySoldInLuxembourg": false,
    "OrderUnit": "P",
    "ShortName": "MATE GEPERS.CRANBERRY1L",
    "IsNew": false,
    "RecentQuanityOfStockUnits": "1,6",
    "LongName": "MATERNE geperste Cranberry 1L",
    "FicCode": "E"
  },
  {
    "productId": "1329",
    "technicalArticleNumber": "18257",
    "commercialArticleNumber": "18257",
    "name": "Triple Orange 38%",
    "description": "*Likeur\n*38,0 % vol\n*Smaak: sinaasappel",
    "brand": "MARIE GALANTE",
    "seoBrand": "Marie Galante",
    "thumbNail": "https://static.colruytgroup.com/images/200x200/std.lang.all/41/41/asset-2254141.jpg",
    "fullImage": "https://static.colruytgroup.com/images/500x500/std.lang.all/41/41/asset-2254141.jpg",
    "squareImage": "https://static.colruytgroup.com/images/500x500sq/std.lang.all/41/41/asset-2254141.jpg",
    "content": "70cl",
    "walkRouteSequenceNumber": 945,
    "price": {
      "basicPrice": 15.59,
      "recommendedQuantity": "1.0",
      "measurementUnitPrice": 22.28,
      "measurementUnit": "L",
      "isRedPrice": false,
      "pricePerUOM": 22.28,
      "activationDate": "14-11-2023",
      "isPromoActive": "N",
      "priceChangeCode": "E"
    },
    "isAvailable": true,
    "isPriceAvailable": true,
    "inPromo": false,
    "gtin": [
      "05400141014358",
      "05400141206371",
      "15400141014355",
      "15400141206378"
    ],
    "topCategoryName": "Dranken",
    "topCategoryId": "354",
    "businessDomain": "RETAIL_BE",
    "IsPrivateLabel": true,
    "IsBiffe": false,
    "WeightconversionFactor": "0",
    "IsWeightArticle": false,
    "IsBio": false,
    "CountryOfOrigin": "BELGIË",
    "IsExclusivelySoldInLuxembourg": false,
    "OrderUnit": "P",
    "ShortName": "MARIE GALAN.ORAN 38 70C",
    "IsNew": false,
    "EcoscoreLabel": "D",
    "RecentQuanityOfStockUnits": "1,6",
    "LongName": "MARIE GALANTE Triple Orange 38% 70cl",
    "AlcoholVolume": "38",
    "FicCode": "I",
    "EcoscoreValue": "31"
  },
  {
    "productId": "868342",
    "technicalArticleNumber": "4721362",
    "commercialArticleNumber": "15271",
    "name": "Café caps Lungo 8",
    "brand": "DOUWE EGBERTS",
    "seoBrand": "Douwe Egberts",
    "thumbNail": "https://static.colruytgroup.com/images/200x200/std.lang.all/73/96/asset-3207396.jpg",
    "fullImage": "https://static.colruytgroup.com/images/500x500/std.lang.all/73/96/asset-3207396.jpg",
    "squareImage": "https://static.colruytgroup.com/images/500x500sq/std.lang.all/73/96/asset-3207396.jpg",
    "content": "20st",
    "walkRouteSequenceNumber": 1061,
    "price": {
      "basicPrice": 6.29,
      "recommendedQuantity": "1.0",
      "measurementUnitPrice": 60.49,
      "measurementUnit": "K",
      "isRedPrice": false,
      "pricePerUOM": 60.49,
      "activationDate": "23-03-2024",
      "recordSource": "Offline",
      "isPromoActive": "N",
      "priceChangeCode": "H"
    },
    "isAvailable": true,
    "isPriceAvailable": true,
    "inPromo": false,
    "gtin": [
      "08711000452226",
      "08711000452233"
    ],
    "topCategoryName": "Dranken",
    "topCategoryId": "354",
    "businessDomain": "RETAIL_BE",
    "IsPrivateLabel": false,
    "IsBiffe": false,
    "WeightconversionFactor": "0",
    "IsWeightArticle": false,
    "nutriscoreLabel": "B",
    "IsBio": false,
    "CountryOfOrigin": "FRANKRIJK",
    "IsExclusivelySoldInLuxembourg": false,
    "OrderUnit": "P",
    "ShortName": "D.E. CAFE LUNGO 8 20CAP",
    "IsNew": false,
    "RecentQuanityOfStockUnits": "1",
    "LongName": "DOUWE EGBERTS Café caps Lungo 8 20st",
    "FicCode": "E"
  },
  {
    "productId": "462",
    "technicalArticleNumber": "5243",
    "commercialArticleNumber": "5243",
    "name": "abdijbier bruin 8%",
    "description": "*Abdijbier\n*8 % vol\n*Nagisting op fles",
    "brand": "MAREDSOUS",
    "seoBrand": "Maredsous",
    "thumbNail": "https://static.colruytgroup.com/images/200x200/std.lang.all/11/10/asset-881110.jpg",
    "fullImage": "https://static.colruytgroup.com/images/500x500/std.lang.all/11/10/asset-881110.jpg",
    "squareImage": "https://static.colruytgroup.com/images/500x500sq/std.lang.all/11/10/asset-881110.jpg",
    "content": "6x33cl",
    "walkRouteSequenceNumber": 3606,
    "price": {
      "basicPrice": 10.56,
      "recommendedQuantity": "1.0",
      "quantityPrice": 10.14,
      "quantityPriceQuantity": "3.0",
      "measurementUnitPrice": 5.34,
      "measurementUnitQuantityPrice": 5.13,
      "measurementUnit": "L",
      "isRedPrice": false,
      "pricePerUOM": 5.34,
      "activationDate": "06-03-2024",
      "recordSource": "Online",
      "isPromoActive": "N",
      "priceChangeCode": "H",
      "quantityPricePerUOM": 5.13,
      "quantityActivationDate": "06-03-2024",
      "quantityPriceChangeCode": "E"
    },
    "isAvailable": true,
    "isPriceAvailable": true,
    "inPromo": false,
    "gtin": [
      "05400141052435",
      "05411681037004",
      "05411681037011"
    ],
    "topCategoryName": "Dranken",
    "topCategoryId": "354",
    "businessDomain": "RETAIL_BE",
    "IsPrivateLabel": false,
    "IsBiffe": false,
    "WeightconversionFactor": "0",
    "IsWeightArticle": false,
    "IsBio": false,
    "CountryOfOrigin": "BELGIË",
    "IsExclusivelySoldInLuxembourg": false,
    "OrderUnit": "P",
    "ShortName": "MARED 8GR BRUIN 6X33CL",
    "IsNew": false,
    "EcoscoreLabel": "B",
    "RecentQuanityOfStockUnits": "1",
    "LongName": "MAREDSOUS abdijbier bruin 8% 6x33cl",
    "AlcoholVolume": "8",
    "FicCode": "I",
    "DepositValue": [
      0.6
    ],
    "EcoscoreValue": "72"
  },
  {
    "productId": "822915",
    "technicalArticleNumber": "4658040",
    "commercialArticleNumber": "451003",
    "name": "kruidendrank afslankend",
    "brand": "JACOB HOOY",
    "seoBrand": "Jacob Hooy",
    "thumbNail": "https://static.colruytgroup.com/images/200x200/std.lang.all/17/26/asset-2411726.jpg",
    "fullImage": "https://static.colruytgroup.com/images/500x500/std.lang.all/17/26/asset-2411726.jpg",
    "squareImage": "https://static.colruytgroup.com/images/500x500sq/std.lang.all/17/26/asset-2411726.jpg",
    "content": "20st",
    "walkRouteSequenceNumber": 13523,
    "price": {
      "basicPrice": 2.99,
      "recommendedQuantity": "1.0",
      "measurementUnitPrice": 0.15,
      "measurementUnit": "S",
      "isRedPrice": false,
      "pricePerUOM": 0.15,
      "activationDate": "15-03-2024",
      "isPromoActive": "N",
      "priceChangeCode": "H"
    },
    "isAvailable": true,
    "isPriceAvailable": true,
    "inPromo": false,
    "gtin": [
      "08712053307082",
      "18712053307089"
    ],
    "topCategoryName": "Dranken",
    "topCategoryId": "354",
    "businessDomain": "NON_FOOD",
    "IsPrivateLabel": false,
    "IsBiffe": false,
    "IsWeightArticle": false,
    "RecentQuanityOfStockUnits": "1",
    "LongName": "JACOB HOOY kruidendrank afslankend 20st",
    "IsBio": false,
    "AlcoholVolume": "0",
    "CountryOfOrigin": "BELGIË",
    "FicCode": "E",
    "OrderUnit": "P",
    "ShortName": "HOOY SLANKISIN 20ST",
    "IsNew": false
  },
  {
    "productId": "1324",
    "technicalArticleNumber": "18079",
    "commercialArticleNumber": "18079",
    "name": "whisky 12Y 40%",
    "description": "*Scotch blend.whisky\n*Schotland",
    "brand": "CHIVAS REGAL",
    "seoBrand": "Chivas Regal",
    "thumbNail": "https://static.colruytgroup.com/images/200x200/std.lang.all/86/84/asset-3368684.jpg",
    "fullImage": "https://static.colruytgroup.com/images/500x500/std.lang.all/86/84/asset-3368684.jpg",
    "squareImage": "https://static.colruytgroup.com/images/500x500sq/std.lang.all/86/84/asset-3368684.jpg",
    "content": "70cl",
    "walkRouteSequenceNumber": 975,
    "price": {
      "basicPrice": 30.99,
      "recommendedQuantity": "1.0",
      "measurementUnitPrice": 44.28,
      "measurementUnit": "L",
      "isRedPrice": false,
      "pricePerUOM": 44.28,
      "activationDate": "21-03-2024",
      "recordSource": "Folder",
      "isPromoActive": "N",
      "priceChangeCode": "L"
    },
    "isAvailable": true,
    "isPriceAvailable": true,
    "inPromo": false,
    "gtin": [
      "00080432402931",
      "05000299212936",
      "05000299212943",
      "20080432402935",
      "05000299611258",
      "00087000653924"
    ],
    "topCategoryName": "Dranken",
    "topCategoryId": "354",
    "businessDomain": "RETAIL_BE",
    "IsPrivateLabel": false,
    "IsBiffe": false,
    "WeightconversionFactor": "0",
    "IsWeightArticle": false,
    "IsBio": false,
    "CountryOfOrigin": "VERENIGD KONINKRIJK",
    "IsExclusivelySoldInLuxembourg": false,
    "OrderUnit": "P",
    "ShortName": "CHIVAS REGAL 40% 70CL",
    "IsNew": false,
    "EcoscoreLabel": "D",
    "RecentQuanityOfStockUnits": "1,6",
    "LongName": "CHIVAS REGAL whisky 12Y 40% 70cl",
    "AlcoholVolume": "40",
    "FicCode": "E",
    "EcoscoreValue": "38"
  },
  {
    "productId": "3387",
    "technicalArticleNumber": "1096246",
    "commercialArticleNumber": "17843",
    "name": "appelcider",
    "description": "Cider geproduceerd van biologische\nappels.\nMILIEUBIJDRAGE: biologische\noorsprong.",
    "brand": "BONI BIO",
    "seoBrand": "Boni Selection Bio",
    "thumbNail": "https://static.colruytgroup.com/images/200x200/std.lang.all/17/34/asset-2371734.jpg",
    "fullImage": "https://static.colruytgroup.com/images/500x500/std.lang.all/17/34/asset-2371734.jpg",
    "squareImage": "https://static.colruytgroup.com/images/500x500sq/std.lang.all/17/34/asset-2371734.jpg",
    "content": "75cl",
    "walkRouteSequenceNumber": 687,
    "price": {
      "basicPrice": 3.99,
      "recommendedQuantity": "1.0",
      "quantityPrice": 3.83,
      "quantityPriceQuantity": "6.0",
      "measurementUnitPrice": 5.32,
      "measurementUnitQuantityPrice": 5.11,
      "measurementUnit": "L",
      "isRedPrice": false,
      "pricePerUOM": 5.32,
      "activationDate": "14-11-2023",
      "isPromoActive": "N",
      "priceChangeCode": "E",
      "quantityPricePerUOM": 5.11,
      "quantityActivationDate": "14-11-2023",
      "quantityPriceChangeCode": "E"
    },
    "isAvailable": true,
    "isPriceAvailable": true,
    "inPromo": false,
    "gtin": [
      "15400141032670",
      "05400141032673",
      "05400141178432",
      "05400141878431",
      "05400141386479",
      "15400141386476"
    ],
    "topCategoryName": "Dranken",
    "topCategoryId": "354",
    "businessDomain": "RETAIL_BE",
    "IsPrivateLabel": true,
    "IsBiffe": false,
    "WeightconversionFactor": "0",
    "IsWeightArticle": false,
    "IsBio": true,
    "CountryOfOrigin": "BELGIË",
    "IsExclusivelySoldInLuxembourg": false,
    "OrderUnit": "P",
    "ShortName": "BONI BIO APPELC. 75C",
    "IsNew": false,
    "EcoscoreLabel": "B",
    "RecentQuanityOfStockUnits": "1,6",
    "LongName": "BONI BIO appelcider 75cl",
    "AlcoholVolume": "2.2",
    "FicCode": "I",
    "EcoscoreValue": "77"
  },
  {
    "productId": "10878",
    "technicalArticleNumber": "1398843",
    "commercialArticleNumber": "5582",
    "name": "kriek extra 4,1%",
    "description": "*Fruitbier\n*4,1 % vol\n*Smaak: kriek",
    "brand": "BELLE-VUE",
    "seoBrand": "Belle-Vue",
    "thumbNail": "https://static.colruytgroup.com/images/200x200/std.lang.all/93/08/asset-1229308.jpg",
    "fullImage": "https://static.colruytgroup.com/images/500x500/std.lang.all/93/08/asset-1229308.jpg",
    "squareImage": "https://static.colruytgroup.com/images/500x500sq/std.lang.all/93/08/asset-1229308.jpg",
    "content": "8x25cl",
    "walkRouteSequenceNumber": 3794,
    "price": {
      "basicPrice": 11.2,
      "recommendedQuantity": "1.0",
      "quantityPrice": 10.75,
      "quantityPriceQuantity": "3.0",
      "measurementUnitPrice": 5.6,
      "measurementUnitQuantityPrice": 5.38,
      "measurementUnit": "L",
      "isRedPrice": false,
      "pricePerUOM": 5.6,
      "activationDate": "23-12-2023",
      "recordSource": "Online",
      "isPromoActive": "N",
      "priceChangeCode": "H",
      "quantityPricePerUOM": 5.38,
      "quantityActivationDate": "23-12-2023",
      "quantityPriceChangeCode": "L"
    },
    "isAvailable": true,
    "isPriceAvailable": true,
    "inPromo": false,
    "gtin": [
      "00000025055825",
      "05410228193449",
      "05400141055825"
    ],
    "topCategoryName": "Dranken",
    "topCategoryId": "354",
    "businessDomain": "RETAIL_BE",
    "IsPrivateLabel": false,
    "IsBiffe": false,
    "WeightconversionFactor": "0",
    "IsWeightArticle": false,
    "IsBio": false,
    "CountryOfOrigin": "BELGIË",
    "IsExclusivelySoldInLuxembourg": false,
    "OrderUnit": "P",
    "ShortName": "BV KRIEK 8X25CL EXTRA",
    "IsNew": false,
    "RecentQuanityOfStockUnits": "1",
    "LongName": "BELLE-VUE kriek extra 4,1% 8x25cl",
    "AlcoholVolume": "4.1",
    "FicCode": "I",
    "DepositValue": [
      0.8
    ]
  },
  {
    "productId": "848933",
    "technicalArticleNumber": "4696282",
    "commercialArticleNumber": "30739",
    "name": "Spritz Alcohol Free",
    "description": "*Aperitief\n*Alcoholvrij",
    "brand": "NIGHT ORIENT",
    "seoBrand": "Night Orient",
    "thumbNail": "https://static.colruytgroup.com/images/200x200/std.lang.all/11/03/asset-3261103.jpg",
    "fullImage": "https://static.colruytgroup.com/images/500x500/std.lang.all/11/03/asset-3261103.jpg",
    "squareImage": "https://static.colruytgroup.com/images/500x500sq/std.lang.all/11/03/asset-3261103.jpg",
    "content": "75cl",
    "walkRouteSequenceNumber": 612,
    "price": {
      "basicPrice": 4.99,
      "recommendedQuantity": "1.0",
      "measurementUnitPrice": 6.66,
      "measurementUnit": "L",
      "isRedPrice": false,
      "pricePerUOM": 6.66,
      "activationDate": "01-03-2024",
      "recordSource": "Offline",
      "isPromoActive": "N",
      "priceChangeCode": "E"
    },
    "isAvailable": true,
    "isPriceAvailable": true,
    "inPromo": false,
    "gtin": [
      "05425030341735",
      "05425030341728"
    ],
    "topCategoryName": "Dranken",
    "topCategoryId": "354",
    "businessDomain": "RETAIL_BE",
    "IsPrivateLabel": false,
    "IsBiffe": false,
    "WeightconversionFactor": "0",
    "IsWeightArticle": false,
    "IsBio": false,
    "CountryOfOrigin": "BELGIË",
    "IsExclusivelySoldInLuxembourg": false,
    "OrderUnit": "P",
    "ShortName": "NIOR SPRITZ 0% 75CL",
    "IsNew": false,
    "RecentQuanityOfStockUnits": "1,6",
    "LongName": "NIGHT ORIENT Spritz Alcohol Free 75cl",
    "AlcoholVolume": "0",
    "FicCode": "E"
  },
  {
    "productId": "262001",
    "technicalArticleNumber": "3584019",
    "commercialArticleNumber": "17855",
    "name": "aperitief 16,5%vol",
    "description": "*Aperitief\n*16,5 % vol",
    "brand": "CYNAR",
    "seoBrand": "Cynar",
    "thumbNail": "https://static.colruytgroup.com/images/200x200/std.lang.all/07/98/asset-1060798.jpg",
    "fullImage": "https://static.colruytgroup.com/images/500x500/std.lang.all/07/98/asset-1060798.jpg",
    "squareImage": "https://static.colruytgroup.com/images/500x500sq/std.lang.all/07/98/asset-1060798.jpg",
    "content": "70cl",
    "walkRouteSequenceNumber": 866,
    "price": {
      "basicPrice": 15.99,
      "recommendedQuantity": "1.0",
      "measurementUnitPrice": 22.85,
      "measurementUnit": "L",
      "isRedPrice": false,
      "pricePerUOM": 22.85,
      "activationDate": "13-03-2024",
      "recordSource": "Online",
      "isPromoActive": "Y",
      "priceChangeCode": "E"
    },
    "isAvailable": true,
    "isPriceAvailable": true,
    "inPromo": false,
    "gtin": [
      "08002250800074",
      "08002240001023",
      "05425008641348"
    ],
    "topCategoryName": "Dranken",
    "topCategoryId": "354",
    "businessDomain": "RETAIL_BE",
    "IsPrivateLabel": false,
    "IsBiffe": false,
    "WeightconversionFactor": "0",
    "IsWeightArticle": false,
    "IsBio": false,
    "CountryOfOrigin": "ITALIË",
    "IsExclusivelySoldInLuxembourg": false,
    "OrderUnit": "P",
    "ShortName": "CYNAR 70CL",
    "IsNew": false,
    "EcoscoreLabel": "D",
    "RecentQuanityOfStockUnits": "1",
    "LongName": "CYNAR aperitief 16,5%vol 70cl",
    "AlcoholVolume": "16.5",
    "FicCode": "E",
    "EcoscoreValue": "33"
  },
  {
    "productId": "412",
    "technicalArticleNumber": "5058",
    "commercialArticleNumber": "5058",
    "name": "pils 5%",
    "description": "*Pils\n*5 % vol",
    "brand": "CARLSBERG",
    "seoBrand": "Carlsberg",
    "thumbNail": "https://static.colruytgroup.com/images/200x200/std.lang.all/89/57/asset-2728957.jpg",
    "fullImage": "https://static.colruytgroup.com/images/500x500/std.lang.all/89/57/asset-2728957.jpg",
    "squareImage": "https://static.colruytgroup.com/images/500x500sq/std.lang.all/89/57/asset-2728957.jpg",
    "content": "24x25cl",
    "walkRouteSequenceNumber": 3914,
    "price": {
      "basicPrice": 26.37,
      "recommendedQuantity": "1.0",
      "measurementUnitPrice": 4.4,
      "measurementUnit": "L",
      "isRedPrice": false,
      "pricePerUOM": 4.4,
      "activationDate": "03-02-2024",
      "isPromoActive": "N",
      "priceChangeCode": "H"
    },
    "isAvailable": true,
    "isPriceAvailable": true,
    "inPromo": false,
    "gtin": [
      "05740600200541",
      "03080216054605"
    ],
    "topCategoryName": "Dranken",
    "topCategoryId": "354",
    "businessDomain": "RETAIL_BE",
    "IsPrivateLabel": false,
    "IsBiffe": false,
    "WeightconversionFactor": "0",
    "IsWeightArticle": false,
    "IsBio": false,
    "CountryOfOrigin": "FRANKRIJK",
    "IsExclusivelySoldInLuxembourg": false,
    "OrderUnit": "P",
    "ShortName": "CARL PILS 5% 24X25CL",
    "InSeason": true,
    "IsNew": false,
    "EcoscoreLabel": "C",
    "RecentQuanityOfStockUnits": "1",
    "LongName": "CARLSBERG pils 5% 24x25cl",
    "AlcoholVolume": "5",
    "StartSeasonDate": "16/01/2008",
    "FicCode": "E",
    "DepositValue": [
      4.5
    ],
    "EcoscoreValue": "54"
  },
  {
    "productId": "796223",
    "technicalArticleNumber": "4606652",
    "commercialArticleNumber": "29460",
    "name": "Pink It Up! 5% blik",
    "description": "*Vodka based\n*Ready to drink\n*5 % vol",
    "brand": "ERISTOFF",
    "seoBrand": "Eristoff",
    "thumbNail": "https://static.colruytgroup.com/images/200x200/std.lang.all/42/76/asset-2844276.jpg",
    "fullImage": "https://static.colruytgroup.com/images/500x500/std.lang.all/42/76/asset-2844276.jpg",
    "squareImage": "https://static.colruytgroup.com/images/500x500sq/std.lang.all/42/76/asset-2844276.jpg",
    "content": "25cl",
    "walkRouteSequenceNumber": 782,
    "price": {
      "basicPrice": 2.49,
      "recommendedQuantity": "1.0",
      "measurementUnitPrice": 9.96,
      "measurementUnit": "L",
      "isRedPrice": false,
      "pricePerUOM": 9.96,
      "activationDate": "15-03-2024",
      "recordSource": "Offline",
      "isPromoActive": "N",
      "priceChangeCode": "H"
    },
    "isAvailable": true,
    "isPriceAvailable": true,
    "inPromo": false,
    "gtin": [
      "07610113018156",
      "07610113018163"
    ],
    "topCategoryName": "Dranken",
    "topCategoryId": "354",
    "businessDomain": "RETAIL_BE",
    "IsPrivateLabel": false,
    "IsBiffe": false,
    "WeightconversionFactor": "0",
    "IsWeightArticle": false,
    "IsBio": false,
    "CountryOfOrigin": "BELGIË",
    "IsExclusivelySoldInLuxembourg": false,
    "OrderUnit": "P",
    "ShortName": "ERIS PINK IT UP BLIK25C",
    "IsNew": false,
    "EcoscoreLabel": "D",
    "RecentQuanityOfStockUnits": "1,12",
    "LongName": "ERISTOFF Pink It Up! 5% blik 25cl",
    "AlcoholVolume": "5",
    "FicCode": "E",
    "EcoscoreValue": "38"
  },
  {
    "productId": "1769",
    "technicalArticleNumber": "22769",
    "commercialArticleNumber": "22769",
    "name": "koffiefilters Original 102",
    "brand": "MELITTA",
    "seoBrand": "Melitta",
    "thumbNail": "https://static.colruytgroup.com/images/200x200/std.lang.all/59/46/asset-1555946.jpg",
    "fullImage": "https://static.colruytgroup.com/images/500x500/std.lang.all/59/46/asset-1555946.jpg",
    "squareImage": "https://static.colruytgroup.com/images/500x500sq/std.lang.all/59/46/asset-1555946.jpg",
    "content": "100st",
    "walkRouteSequenceNumber": 1130,
    "price": {
      "basicPrice": 8.19,
      "recommendedQuantity": "1.0",
      "measurementUnitPrice": 0.082,
      "measurementUnit": "S",
      "isRedPrice": false,
      "pricePerUOM": 0.082,
      "activationDate": "01-03-2024",
      "recordSource": "Offline",
      "isPromoActive": "N",
      "priceChangeCode": "H"
    },
    "isAvailable": true,
    "isPriceAvailable": true,
    "inPromo": false,
    "gtin": [
      "04006508121250",
      "04006508200276",
      "04006508977468"
    ],
    "topCategoryName": "Dranken",
    "topCategoryId": "354",
    "businessDomain": "RETAIL_BE",
    "IsPrivateLabel": false,
    "IsBiffe": false,
    "WeightconversionFactor": "0",
    "IsWeightArticle": false,
    "IsBio": false,
    "CountryOfOrigin": "BELGIË",
    "IsExclusivelySoldInLuxembourg": false,
    "OrderUnit": "P",
    "ShortName": "MEL 100 FILTERS 102",
    "IsNew": false,
    "RecentQuanityOfStockUnits": "1",
    "LongName": "MELITTA koffiefilters Original 102 100st",
    "AlcoholVolume": "0",
    "FicCode": "N"
  },
  {
    "productId": "69028",
    "technicalArticleNumber": "2761073",
    "commercialArticleNumber": "42735",
    "name": "Grand Cru 9,5%vol",
    "description": "*Abdijbier\n*Tripel blond\n*9,5 % vol\n*Nagisting op fles",
    "brand": "ST FEUILLIEN",
    "seoBrand": "St Feuillien",
    "thumbNail": "https://static.colruytgroup.com/images/200x200/std.lang.all/72/94/asset-3267294.jpg",
    "fullImage": "https://static.colruytgroup.com/images/500x500/std.lang.all/72/94/asset-3267294.jpg",
    "squareImage": "https://static.colruytgroup.com/images/500x500sq/std.lang.all/72/94/asset-3267294.jpg",
    "content": "6x33cl",
    "walkRouteSequenceNumber": 3707,
    "price": {
      "basicPrice": 9.54,
      "recommendedQuantity": "1.0",
      "measurementUnitPrice": 4.82,
      "measurementUnit": "L",
      "isRedPrice": false,
      "pricePerUOM": 4.82,
      "activationDate": "16-03-2024",
      "recordSource": "Offline",
      "isPromoActive": "N",
      "priceChangeCode": "L"
    },
    "isAvailable": true,
    "isPriceAvailable": true,
    "inPromo": false,
    "gtin": [
      "05400141015454"
    ],
    "topCategoryName": "Dranken",
    "topCategoryId": "354",
    "businessDomain": "RETAIL_BE",
    "IsPrivateLabel": false,
    "IsBiffe": false,
    "WeightconversionFactor": "0",
    "IsWeightArticle": false,
    "IsBio": false,
    "CountryOfOrigin": "BELGIË",
    "IsExclusivelySoldInLuxembourg": false,
    "OrderUnit": "P",
    "ShortName": "STFE GRAND CRU 6X33CL",
    "IsNew": false,
    "EcoscoreLabel": "D",
    "RecentQuanityOfStockUnits": "1",
    "LongName": "ST FEUILLIEN Grand Cru 9,5%vol 6x33cl",
    "AlcoholVolume": "9.5",
    "FicCode": "E",
    "DepositValue": [
      0.6
    ],
    "EcoscoreValue": "37"
  },
  {
    "productId": "585065",
    "technicalArticleNumber": "4240418",
    "commercialArticleNumber": "19401",
    "name": "blond 6,7% blik",
    "description": "*Abdijbier\n*6,7 % vol",
    "brand": "GRIMBERGEN",
    "seoBrand": "Grimbergen",
    "thumbNail": "https://static.colruytgroup.com/images/200x200/std.lang.all/81/84/asset-2078184.jpg",
    "fullImage": "https://static.colruytgroup.com/images/500x500/std.lang.all/81/84/asset-2078184.jpg",
    "squareImage": "https://static.colruytgroup.com/images/500x500sq/std.lang.all/81/84/asset-2078184.jpg",
    "content": "50cl",
    "walkRouteSequenceNumber": 3656,
    "price": {
      "basicPrice": 2.22,
      "recommendedQuantity": "4.0",
      "measurementUnitPrice": 4.44,
      "measurementUnit": "L",
      "isRedPrice": false,
      "pricePerUOM": 4.44,
      "activationDate": "22-03-2024",
      "recordSource": "Offline",
      "isPromoActive": "N",
      "priceChangeCode": "H"
    },
    "isAvailable": true,
    "isPriceAvailable": true,
    "inPromo": false,
    "gtin": [
      "05410263921977",
      "05410263919714",
      "05410263921984"
    ],
    "topCategoryName": "Dranken",
    "topCategoryId": "354",
    "businessDomain": "RETAIL_BE",
    "IsPrivateLabel": false,
    "IsBiffe": false,
    "WeightconversionFactor": "0",
    "IsWeightArticle": false,
    "IsBio": false,
    "CountryOfOrigin": "BELGIË",
    "IsExclusivelySoldInLuxembourg": false,
    "OrderUnit": "P",
    "ShortName": "GRIM BLOND BLIK 50CL",
    "InSeason": true,
    "IsNew": false,
    "EcoscoreLabel": "B",
    "RecentQuanityOfStockUnits": "4,1,24",
    "LongName": "GRIMBERGEN blond 6,7% blik 50cl",
    "AlcoholVolume": "6.7",
    "StartSeasonDate": "19/12/2022",
    "FicCode": "E",
    "EcoscoreValue": "67"
  },
  {
    "productId": "324404",
    "technicalArticleNumber": "3768756",
    "commercialArticleNumber": "16403",
    "name": "Pink Gin 37,5%",
    "description": "*fruitig-zacht\n*met neutrale tonic\n*garn. aardbei\n*Spanje",
    "brand": "GIN MG",
    "seoBrand": "Gin Mg",
    "thumbNail": "https://static.colruytgroup.com/images/200x200/std.lang.all/36/72/asset-2083672.jpg",
    "fullImage": "https://static.colruytgroup.com/images/500x500/std.lang.all/36/72/asset-2083672.jpg",
    "squareImage": "https://static.colruytgroup.com/images/500x500sq/std.lang.all/36/72/asset-2083672.jpg",
    "content": "70cl",
    "walkRouteSequenceNumber": 739,
    "price": {
      "basicPrice": 15.69,
      "recommendedQuantity": "1.0",
      "measurementUnitPrice": 22.42,
      "measurementUnit": "L",
      "isRedPrice": true,
      "redPriceReason": "Promo",
      "referencePrice": 18.49,
      "retentionPeriod": 30,
      "pricePerUOM": 22.42,
      "activationDate": "13-03-2024",
      "isPromoActive": "Y",
      "priceChangeCode": "L"
    },
    "isAvailable": true,
    "isPriceAvailable": true,
    "inPromo": false,
    "gtin": [
      "08411640012070",
      "18411640012077",
      "18411640010356",
      "18411640010479",
      "08411640010472",
      "08411640010359"
    ],
    "topCategoryName": "Dranken",
    "topCategoryId": "354",
    "businessDomain": "RETAIL_BE",
    "IsPrivateLabel": false,
    "IsBiffe": false,
    "WeightconversionFactor": "0",
    "IsWeightArticle": false,
    "IsBio": false,
    "CountryOfOrigin": "SPANJE",
    "IsExclusivelySoldInLuxembourg": false,
    "OrderUnit": "P",
    "ShortName": "MG PINK GIN 37.5% 70CL",
    "IsNew": false,
    "EcoscoreLabel": "B",
    "RecentQuanityOfStockUnits": "1",
    "LongName": "GIN MG Pink Gin 37,5% 70cl",
    "AlcoholVolume": "37.5",
    "FicCode": "E",
    "EcoscoreValue": "62"
  },
  {
    "productId": "45411",
    "technicalArticleNumber": "2548875",
    "commercialArticleNumber": "23213",
    "name": "Muscat Rivesaltes 16%",
    "description": "*Likeurwijn\n*Aperitief\n*16,0 % vol",
    "brand": "JARDIN D'EDEN",
    "seoBrand": "Jardin d'Eden",
    "thumbNail": "https://static.colruytgroup.com/images/200x200/std.lang.all/12/54/asset-391254.jpg",
    "fullImage": "https://static.colruytgroup.com/images/500x500/std.lang.all/12/54/asset-391254.jpg",
    "squareImage": "https://static.colruytgroup.com/images/500x500sq/std.lang.all/12/54/asset-391254.jpg",
    "content": "75cl",
    "walkRouteSequenceNumber": 673,
    "price": {
      "basicPrice": 7.99,
      "recommendedQuantity": "1.0",
      "quantityPrice": 7.67,
      "quantityPriceQuantity": "6.0",
      "measurementUnitPrice": 10.66,
      "measurementUnitQuantityPrice": 10.23,
      "measurementUnit": "L",
      "isRedPrice": false,
      "pricePerUOM": 10.66,
      "activationDate": "16-02-2024",
      "recordSource": "Offline",
      "isPromoActive": "N",
      "priceChangeCode": "E",
      "quantityPricePerUOM": 10.23,
      "quantityActivationDate": "16-02-2024",
      "quantityPriceChangeCode": "E"
    },
    "isAvailable": true,
    "isPriceAvailable": true,
    "inPromo": false,
    "gtin": [
      "03331560500349",
      "03331560506341"
    ],
    "topCategoryName": "Dranken",
    "topCategoryId": "354",
    "businessDomain": "RETAIL_BE",
    "IsPrivateLabel": false,
    "IsBiffe": false,
    "WeightconversionFactor": "0",
    "IsWeightArticle": false,
    "IsBio": false,
    "CountryOfOrigin": "BELGIË",
    "IsExclusivelySoldInLuxembourg": false,
    "OrderUnit": "P",
    "ShortName": "MUSCAT RIVESALTES 75CL",
    "IsNew": false,
    "EcoscoreLabel": "B",
    "RecentQuanityOfStockUnits": "1",
    "LongName": "JARDIN D'EDEN Muscat Rivesaltes 16% 75cl",
    "AlcoholVolume": "16",
    "FicCode": "E",
    "EcoscoreValue": "61"
  },
  {
    "productId": "681047",
    "technicalArticleNumber": "4400482",
    "commercialArticleNumber": "24618",
    "name": "Italian Style pads",
    "description": "*Pads",
    "brand": "ROMBOUTS",
    "seoBrand": "Rombouts",
    "thumbNail": "https://static.colruytgroup.com/images/200x200/std.lang.all/48/94/asset-2884894.jpg",
    "fullImage": "https://static.colruytgroup.com/images/500x500/std.lang.all/48/94/asset-2884894.jpg",
    "squareImage": "https://static.colruytgroup.com/images/500x500sq/std.lang.all/48/94/asset-2884894.jpg",
    "content": "32st",
    "walkRouteSequenceNumber": 1203,
    "price": {
      "basicPrice": 4.75,
      "recommendedQuantity": "1.0",
      "measurementUnitPrice": 21.21,
      "measurementUnit": "K",
      "isRedPrice": false,
      "pricePerUOM": 21.21,
      "activationDate": "19-03-2024",
      "recordSource": "Offline",
      "isPromoActive": "N",
      "priceChangeCode": "E"
    },
    "isAvailable": true,
    "isPriceAvailable": true,
    "inPromo": false,
    "gtin": [
      "05410173014202",
      "15410173014209"
    ],
    "topCategoryName": "Dranken",
    "topCategoryId": "354",
    "businessDomain": "RETAIL_BE",
    "IsPrivateLabel": false,
    "IsBiffe": false,
    "WeightconversionFactor": "0",
    "IsWeightArticle": false,
    "nutriscoreLabel": "B",
    "IsBio": false,
    "CountryOfOrigin": "BELGIË",
    "IsExclusivelySoldInLuxembourg": false,
    "OrderUnit": "P",
    "ShortName": "ROMB ITAL.STYLE PADS32S",
    "IsNew": false,
    "EcoscoreLabel": "C",
    "RecentQuanityOfStockUnits": "1,6",
    "LongName": "ROMBOUTS Italian Style pads 32st",
    "FicCode": "E",
    "EcoscoreValue": "40"
  },
  {
    "productId": "417",
    "technicalArticleNumber": "5082",
    "commercialArticleNumber": "5082",
    "name": "witbier 4,9% bak",
    "description": "*Witbier\n*4,9 % vol\n*Nagisting op fles",
    "brand": "HOEGAARDEN",
    "seoBrand": "Hoegaarden",
    "thumbNail": "https://static.colruytgroup.com/images/200x200/std.lang.all/56/37/asset-1755637.jpg",
    "fullImage": "https://static.colruytgroup.com/images/500x500/std.lang.all/56/37/asset-1755637.jpg",
    "squareImage": "https://static.colruytgroup.com/images/500x500sq/std.lang.all/56/37/asset-1755637.jpg",
    "content": "24x25cl",
    "walkRouteSequenceNumber": 3932,
    "price": {
      "basicPrice": 23.28,
      "recommendedQuantity": "1.0",
      "measurementUnitPrice": 3.88,
      "measurementUnit": "L",
      "isRedPrice": false,
      "pricePerUOM": 3.88,
      "activationDate": "05-03-2024",
      "isPromoActive": "N",
      "priceChangeCode": "H"
    },
    "isAvailable": true,
    "isPriceAvailable": true,
    "inPromo": false,
    "gtin": [
      "05400141050820",
      "05410228134374",
      "05410228141884"
    ],
    "topCategoryName": "Dranken",
    "topCategoryId": "354",
    "businessDomain": "RETAIL_BE",
    "IsPrivateLabel": false,
    "IsBiffe": false,
    "WeightconversionFactor": "0",
    "IsWeightArticle": false,
    "IsBio": false,
    "CountryOfOrigin": "BELGIË",
    "IsExclusivelySoldInLuxembourg": false,
    "OrderUnit": "P",
    "ShortName": "HOEGAARDEN WIT 24X25CL.",
    "IsNew": false,
    "RecentQuanityOfStockUnits": "1",
    "LongName": "HOEGAARDEN witbier 4,9% bak 24x25cl",
    "AlcoholVolume": "4.9",
    "FicCode": "I",
    "DepositValue": [
      4.5
    ]
  },
  {
    "productId": "697914",
    "technicalArticleNumber": "4428520",
    "commercialArticleNumber": "1616",
    "name": "Hopera 6%",
    "description": "*Blond bier\n*6 % vol",
    "brand": "LUPULUS",
    "seoBrand": "Lupulus",
    "thumbNail": "https://static.colruytgroup.com/images/200x200/std.lang.all/48/93/asset-2404893.jpg",
    "fullImage": "https://static.colruytgroup.com/images/500x500/std.lang.all/48/93/asset-2404893.jpg",
    "squareImage": "https://static.colruytgroup.com/images/500x500sq/std.lang.all/48/93/asset-2404893.jpg",
    "content": "4x33cl",
    "walkRouteSequenceNumber": 3727,
    "price": {
      "basicPrice": 7.79,
      "recommendedQuantity": "1.0",
      "quantityPrice": 7.48,
      "quantityPriceQuantity": "3.0",
      "measurementUnitPrice": 5.91,
      "measurementUnitQuantityPrice": 5.67,
      "measurementUnit": "L",
      "isRedPrice": false,
      "pricePerUOM": 5.91,
      "activationDate": "30-01-2024",
      "recordSource": "Offline",
      "isPromoActive": "N",
      "priceChangeCode": "H",
      "quantityPricePerUOM": 5.67,
      "quantityActivationDate": "30-01-2024",
      "quantityPriceChangeCode": "E"
    },
    "isAvailable": true,
    "isPriceAvailable": true,
    "inPromo": false,
    "gtin": [
      "05400141490220",
      "05425025122011",
      "05425025122356"
    ],
    "topCategoryName": "Dranken",
    "topCategoryId": "354",
    "businessDomain": "RETAIL_BE",
    "IsPrivateLabel": false,
    "IsBiffe": false,
    "WeightconversionFactor": "0",
    "IsWeightArticle": false,
    "IsBio": false,
    "CountryOfOrigin": "BELGIË",
    "IsExclusivelySoldInLuxembourg": false,
    "OrderUnit": "P",
    "ShortName": "LUPU HOPERA 6% 4X33CL",
    "IsNew": false,
    "EcoscoreLabel": "B",
    "RecentQuanityOfStockUnits": "1",
    "LongName": "LUPULUS Hopera 6% 4x33cl",
    "AlcoholVolume": "6",
    "FicCode": "E",
    "DepositValue": [
      0.4
    ],
    "EcoscoreValue": "72"
  },
  {
    "productId": "826136",
    "technicalArticleNumber": "4663260",
    "commercialArticleNumber": "29951",
    "name": "Vermouth Origin.Dry 18%",
    "description": "*Vermout\n*Aperitief\n*18 % vol",
    "brand": "NOILLY PRAT",
    "seoBrand": "Noilly Prat",
    "thumbNail": "https://static.colruytgroup.com/images/200x200/std.lang.all/56/98/asset-2935698.jpg",
    "fullImage": "https://static.colruytgroup.com/images/500x500/std.lang.all/56/98/asset-2935698.jpg",
    "squareImage": "https://static.colruytgroup.com/images/500x500sq/std.lang.all/56/98/asset-2935698.jpg",
    "content": "75cl",
    "walkRouteSequenceNumber": 856,
    "price": {
      "basicPrice": 13.45,
      "recommendedQuantity": "1.0",
      "measurementUnitPrice": 17.94,
      "measurementUnit": "L",
      "isRedPrice": false,
      "pricePerUOM": 17.94,
      "activationDate": "15-03-2024",
      "recordSource": "Offline",
      "isPromoActive": "N",
      "priceChangeCode": "H"
    },
    "isAvailable": true,
    "isPriceAvailable": true,
    "inPromo": false,
    "gtin": [
      "03023010003592",
      "07640175720094"
    ],
    "topCategoryName": "Dranken",
    "topCategoryId": "354",
    "businessDomain": "RETAIL_BE",
    "IsPrivateLabel": false,
    "IsBiffe": false,
    "WeightconversionFactor": "0",
    "IsWeightArticle": false,
    "IsBio": false,
    "CountryOfOrigin": "FRANKRIJK",
    "IsExclusivelySoldInLuxembourg": false,
    "OrderUnit": "P",
    "ShortName": "NOIL VERMOUTH OR.DRY75C",
    "IsNew": false,
    "EcoscoreLabel": "D",
    "RecentQuanityOfStockUnits": "1",
    "LongName": "NOILLY PRAT Vermouth Origin.Dry 18% 75cl",
    "AlcoholVolume": "18",
    "FicCode": "E",
    "EcoscoreValue": "27"
  },
  {
    "productId": "795299",
    "technicalArticleNumber": "4604410",
    "commercialArticleNumber": "19121",
    "name": "8,5%",
    "description": "*Fruitbier\n*Smaak: framboos\n*8,5 % vol",
    "brand": "FRAM'BUSH",
    "seoBrand": "Fram'Bush",
    "thumbNail": "https://static.colruytgroup.com/images/200x200/std.lang.all/89/44/asset-2818944.jpg",
    "fullImage": "https://static.colruytgroup.com/images/500x500/std.lang.all/89/44/asset-2818944.jpg",
    "squareImage": "https://static.colruytgroup.com/images/500x500sq/std.lang.all/89/44/asset-2818944.jpg",
    "content": "6x33cl",
    "walkRouteSequenceNumber": 3765,
    "price": {
      "basicPrice": 11.16,
      "recommendedQuantity": "1.0",
      "quantityPrice": 10.71,
      "quantityPriceQuantity": "3.0",
      "measurementUnitPrice": 5.64,
      "measurementUnitQuantityPrice": 5.41,
      "measurementUnit": "L",
      "isRedPrice": false,
      "pricePerUOM": 5.64,
      "activationDate": "13-03-2024",
      "recordSource": "Online",
      "isPromoActive": "N",
      "priceChangeCode": "H",
      "quantityPricePerUOM": 5.41,
      "quantityActivationDate": "13-03-2024",
      "quantityPriceChangeCode": "E"
    },
    "isAvailable": true,
    "isPriceAvailable": true,
    "inPromo": true,
    "promotion": [
      {
        "techPromoId": "100950COLR",
        "promotionId": "100950",
        "promotionType": "3",
        "isPersonalized": "N",
        "publicationStartDate": "13-03-2024",
        "publicationEndDate": "26-03-2024"
      }
    ],
    "gtin": [
      "05400141432190",
      "05411551300917"
    ],
    "topCategoryName": "Dranken",
    "topCategoryId": "354",
    "businessDomain": "RETAIL_BE",
    "IsPrivateLabel": false,
    "IsBiffe": false,
    "WeightconversionFactor": "0",
    "IsWeightArticle": false,
    "IsBio": false,
    "CountryOfOrigin": "BELGIË",
    "IsExclusivelySoldInLuxembourg": false,
    "OrderUnit": "P",
    "ShortName": "FRAM BIER 8.5% 6X33CL",
    "IsNew": false,
    "EcoscoreLabel": "D",
    "RecentQuanityOfStockUnits": "1",
    "LongName": "FRAM'BUSH 8,5% 6x33cl",
    "AlcoholVolume": "8.5",
    "FicCode": "E",
    "DepositValue": [
      0.6
    ],
    "EcoscoreValue": "37"
  },
  {
    "productId": "16088",
    "technicalArticleNumber": "1548530",
    "commercialArticleNumber": "19374",
    "name": "18% +43% gratis",
    "description": "*Likeur\n*Digestief\n*18,0 % vol\n*Beperkte voorraad",
    "brand": "HASSELT KAFFÉ",
    "seoBrand": "Hasselt Kaffé Smeets",
    "thumbNail": "https://static.colruytgroup.com/images/200x200/std.lang.all/40/94/asset-3034094.jpg",
    "fullImage": "https://static.colruytgroup.com/images/500x500/std.lang.all/40/94/asset-3034094.jpg",
    "squareImage": "https://static.colruytgroup.com/images/500x500sq/std.lang.all/40/94/asset-3034094.jpg",
    "content": "1L",
    "walkRouteSequenceNumber": 950,
    "price": {
      "basicPrice": 12.59,
      "recommendedQuantity": "1.0",
      "measurementUnitPrice": 12.59,
      "measurementUnit": "L",
      "isRedPrice": false,
      "pricePerUOM": 12.59,
      "activationDate": "19-03-2024",
      "recordSource": "Online",
      "isPromoActive": "N",
      "priceChangeCode": "E"
    },
    "isAvailable": true,
    "isPriceAvailable": true,
    "inPromo": false,
    "gtin": [
      "15410293032084",
      "05410293032087"
    ],
    "topCategoryName": "Dranken",
    "topCategoryId": "354",
    "businessDomain": "RETAIL_BE",
    "IsPrivateLabel": false,
    "IsBiffe": false,
    "WeightconversionFactor": "0",
    "IsWeightArticle": false,
    "IsBio": false,
    "CountryOfOrigin": "BELGIË",
    "IsExclusivelySoldInLuxembourg": false,
    "OrderUnit": "P",
    "ShortName": "HAKA 18% 70CL+43%GR",
    "InSeason": true,
    "IsNew": false,
    "EcoscoreLabel": "E",
    "RecentQuanityOfStockUnits": "1,6",
    "LongName": "HASSELT KAFFÉ 18% +43% gratis 1L",
    "AlcoholVolume": "18",
    "StartSeasonDate": "06/10/2023",
    "FicCode": "E",
    "EcoscoreValue": "18"
  },
  {
    "productId": "471087",
    "technicalArticleNumber": "4065332",
    "commercialArticleNumber": "7150",
    "name": "Tropical Fruits PET",
    "description": "*Multivruchtensap\n*Puur sap\n*100 % fruit\n*Zonder pulp",
    "brand": "TROPICANA",
    "seoBrand": "Tropicana",
    "thumbNail": "https://static.colruytgroup.com/images/200x200/std.lang.all/48/98/asset-3374898.jpg",
    "fullImage": "https://static.colruytgroup.com/images/500x500/std.lang.all/48/98/asset-3374898.jpg",
    "squareImage": "https://static.colruytgroup.com/images/500x500sq/std.lang.all/48/98/asset-3374898.jpg",
    "content": "90cl",
    "walkRouteSequenceNumber": 5043,
    "price": {
      "basicPrice": 4.79,
      "recommendedQuantity": "1.0",
      "measurementUnitPrice": 5.33,
      "measurementUnit": "L",
      "isRedPrice": false,
      "pricePerUOM": 5.33,
      "activationDate": "21-03-2024",
      "recordSource": "Offline",
      "isPromoActive": "N",
      "priceChangeCode": "H"
    },
    "isAvailable": true,
    "isPriceAvailable": true,
    "inPromo": false,
    "gtin": [
      "05410188037050",
      "05410188037043"
    ],
    "topCategoryName": "Dranken",
    "topCategoryId": "354",
    "businessDomain": "RETAIL_BE",
    "IsPrivateLabel": false,
    "IsBiffe": false,
    "WeightconversionFactor": "0",
    "IsWeightArticle": false,
    "nutriscoreLabel": "C",
    "IsBio": false,
    "CountryOfOrigin": "EUROPA",
    "IsExclusivelySoldInLuxembourg": false,
    "OrderUnit": "P",
    "ShortName": "TROP TROPIC.FRUITS 90CL",
    "IsNew": false,
    "RecentQuanityOfStockUnits": "1,6",
    "LongName": "TROPICANA Tropical Fruits PET 90cl",
    "FicCode": "E"
  },
  {
    "productId": "1323",
    "technicalArticleNumber": "18077",
    "commercialArticleNumber": "18077",
    "name": "whisky 12Y 40%",
    "description": "*Single malt whisky\n*Schotland\n*Licht en floraal\n*12 jaar gerijpt",
    "brand": "GLENFIDDICH",
    "seoBrand": "Glenfiddich",
    "thumbNail": "https://static.colruytgroup.com/images/200x200/std.lang.all/97/85/asset-1919785.jpg",
    "fullImage": "https://static.colruytgroup.com/images/500x500/std.lang.all/97/85/asset-1919785.jpg",
    "squareImage": "https://static.colruytgroup.com/images/500x500sq/std.lang.all/97/85/asset-1919785.jpg",
    "content": "70cl",
    "walkRouteSequenceNumber": 966,
    "price": {
      "basicPrice": 34.99,
      "recommendedQuantity": "1.0",
      "measurementUnitPrice": 49.99,
      "measurementUnit": "L",
      "isRedPrice": false,
      "pricePerUOM": 49.99,
      "activationDate": "14-03-2024",
      "recordSource": "Offline",
      "isPromoActive": "N",
      "priceChangeCode": "E"
    },
    "isAvailable": true,
    "isPriceAvailable": true,
    "inPromo": false,
    "gtin": [
      "05010327325033",
      "05010327335650",
      "05010327000176"
    ],
    "topCategoryName": "Dranken",
    "topCategoryId": "354",
    "businessDomain": "RETAIL_BE",
    "IsPrivateLabel": false,
    "IsBiffe": false,
    "WeightconversionFactor": "0",
    "IsWeightArticle": false,
    "IsBio": false,
    "CountryOfOrigin": "VERENIGD KONINKRIJK",
    "IsExclusivelySoldInLuxembourg": false,
    "OrderUnit": "P",
    "ShortName": "/GLENFIDD 12Y 40G 70CL",
    "IsNew": false,
    "EcoscoreLabel": "B",
    "RecentQuanityOfStockUnits": "1",
    "LongName": "GLENFIDDICH whisky 12Y 40% 70cl",
    "AlcoholVolume": "40",
    "FicCode": "E",
    "EcoscoreValue": "72"
  },
  {
    "productId": "389481",
    "technicalArticleNumber": "3939145",
    "commercialArticleNumber": "1346",
    "name": "bier blond 8%",
    "description": "*8% vol\n*Sterk blond bier\n*Nagisting op fles",
    "brand": "OMER",
    "seoBrand": "Omer",
    "thumbNail": "https://static.colruytgroup.com/images/200x200/std.lang.all/11/99/asset-2621199.jpg",
    "fullImage": "https://static.colruytgroup.com/images/500x500/std.lang.all/11/99/asset-2621199.jpg",
    "squareImage": "https://static.colruytgroup.com/images/500x500sq/std.lang.all/11/99/asset-2621199.jpg",
    "content": "75cl",
    "walkRouteSequenceNumber": 3594,
    "price": {
      "basicPrice": 4.99,
      "recommendedQuantity": "1.0",
      "measurementUnitPrice": 6.66,
      "measurementUnit": "L",
      "isRedPrice": false,
      "pricePerUOM": 6.66,
      "activationDate": "14-03-2024",
      "recordSource": "Offline",
      "isPromoActive": "N",
      "priceChangeCode": "E"
    },
    "isAvailable": true,
    "isPriceAvailable": true,
    "inPromo": false,
    "gtin": [
      "05411858000152",
      "05411858011967"
    ],
    "topCategoryName": "Dranken",
    "topCategoryId": "354",
    "businessDomain": "RETAIL_BE",
    "IsPrivateLabel": false,
    "IsBiffe": false,
    "WeightconversionFactor": "0",
    "IsWeightArticle": false,
    "IsBio": false,
    "CountryOfOrigin": "BELGIË",
    "IsExclusivelySoldInLuxembourg": false,
    "OrderUnit": "P",
    "ShortName": "OMER BLOND 8% 75CL",
    "IsNew": false,
    "EcoscoreLabel": "B",
    "RecentQuanityOfStockUnits": "1,6",
    "LongName": "OMER bier blond 8% 75cl",
    "AlcoholVolume": "8",
    "FicCode": "E",
    "EcoscoreValue": "72"
  },
  {
    "productId": "427234",
    "technicalArticleNumber": "3965230",
    "commercialArticleNumber": "2768",
    "name": "oude jenever 35%",
    "description": "*35 % vol",
    "brand": "MARIE GALANTE",
    "seoBrand": "Marie Galante",
    "thumbNail": "https://static.colruytgroup.com/images/200x200/std.lang.all/42/05/asset-1804205.jpg",
    "fullImage": "https://static.colruytgroup.com/images/500x500/std.lang.all/42/05/asset-1804205.jpg",
    "squareImage": "https://static.colruytgroup.com/images/500x500sq/std.lang.all/42/05/asset-1804205.jpg",
    "content": "1L",
    "walkRouteSequenceNumber": 906,
    "price": {
      "basicPrice": 15.99,
      "recommendedQuantity": "1.0",
      "measurementUnitPrice": 15.99,
      "measurementUnit": "L",
      "isRedPrice": false,
      "pricePerUOM": 15.99,
      "activationDate": "10-11-2023",
      "recordSource": "Offline",
      "isPromoActive": "N",
      "priceChangeCode": "E"
    },
    "isAvailable": true,
    "isPriceAvailable": true,
    "inPromo": false,
    "gtin": [
      "05400141857078",
      "35400141857079",
      "15400141072270",
      "05400141072273"
    ],
    "topCategoryName": "Dranken",
    "topCategoryId": "354",
    "businessDomain": "RETAIL_BE",
    "IsPrivateLabel": true,
    "IsBiffe": false,
    "WeightconversionFactor": "0",
    "IsWeightArticle": false,
    "IsBio": false,
    "CountryOfOrigin": "BELGIË",
    "IsExclusivelySoldInLuxembourg": false,
    "OrderUnit": "P",
    "ShortName": "MAGA OUDE JENEVER35% 1L",
    "IsNew": false,
    "EcoscoreLabel": "C",
    "RecentQuanityOfStockUnits": "1",
    "LongName": "MARIE GALANTE oude jenever 35% 1L",
    "AlcoholVolume": "34.7",
    "FicCode": "I",
    "EcoscoreValue": "51"
  },
  {
    "productId": "777673",
    "technicalArticleNumber": "4570518",
    "commercialArticleNumber": "19272",
    "name": "sangria wit 7%",
    "description": "*Sangria wit\n*Aperitief\n*7,0 % vol",
    "brand": "PEÑASOL",
    "seoBrand": "Peñasol",
    "thumbNail": "https://static.colruytgroup.com/images/200x200/std.lang.all/80/19/asset-2848019.jpg",
    "fullImage": "https://static.colruytgroup.com/images/500x500/std.lang.all/80/19/asset-2848019.jpg",
    "squareImage": "https://static.colruytgroup.com/images/500x500sq/std.lang.all/80/19/asset-2848019.jpg",
    "content": "1,5L",
    "walkRouteSequenceNumber": 86,
    "price": {
      "basicPrice": 3.99,
      "recommendedQuantity": "1.0",
      "measurementUnitPrice": 2.66,
      "measurementUnit": "L",
      "isRedPrice": false,
      "pricePerUOM": 2.66,
      "activationDate": "13-03-2024",
      "recordSource": "Offline",
      "isPromoActive": "N",
      "priceChangeCode": "H"
    },
    "isAvailable": true,
    "isPriceAvailable": true,
    "inPromo": false,
    "gtin": [
      "18410702064603",
      "08410702064590"
    ],
    "topCategoryName": "Dranken",
    "topCategoryId": "354",
    "businessDomain": "RETAIL_BE",
    "IsPrivateLabel": false,
    "IsBiffe": false,
    "WeightconversionFactor": "0",
    "IsWeightArticle": false,
    "IsBio": false,
    "CountryOfOrigin": "SPANJE",
    "IsExclusivelySoldInLuxembourg": false,
    "OrderUnit": "P",
    "ShortName": "PENA SANGRIA WIT 1.5L",
    "IsNew": false,
    "RecentQuanityOfStockUnits": "1,8",
    "LongName": "PEÑASOL sangria wit 7% 1,5L",
    "AlcoholVolume": "7",
    "FicCode": "E"
  },
  {
    "productId": "685305",
    "technicalArticleNumber": "4407975",
    "commercialArticleNumber": "24815",
    "name": "siroop hazelnoot",
    "brand": "MONIN",
    "seoBrand": "Monin",
    "thumbNail": "https://static.colruytgroup.com/images/200x200/std.lang.all/55/96/asset-2355596.jpg",
    "fullImage": "https://static.colruytgroup.com/images/500x500/std.lang.all/55/96/asset-2355596.jpg",
    "squareImage": "https://static.colruytgroup.com/images/500x500sq/std.lang.all/55/96/asset-2355596.jpg",
    "content": "25cl",
    "walkRouteSequenceNumber": 4034,
    "price": {
      "basicPrice": 5.35,
      "recommendedQuantity": "1.0",
      "quantityPrice": 5.14,
      "quantityPriceQuantity": "6.0",
      "measurementUnitPrice": 21.4,
      "measurementUnitQuantityPrice": 20.56,
      "measurementUnit": "L",
      "isRedPrice": false,
      "pricePerUOM": 21.4,
      "activationDate": "15-03-2024",
      "recordSource": "Offline",
      "isPromoActive": "N",
      "priceChangeCode": "E",
      "quantityPricePerUOM": 20.56,
      "quantityActivationDate": "15-03-2024",
      "quantityPriceChangeCode": "E"
    },
    "isAvailable": true,
    "isPriceAvailable": true,
    "inPromo": false,
    "gtin": [
      "03052910013745",
      "03052910613747"
    ],
    "topCategoryName": "Dranken",
    "topCategoryId": "354",
    "businessDomain": "RETAIL_BE",
    "IsPrivateLabel": false,
    "IsBiffe": false,
    "WeightconversionFactor": "0",
    "IsWeightArticle": false,
    "IsBio": false,
    "CountryOfOrigin": "FRANKRIJK",
    "IsExclusivelySoldInLuxembourg": false,
    "OrderUnit": "P",
    "ShortName": "MONI HAZELNOOT 25CL",
    "IsNew": false,
    "EcoscoreLabel": "B",
    "RecentQuanityOfStockUnits": "1",
    "LongName": "MONIN siroop hazelnoot 25cl",
    "FicCode": "E",
    "EcoscoreValue": "79"
  },
  {
    "productId": "345992",
    "technicalArticleNumber": "3824482",
    "commercialArticleNumber": "40879",
    "name": "Brandy Napoleon 36%",
    "description": "*Brandy\n*36 % vol",
    "brand": "MARIE GALANTE",
    "seoBrand": "Marie Galante",
    "thumbNail": "https://static.colruytgroup.com/images/200x200/std.lang.all/13/29/asset-1591329.jpg",
    "fullImage": "https://static.colruytgroup.com/images/500x500/std.lang.all/13/29/asset-1591329.jpg",
    "squareImage": "https://static.colruytgroup.com/images/500x500sq/std.lang.all/13/29/asset-1591329.jpg",
    "content": "70cl",
    "walkRouteSequenceNumber": 999,
    "price": {
      "basicPrice": 14.79,
      "recommendedQuantity": "1.0",
      "measurementUnitPrice": 21.13,
      "measurementUnit": "L",
      "isRedPrice": false,
      "pricePerUOM": 21.13,
      "activationDate": "06-06-2023",
      "recordSource": "Offline",
      "isPromoActive": "N",
      "priceChangeCode": "H"
    },
    "isAvailable": true,
    "isPriceAvailable": true,
    "inPromo": false,
    "gtin": [
      "15400141206132",
      "05400141206135"
    ],
    "topCategoryName": "Dranken",
    "topCategoryId": "354",
    "businessDomain": "RETAIL_BE",
    "IsPrivateLabel": true,
    "IsBiffe": false,
    "WeightconversionFactor": "0",
    "IsWeightArticle": false,
    "IsBio": false,
    "CountryOfOrigin": "FRANKRIJK",
    "IsExclusivelySoldInLuxembourg": false,
    "OrderUnit": "P",
    "ShortName": "MGAL BRANDY NAP 36% 70C",
    "IsNew": false,
    "EcoscoreLabel": "C",
    "RecentQuanityOfStockUnits": "1",
    "LongName": "MARIE GALANTE Brandy Napoleon 36% 70cl",
    "AlcoholVolume": "36",
    "FicCode": "I",
    "EcoscoreValue": "50"
  },
  {
    "productId": "584749",
    "technicalArticleNumber": "4239805",
    "commercialArticleNumber": "19297",
    "name": "0.0% pils blik",
    "description": "*0% vol\n*Pils",
    "brand": "HEINEKEN",
    "seoBrand": "Heineken",
    "thumbNail": "https://static.colruytgroup.com/images/200x200/std.lang.all/86/90/asset-3368690.jpg",
    "fullImage": "https://static.colruytgroup.com/images/500x500/std.lang.all/86/90/asset-3368690.jpg",
    "squareImage": "https://static.colruytgroup.com/images/500x500sq/std.lang.all/86/90/asset-3368690.jpg",
    "content": "33cl",
    "walkRouteSequenceNumber": 3853,
    "price": {
      "basicPrice": 0.965,
      "recommendedQuantity": "6.0",
      "quantityPrice": 0.925,
      "quantityPriceQuantity": "24.0",
      "measurementUnitPrice": 2.93,
      "measurementUnitQuantityPrice": 2.81,
      "measurementUnit": "L",
      "isRedPrice": false,
      "pricePerUOM": 2.93,
      "activationDate": "04-03-2024",
      "recordSource": "Offline",
      "isPromoActive": "N",
      "priceChangeCode": "E",
      "quantityPricePerUOM": 2.81,
      "quantityActivationDate": "04-03-2024",
      "quantityPriceChangeCode": "H"
    },
    "isAvailable": true,
    "isPriceAvailable": true,
    "inPromo": false,
    "gtin": [
      "08712000050726",
      "03119783021328",
      "08712000050719",
      "08712000050702"
    ],
    "topCategoryName": "Dranken",
    "topCategoryId": "354",
    "businessDomain": "RETAIL_BE",
    "IsPrivateLabel": false,
    "IsBiffe": false,
    "WeightconversionFactor": "0",
    "IsWeightArticle": false,
    "nutriscoreLabel": "B",
    "IsBio": false,
    "CountryOfOrigin": "BELGIË",
    "IsExclusivelySoldInLuxembourg": false,
    "OrderUnit": "P",
    "ShortName": "HEIN 0.0% BLIK 33CL",
    "IsNew": false,
    "EcoscoreLabel": "D",
    "RecentQuanityOfStockUnits": "6,1,24",
    "LongName": "HEINEKEN 0.0% pils blik 33cl",
    "AlcoholVolume": "0",
    "FicCode": "E",
    "EcoscoreValue": "37"
  },
  {
    "productId": "1362",
    "technicalArticleNumber": "18726",
    "commercialArticleNumber": "18726",
    "name": "extra jenever 35%",
    "description": "*Jenever\n*35,0 % vol\n*Smaak: graan",
    "brand": "SMEETS",
    "seoBrand": "Smeets",
    "thumbNail": "https://static.colruytgroup.com/images/200x200/std.lang.all/52/23/asset-1335223.jpg",
    "fullImage": "https://static.colruytgroup.com/images/500x500/std.lang.all/52/23/asset-1335223.jpg",
    "squareImage": "https://static.colruytgroup.com/images/500x500sq/std.lang.all/52/23/asset-1335223.jpg",
    "content": "1L",
    "walkRouteSequenceNumber": 901,
    "price": {
      "basicPrice": 19.99,
      "recommendedQuantity": "1.0",
      "measurementUnitPrice": 19.99,
      "measurementUnit": "L",
      "isRedPrice": false,
      "pricePerUOM": 19.99,
      "activationDate": "14-03-2024",
      "recordSource": "Offline",
      "isPromoActive": "N",
      "priceChangeCode": "H"
    },
    "isAvailable": true,
    "isPriceAvailable": true,
    "inPromo": false,
    "gtin": [
      "05410293814065",
      "15410293814062",
      "15410293814109",
      "15410293814871"
    ],
    "topCategoryName": "Dranken",
    "topCategoryId": "354",
    "businessDomain": "RETAIL_BE",
    "IsPrivateLabel": false,
    "IsBiffe": false,
    "WeightconversionFactor": "0",
    "IsWeightArticle": false,
    "IsBio": false,
    "CountryOfOrigin": "BELGIË",
    "IsExclusivelySoldInLuxembourg": false,
    "OrderUnit": "P",
    "ShortName": "RE SMEETS EXTRA 35G 1L",
    "IsNew": false,
    "EcoscoreLabel": "D",
    "RecentQuanityOfStockUnits": "1",
    "LongName": "SMEETS extra jenever 35% 1L",
    "AlcoholVolume": "35",
    "FicCode": "E",
    "EcoscoreValue": "38"
  },
  {
    "productId": "830541",
    "technicalArticleNumber": "4670137",
    "commercialArticleNumber": "2652",
    "name": "pils 5% blik",
    "description": "*Pils\n*5% vol",
    "brand": "CARLSBERG",
    "seoBrand": "Carlsberg",
    "thumbNail": "https://static.colruytgroup.com/images/200x200/std.lang.all/09/94/asset-2940994.jpg",
    "fullImage": "https://static.colruytgroup.com/images/500x500/std.lang.all/09/94/asset-2940994.jpg",
    "squareImage": "https://static.colruytgroup.com/images/500x500sq/std.lang.all/09/94/asset-2940994.jpg",
    "content": "50cl",
    "walkRouteSequenceNumber": 3815,
    "price": {
      "basicPrice": 1.91,
      "recommendedQuantity": "4.0",
      "measurementUnitPrice": 3.82,
      "measurementUnit": "L",
      "isRedPrice": false,
      "pricePerUOM": 3.82,
      "activationDate": "06-03-2024",
      "recordSource": "Offline",
      "isPromoActive": "N",
      "priceChangeCode": "H"
    },
    "isAvailable": true,
    "isPriceAvailable": true,
    "inPromo": false,
    "gtin": [
      "03080216054551",
      "03080216054568",
      "03080216054544"
    ],
    "topCategoryName": "Dranken",
    "topCategoryId": "354",
    "businessDomain": "RETAIL_BE",
    "IsPrivateLabel": false,
    "IsBiffe": false,
    "WeightconversionFactor": "0",
    "IsWeightArticle": false,
    "IsBio": false,
    "CountryOfOrigin": "FRANKRIJK",
    "IsExclusivelySoldInLuxembourg": false,
    "OrderUnit": "P",
    "ShortName": "CARL PILS 5% BLIK 50CL",
    "IsNew": false,
    "EcoscoreLabel": "C",
    "RecentQuanityOfStockUnits": "1,24,4",
    "LongName": "CARLSBERG pils 5% blik 50cl",
    "AlcoholVolume": "5",
    "FicCode": "E",
    "EcoscoreValue": "53"
  },
  {
    "productId": "450899",
    "technicalArticleNumber": "4033516",
    "commercialArticleNumber": "5750",
    "name": "bier Mojito 5,9%",
    "description": "*Mojito/Tequila\n*5.9% vol",
    "brand": "DESPERADOS",
    "seoBrand": "Desperados",
    "thumbNail": "https://static.colruytgroup.com/images/200x200/std.lang.all/43/38/asset-3144338.jpg",
    "fullImage": "https://static.colruytgroup.com/images/500x500/std.lang.all/43/38/asset-3144338.jpg",
    "squareImage": "https://static.colruytgroup.com/images/500x500sq/std.lang.all/43/38/asset-3144338.jpg",
    "content": "3x33cl",
    "walkRouteSequenceNumber": 3798,
    "price": {
      "basicPrice": 5.25,
      "recommendedQuantity": "1.0",
      "quantityPrice": 4.99,
      "quantityPriceQuantity": "2.0",
      "measurementUnitPrice": 5.31,
      "measurementUnitQuantityPrice": 5.05,
      "measurementUnit": "L",
      "isRedPrice": false,
      "pricePerUOM": 5.31,
      "activationDate": "23-03-2024",
      "recordSource": "Offline",
      "isPromoActive": "N",
      "priceChangeCode": "L",
      "quantityPricePerUOM": 5.05,
      "quantityActivationDate": "23-03-2024",
      "quantityPriceChangeCode": "E"
    },
    "isAvailable": true,
    "isPriceAvailable": true,
    "inPromo": false,
    "gtin": [
      "08712000050917",
      "08712000050924"
    ],
    "topCategoryName": "Dranken",
    "topCategoryId": "354",
    "businessDomain": "RETAIL_BE",
    "IsPrivateLabel": false,
    "IsBiffe": false,
    "WeightconversionFactor": "0",
    "IsWeightArticle": false,
    "IsBio": false,
    "CountryOfOrigin": "NEDERLAND",
    "IsExclusivelySoldInLuxembourg": false,
    "OrderUnit": "P",
    "ShortName": "DESP MOJITO 3X33CL",
    "IsNew": false,
    "EcoscoreLabel": "B",
    "RecentQuanityOfStockUnits": "1,8",
    "LongName": "DESPERADOS bier Mojito 5,9% 3x33cl",
    "AlcoholVolume": "5.9",
    "FicCode": "E",
    "EcoscoreValue": "68"
  },
  {
    "productId": "592168",
    "technicalArticleNumber": "4251206",
    "commercialArticleNumber": "19213",
    "name": "Xplosion Peach 11,0%vol blik",
    "description": "*Gearomatiseerd bier\n*11 % vol\n*Lage gisting",
    "brand": "GORDON",
    "seoBrand": "Gordon",
    "thumbNail": "https://static.colruytgroup.com/images/200x200/std.lang.all/36/07/asset-2083607.jpg",
    "fullImage": "https://static.colruytgroup.com/images/500x500/std.lang.all/36/07/asset-2083607.jpg",
    "squareImage": "https://static.colruytgroup.com/images/500x500sq/std.lang.all/36/07/asset-2083607.jpg",
    "content": "50cl",
    "walkRouteSequenceNumber": 3793,
    "price": {
      "basicPrice": 2.95,
      "recommendedQuantity": "1.0",
      "quantityPrice": 2.83,
      "quantityPriceQuantity": "12.0",
      "measurementUnitPrice": 5.9,
      "measurementUnitQuantityPrice": 5.66,
      "measurementUnit": "L",
      "isRedPrice": false,
      "pricePerUOM": 5.9,
      "activationDate": "01-03-2024",
      "recordSource": "Offline",
      "isPromoActive": "N",
      "priceChangeCode": "E",
      "quantityPricePerUOM": 5.66,
      "quantityActivationDate": "01-03-2024",
      "quantityPriceChangeCode": "E"
    },
    "isAvailable": true,
    "isPriceAvailable": true,
    "inPromo": false,
    "gtin": [
      "05410218007282",
      "05410218007299"
    ],
    "topCategoryName": "Dranken",
    "topCategoryId": "354",
    "businessDomain": "RETAIL_BE",
    "IsPrivateLabel": false,
    "IsBiffe": false,
    "WeightconversionFactor": "0",
    "IsWeightArticle": false,
    "IsBio": false,
    "CountryOfOrigin": "BELGIË",
    "IsExclusivelySoldInLuxembourg": false,
    "OrderUnit": "P",
    "ShortName": "GORD XPLOSION PEACH50CL",
    "InSeason": true,
    "IsNew": false,
    "EcoscoreLabel": "D",
    "RecentQuanityOfStockUnits": "12,1",
    "LongName": "GORDON Xplosion Peach 11,0%vol blik 50cl",
    "AlcoholVolume": "11",
    "StartSeasonDate": "19/02/2021",
    "FicCode": "E",
    "EcoscoreValue": "37"
  },
  {
    "productId": "864876",
    "technicalArticleNumber": "4716914",
    "commercialArticleNumber": "1559",
    "name": "37,5%",
    "description": "*Griekse anijsdrank\n*37,5 % vol",
    "brand": "OUZO KEFI",
    "seoBrand": "Ouzo Kefi",
    "thumbNail": "https://static.colruytgroup.com/images/200x200/std.lang.all/83/32/asset-3188332.jpg",
    "fullImage": "https://static.colruytgroup.com/images/500x500/std.lang.all/83/32/asset-3188332.jpg",
    "squareImage": "https://static.colruytgroup.com/images/500x500sq/std.lang.all/83/32/asset-3188332.jpg",
    "content": "70cl",
    "walkRouteSequenceNumber": 890,
    "price": {
      "basicPrice": 16.49,
      "recommendedQuantity": "1.0",
      "measurementUnitPrice": 23.56,
      "measurementUnit": "L",
      "isRedPrice": false,
      "pricePerUOM": 23.56,
      "activationDate": "23-08-2023",
      "isPromoActive": "N",
      "priceChangeCode": "E"
    },
    "isAvailable": true,
    "isPriceAvailable": true,
    "inPromo": false,
    "gtin": [
      "00520125600065",
      "05201256000089"
    ],
    "topCategoryName": "Dranken",
    "topCategoryId": "354",
    "businessDomain": "RETAIL_BE",
    "IsPrivateLabel": false,
    "IsBiffe": false,
    "WeightconversionFactor": "0",
    "IsWeightArticle": false,
    "IsBio": false,
    "CountryOfOrigin": "GRIEKENLAND",
    "IsExclusivelySoldInLuxembourg": false,
    "OrderUnit": "P",
    "ShortName": "OUKE OUZO 37.5% 70CL",
    "IsNew": false,
    "RecentQuanityOfStockUnits": "1",
    "LongName": "OUZO KEFI 37,5% 70cl",
    "AlcoholVolume": "37.5",
    "FicCode": "E"
  },
  {
    "productId": "593319",
    "technicalArticleNumber": "4253056",
    "commercialArticleNumber": "21086",
    "name": "6,5%vol",
    "description": "*6,5 % vol",
    "brand": "BLONDEN OS",
    "seoBrand": "Blonden Os",
    "thumbNail": "https://static.colruytgroup.com/images/200x200/std.lang.all/78/80/asset-2477880.jpg",
    "fullImage": "https://static.colruytgroup.com/images/500x500/std.lang.all/78/80/asset-2477880.jpg",
    "squareImage": "https://static.colruytgroup.com/images/500x500sq/std.lang.all/78/80/asset-2477880.jpg",
    "content": "4x33cl",
    "walkRouteSequenceNumber": 3706,
    "price": {
      "basicPrice": 6.8,
      "recommendedQuantity": "1.0",
      "quantityPrice": 6.53,
      "quantityPriceQuantity": "3.0",
      "measurementUnitPrice": 5.16,
      "measurementUnitQuantityPrice": 4.95,
      "measurementUnit": "L",
      "isRedPrice": false,
      "pricePerUOM": 5.16,
      "activationDate": "28-02-2024",
      "recordSource": "Online",
      "isPromoActive": "N",
      "priceChangeCode": "H",
      "quantityPricePerUOM": 4.95,
      "quantityActivationDate": "28-02-2024",
      "quantityPriceChangeCode": "H"
    },
    "isAvailable": true,
    "isPriceAvailable": true,
    "inPromo": false,
    "gtin": [
      "05410218006742",
      "05410218007008",
      "05410218007619",
      "05410218007626"
    ],
    "topCategoryName": "Dranken",
    "topCategoryId": "354",
    "businessDomain": "RETAIL_BE",
    "IsPrivateLabel": false,
    "IsBiffe": false,
    "WeightconversionFactor": "0",
    "IsWeightArticle": false,
    "IsBio": false,
    "CountryOfOrigin": "BELGIË",
    "IsExclusivelySoldInLuxembourg": false,
    "OrderUnit": "P",
    "ShortName": "BLOS 6.5% 4X33CL",
    "IsNew": false,
    "EcoscoreLabel": "D",
    "RecentQuanityOfStockUnits": "1",
    "LongName": "BLONDEN OS 6,5%vol 4x33cl",
    "AlcoholVolume": "6.5",
    "FicCode": "E",
    "DepositValue": [
      0.4
    ],
    "EcoscoreValue": "37"
  },
  {
    "productId": "344915",
    "technicalArticleNumber": "3829699",
    "commercialArticleNumber": "13483",
    "name": "Premium Pink Gin 37,5%vol",
    "description": "*fruitig-zacht\n*met kruidige tonic\n*garn. aardbei\n*Verenigd Koninkrijk",
    "brand": "GORDON'S",
    "seoBrand": "Gordon's",
    "thumbNail": "https://static.colruytgroup.com/images/200x200/std.lang.all/75/07/asset-3217507.jpg",
    "fullImage": "https://static.colruytgroup.com/images/500x500/std.lang.all/75/07/asset-3217507.jpg",
    "squareImage": "https://static.colruytgroup.com/images/500x500sq/std.lang.all/75/07/asset-3217507.jpg",
    "content": "70cl",
    "walkRouteSequenceNumber": 738,
    "price": {
      "basicPrice": 18.79,
      "recommendedQuantity": "1.0",
      "measurementUnitPrice": 26.85,
      "measurementUnit": "L",
      "isRedPrice": false,
      "pricePerUOM": 26.85,
      "activationDate": "21-03-2024",
      "recordSource": "Offline",
      "isPromoActive": "N",
      "priceChangeCode": "L"
    },
    "isAvailable": true,
    "isPriceAvailable": true,
    "inPromo": false,
    "gtin": [
      "05000289929417",
      "05000289929424"
    ],
    "topCategoryName": "Dranken",
    "topCategoryId": "354",
    "businessDomain": "RETAIL_BE",
    "IsPrivateLabel": false,
    "IsBiffe": false,
    "WeightconversionFactor": "0",
    "IsWeightArticle": false,
    "IsBio": false,
    "CountryOfOrigin": "VERENIGD KONINKRIJK",
    "IsExclusivelySoldInLuxembourg": false,
    "OrderUnit": "P",
    "ShortName": "GORD PREM.PINK GIN 70CL",
    "IsNew": false,
    "EcoscoreLabel": "C",
    "RecentQuanityOfStockUnits": "1,6",
    "LongName": "GORDON'S Premium Pink Gin 37,5%vol 70cl",
    "AlcoholVolume": "37.5",
    "FicCode": "E",
    "EcoscoreValue": "51"
  },
  {
    "productId": "15621",
    "technicalArticleNumber": "1583077",
    "commercialArticleNumber": "1435",
    "name": "Cranb.sap ongez. bio",
    "description": "*Cranberrysap\n*Puur sap\n*100 % sap\n*Zonder pulp",
    "brand": "TERSCHELLINGER",
    "seoBrand": "Terschellinger",
    "thumbNail": "https://static.colruytgroup.com/images/200x200/std.lang.all/32/59/asset-383259.jpg",
    "fullImage": "https://static.colruytgroup.com/images/500x500/std.lang.all/32/59/asset-383259.jpg",
    "squareImage": "https://static.colruytgroup.com/images/500x500sq/std.lang.all/32/59/asset-383259.jpg",
    "content": "75cl",
    "walkRouteSequenceNumber": 4800,
    "price": {
      "basicPrice": 9.95,
      "recommendedQuantity": "1.0",
      "quantityPrice": 8.45,
      "quantityPriceQuantity": "2.0",
      "measurementUnitPrice": 13.27,
      "measurementUnitQuantityPrice": 11.27,
      "measurementUnit": "L",
      "isRedPrice": false,
      "pricePerUOM": 13.27,
      "activationDate": "01-03-2024",
      "recordSource": "Folder",
      "isPromoActive": "N",
      "priceChangeCode": "H",
      "quantityPricePerUOM": 11.27,
      "quantityActivationDate": "01-03-2024",
      "quantityPriceChangeCode": "L"
    },
    "isAvailable": true,
    "isPriceAvailable": true,
    "inPromo": false,
    "gtin": [
      "08713523017609",
      "08713523117606"
    ],
    "topCategoryName": "Dranken",
    "topCategoryId": "354",
    "businessDomain": "RETAIL_BE",
    "IsPrivateLabel": false,
    "IsBiffe": false,
    "WeightconversionFactor": "0",
    "IsWeightArticle": false,
    "nutriscoreLabel": "B",
    "IsBio": true,
    "CountryOfOrigin": "NEDERLAND",
    "IsExclusivelySoldInLuxembourg": false,
    "OrderUnit": "P",
    "ShortName": "UB BIO TER.CRA.SAP750ML",
    "IsNew": false,
    "EcoscoreLabel": "B",
    "RecentQuanityOfStockUnits": "1",
    "LongName": "TERSCHELLINGER Cranb.sap ongez. bio 75cl",
    "AlcoholVolume": "0",
    "FicCode": "E",
    "EcoscoreValue": "77"
  },
  {
    "productId": "679506",
    "technicalArticleNumber": "4397417",
    "commercialArticleNumber": "21341",
    "name": "Gold bonen",
    "description": "*Koffiebonen",
    "brand": "DOUWE EGBERTS",
    "seoBrand": "Douwe Egberts",
    "thumbNail": "https://static.colruytgroup.com/images/200x200/std.lang.all/85/13/asset-2388513.jpg",
    "fullImage": "https://static.colruytgroup.com/images/500x500/std.lang.all/85/13/asset-2388513.jpg",
    "squareImage": "https://static.colruytgroup.com/images/500x500sq/std.lang.all/85/13/asset-2388513.jpg",
    "content": "1kg",
    "walkRouteSequenceNumber": 1024,
    "price": {
      "basicPrice": 18.49,
      "recommendedQuantity": "1.0",
      "measurementUnitPrice": 18.49,
      "measurementUnit": "K",
      "isRedPrice": false,
      "pricePerUOM": 18.49,
      "activationDate": "13-03-2024",
      "recordSource": "Offline",
      "isPromoActive": "N",
      "priceChangeCode": "H"
    },
    "isAvailable": true,
    "isPriceAvailable": true,
    "inPromo": false,
    "gtin": [
      "05410138052812",
      "05410138052805"
    ],
    "topCategoryName": "Dranken",
    "topCategoryId": "354",
    "businessDomain": "RETAIL_BE",
    "IsPrivateLabel": false,
    "IsBiffe": false,
    "WeightconversionFactor": "0",
    "IsWeightArticle": false,
    "nutriscoreLabel": "B",
    "IsBio": false,
    "CountryOfOrigin": "POLEN",
    "IsExclusivelySoldInLuxembourg": false,
    "OrderUnit": "P",
    "ShortName": "D.E. BONEN GOLD 1KG",
    "IsNew": false,
    "RecentQuanityOfStockUnits": "1",
    "LongName": "DOUWE EGBERTS Gold bonen 1kg",
    "FicCode": "E"
  },
  {
    "productId": "598116",
    "technicalArticleNumber": "4261874",
    "commercialArticleNumber": "5463",
    "name": "Brown Eyes 12%",
    "description": "*Donker bier\n12 % vol",
    "brand": "MARTHA",
    "seoBrand": "Martha",
    "thumbNail": "https://static.colruytgroup.com/images/200x200/std.lang.all/34/96/asset-3443496.jpg",
    "fullImage": "https://static.colruytgroup.com/images/500x500/std.lang.all/34/96/asset-3443496.jpg",
    "squareImage": "https://static.colruytgroup.com/images/500x500sq/std.lang.all/34/96/asset-3443496.jpg",
    "content": "6x33cl",
    "walkRouteSequenceNumber": 3654,
    "price": {
      "basicPrice": 12,
      "recommendedQuantity": "1.0",
      "quantityPrice": 11.04,
      "quantityPriceQuantity": "3.0",
      "measurementUnitPrice": 6.07,
      "measurementUnitQuantityPrice": 5.58,
      "measurementUnit": "L",
      "isRedPrice": false,
      "pricePerUOM": 6.07,
      "activationDate": "14-02-2024",
      "recordSource": "Online",
      "isPromoActive": "N",
      "priceChangeCode": "H",
      "quantityPricePerUOM": 5.58,
      "quantityActivationDate": "14-02-2024",
      "quantityPriceChangeCode": "H"
    },
    "isAvailable": true,
    "isPriceAvailable": true,
    "inPromo": false,
    "gtin": [
      "05400141396720",
      "05430000716451"
    ],
    "topCategoryName": "Dranken",
    "topCategoryId": "354",
    "businessDomain": "RETAIL_BE",
    "IsPrivateLabel": false,
    "IsBiffe": false,
    "WeightconversionFactor": "0",
    "IsWeightArticle": false,
    "IsBio": false,
    "CountryOfOrigin": "BELGIË",
    "IsExclusivelySoldInLuxembourg": false,
    "OrderUnit": "P",
    "ShortName": "MART BROWN EYES 6X33CL",
    "IsNew": false,
    "EcoscoreLabel": "D",
    "RecentQuanityOfStockUnits": "1",
    "LongName": "MARTHA Brown Eyes 12% 6x33cl",
    "AlcoholVolume": "12",
    "FicCode": "E",
    "DepositValue": [
      0.6
    ],
    "EcoscoreValue": "37"
  },
  {
    "productId": "14500",
    "technicalArticleNumber": "1590788",
    "commercialArticleNumber": "5059",
    "name": "abdijbier tripel 8%",
    "description": "*Abdijbier\n*8,0 % vol\n*Nagisting op fles",
    "brand": "FLOREFFE",
    "seoBrand": "Floreffe",
    "thumbNail": "https://static.colruytgroup.com/images/200x200/std.lang.all/25/73/asset-1932573.jpg",
    "fullImage": "https://static.colruytgroup.com/images/500x500/std.lang.all/25/73/asset-1932573.jpg",
    "squareImage": "https://static.colruytgroup.com/images/500x500sq/std.lang.all/25/73/asset-1932573.jpg",
    "content": "6x33cl",
    "walkRouteSequenceNumber": 3607,
    "price": {
      "basicPrice": 8.28,
      "recommendedQuantity": "1.0",
      "quantityPrice": 7.62,
      "quantityPriceQuantity": "3.0",
      "measurementUnitPrice": 4.19,
      "measurementUnitQuantityPrice": 3.85,
      "measurementUnit": "L",
      "isRedPrice": false,
      "pricePerUOM": 4.19,
      "activationDate": "16-03-2024",
      "recordSource": "Online",
      "isPromoActive": "N",
      "priceChangeCode": "L",
      "quantityPricePerUOM": 3.85,
      "quantityActivationDate": "16-03-2024",
      "quantityPriceChangeCode": "L"
    },
    "isAvailable": true,
    "isPriceAvailable": true,
    "inPromo": false,
    "gtin": [
      "00000025050592",
      "05400141050592",
      "05400141080469",
      "05411276200516"
    ],
    "topCategoryName": "Dranken",
    "topCategoryId": "354",
    "businessDomain": "RETAIL_BE",
    "IsPrivateLabel": false,
    "IsBiffe": false,
    "WeightconversionFactor": "0",
    "IsWeightArticle": false,
    "IsBio": false,
    "CountryOfOrigin": "BELGIË",
    "IsExclusivelySoldInLuxembourg": false,
    "OrderUnit": "P",
    "ShortName": "FLOR TRIPEL 8% 6X33CL",
    "IsNew": false,
    "EcoscoreLabel": "D",
    "RecentQuanityOfStockUnits": "1",
    "LongName": "FLOREFFE abdijbier tripel 8% 6x33cl",
    "AlcoholVolume": "8",
    "FicCode": "I",
    "DepositValue": [
      2.4
    ],
    "EcoscoreValue": "37"
  },
  {
    "productId": "814514",
    "technicalArticleNumber": "4642602",
    "commercialArticleNumber": "6136",
    "name": "Bellini 4% blik",
    "description": "*Ready to drink\n*4 % vol",
    "brand": "MARTINI",
    "seoBrand": "Martini",
    "thumbNail": "https://static.colruytgroup.com/images/200x200/std.lang.all/37/96/asset-2903796.jpg",
    "fullImage": "https://static.colruytgroup.com/images/500x500/std.lang.all/37/96/asset-2903796.jpg",
    "squareImage": "https://static.colruytgroup.com/images/500x500sq/std.lang.all/37/96/asset-2903796.jpg",
    "content": "25cl",
    "walkRouteSequenceNumber": 791,
    "price": {
      "basicPrice": 3.59,
      "recommendedQuantity": "1.0",
      "measurementUnitPrice": 14.36,
      "measurementUnit": "L",
      "isRedPrice": false,
      "pricePerUOM": 14.36,
      "activationDate": "19-03-2024",
      "recordSource": "Offline",
      "isPromoActive": "N",
      "priceChangeCode": "E"
    },
    "isAvailable": true,
    "isPriceAvailable": true,
    "inPromo": false,
    "gtin": [
      "07630040406505",
      "05410098619926",
      "07630040406512"
    ],
    "topCategoryName": "Dranken",
    "topCategoryId": "354",
    "businessDomain": "RETAIL_BE",
    "IsPrivateLabel": false,
    "IsBiffe": false,
    "WeightconversionFactor": "0",
    "IsWeightArticle": false,
    "IsBio": false,
    "CountryOfOrigin": "ITALIË",
    "IsExclusivelySoldInLuxembourg": false,
    "OrderUnit": "P",
    "ShortName": "MART BELLINI BLIK 25CL",
    "IsNew": false,
    "EcoscoreLabel": "D",
    "RecentQuanityOfStockUnits": "1,24",
    "LongName": "MARTINI Bellini 4% blik 25cl",
    "AlcoholVolume": "4",
    "FicCode": "E",
    "EcoscoreValue": "31"
  },
  {
    "productId": "904934",
    "technicalArticleNumber": "4758310",
    "commercialArticleNumber": "28914",
    "name": "Lemon & Mint glas",
    "description": "*Bruisende limonade\n*Smaak: citroen-munt",
    "brand": "FREEZ MIX",
    "seoBrand": "Freez Mix",
    "thumbNail": "https://static.colruytgroup.com/images/200x200/std.lang.all/35/58/asset-3313558.jpg",
    "fullImage": "https://static.colruytgroup.com/images/500x500/std.lang.all/35/58/asset-3313558.jpg",
    "squareImage": "https://static.colruytgroup.com/images/500x500sq/std.lang.all/35/58/asset-3313558.jpg",
    "content": "27,5cl",
    "walkRouteSequenceNumber": 4260,
    "price": {
      "basicPrice": 1.45,
      "recommendedQuantity": "1.0",
      "quantityPrice": 1.39,
      "quantityPriceQuantity": "24.0",
      "measurementUnitPrice": 5.28,
      "measurementUnitQuantityPrice": 5.06,
      "measurementUnit": "L",
      "isRedPrice": false,
      "pricePerUOM": 5.28,
      "activationDate": "27-09-2023",
      "isPromoActive": "N",
      "priceChangeCode": "E",
      "quantityPricePerUOM": 5.06,
      "quantityActivationDate": "27-09-2023",
      "quantityPriceChangeCode": "E"
    },
    "isAvailable": true,
    "isPriceAvailable": true,
    "inPromo": false,
    "gtin": [
      "00762571500128",
      "00762571312103",
      "00762571311113",
      "05283036400050"
    ],
    "topCategoryName": "Dranken",
    "topCategoryId": "354",
    "businessDomain": "RETAIL_BE",
    "IsPrivateLabel": false,
    "IsBiffe": false,
    "WeightconversionFactor": "0",
    "IsWeightArticle": false,
    "nutriscoreLabel": "C",
    "IsBio": false,
    "CountryOfOrigin": "LIBANON",
    "IsExclusivelySoldInLuxembourg": false,
    "OrderUnit": "P",
    "ShortName": "FRMI LEMON-MINT 27.5CL",
    "IsNew": false,
    "RecentQuanityOfStockUnits": "6,1,1",
    "LongName": "FREEZ MIX Lemon & Mint glas 27,5cl",
    "AlcoholVolume": "0",
    "FicCode": "E"
  },
  {
    "productId": "251737",
    "technicalArticleNumber": "3606119",
    "commercialArticleNumber": "12428",
    "name": "Spiced Tomato Mix",
    "description": "*Gekruid tomatensap\n*Basis voor Bloody\nMary",
    "brand": "BIG TOM",
    "seoBrand": "Big Tom",
    "thumbNail": "https://static.colruytgroup.com/images/200x200/std.lang.all/15/26/asset-1091526.jpg",
    "fullImage": "https://static.colruytgroup.com/images/500x500/std.lang.all/15/26/asset-1091526.jpg",
    "squareImage": "https://static.colruytgroup.com/images/500x500sq/std.lang.all/15/26/asset-1091526.jpg",
    "content": "25cl",
    "walkRouteSequenceNumber": 836,
    "price": {
      "basicPrice": 1.79,
      "recommendedQuantity": "1.0",
      "measurementUnitPrice": 7.16,
      "measurementUnit": "L",
      "isRedPrice": false,
      "pricePerUOM": 7.16,
      "activationDate": "16-08-2023",
      "recordSource": "Offline",
      "isPromoActive": "N",
      "priceChangeCode": "E"
    },
    "isAvailable": true,
    "isPriceAvailable": true,
    "inPromo": false,
    "gtin": [
      "05020934402522",
      "05020934412514"
    ],
    "topCategoryName": "Dranken",
    "topCategoryId": "354",
    "businessDomain": "RETAIL_BE",
    "IsPrivateLabel": false,
    "IsBiffe": false,
    "WeightconversionFactor": "0",
    "IsWeightArticle": false,
    "nutriscoreLabel": "B",
    "IsBio": false,
    "CountryOfOrigin": "BELGIË",
    "IsExclusivelySoldInLuxembourg": false,
    "OrderUnit": "P",
    "ShortName": "BIG TOM SP.TOM.JUICE25C",
    "IsNew": false,
    "EcoscoreLabel": "C",
    "RecentQuanityOfStockUnits": "24,1",
    "LongName": "BIG TOM Spiced Tomato Mix 25cl",
    "AlcoholVolume": "0",
    "FicCode": "E",
    "EcoscoreValue": "45"
  },
  {
    "productId": "904946",
    "technicalArticleNumber": "4758323",
    "commercialArticleNumber": "29073",
    "name": "Pinacolada glas",
    "description": "*Bruisende limonade",
    "brand": "FREEZ MIX",
    "seoBrand": "Freez Mix",
    "thumbNail": "https://static.colruytgroup.com/images/200x200/std.lang.all/35/59/asset-3313559.jpg",
    "fullImage": "https://static.colruytgroup.com/images/500x500/std.lang.all/35/59/asset-3313559.jpg",
    "squareImage": "https://static.colruytgroup.com/images/500x500sq/std.lang.all/35/59/asset-3313559.jpg",
    "content": "27,5cl",
    "walkRouteSequenceNumber": 4258,
    "price": {
      "basicPrice": 1.45,
      "recommendedQuantity": "1.0",
      "quantityPrice": 1.39,
      "quantityPriceQuantity": "24.0",
      "measurementUnitPrice": 5.28,
      "measurementUnitQuantityPrice": 5.06,
      "measurementUnit": "L",
      "isRedPrice": false,
      "pricePerUOM": 5.28,
      "activationDate": "29-02-2024",
      "isPromoActive": "N",
      "priceChangeCode": "L",
      "quantityPricePerUOM": 5.06,
      "quantityActivationDate": "29-02-2024",
      "quantityPriceChangeCode": "L"
    },
    "isAvailable": true,
    "isPriceAvailable": true,
    "inPromo": false,
    "gtin": [
      "05283036400098",
      "00762571500081",
      "00762571311076",
      "00762571312073"
    ],
    "topCategoryName": "Dranken",
    "topCategoryId": "354",
    "businessDomain": "RETAIL_BE",
    "IsPrivateLabel": false,
    "IsBiffe": false,
    "WeightconversionFactor": "0",
    "IsWeightArticle": false,
    "nutriscoreLabel": "C",
    "IsBio": false,
    "CountryOfOrigin": "LIBANON",
    "IsExclusivelySoldInLuxembourg": false,
    "OrderUnit": "P",
    "ShortName": "FRMI PINACOLADA 27.5CL",
    "IsNew": false,
    "RecentQuanityOfStockUnits": "6,1,1",
    "LongName": "FREEZ MIX Pinacolada glas 27,5cl",
    "AlcoholVolume": "0",
    "FicCode": "E"
  },
  {
    "productId": "1355",
    "technicalArticleNumber": "18700",
    "commercialArticleNumber": "18700",
    "name": "zuivere alcohol 96,0%vol",
    "description": "*Eau de vie\n*96,0 % vol",
    "thumbNail": "https://static.colruytgroup.com/images/200x200/std.lang.all/40/22/asset-334022.jpg",
    "fullImage": "https://static.colruytgroup.com/images/500x500/std.lang.all/40/22/asset-334022.jpg",
    "squareImage": "https://static.colruytgroup.com/images/500x500sq/std.lang.all/40/22/asset-334022.jpg",
    "content": "1L",
    "walkRouteSequenceNumber": 920,
    "price": {
      "basicPrice": 48.49,
      "recommendedQuantity": "1.0",
      "measurementUnitPrice": 48.49,
      "measurementUnit": "L",
      "isRedPrice": false,
      "pricePerUOM": 48.49,
      "activationDate": "08-03-2024",
      "recordSource": "Offline",
      "isPromoActive": "N",
      "priceChangeCode": "E"
    },
    "isAvailable": true,
    "isPriceAvailable": true,
    "inPromo": false,
    "gtin": [
      "05400141187038",
      "15400141187004",
      "15400141187035"
    ],
    "topCategoryName": "Dranken",
    "topCategoryId": "354",
    "businessDomain": "RETAIL_BE",
    "IsPrivateLabel": false,
    "IsBiffe": false,
    "WeightconversionFactor": "0",
    "IsWeightArticle": false,
    "IsBio": false,
    "CountryOfOrigin": "BELGIË",
    "IsExclusivelySoldInLuxembourg": false,
    "OrderUnit": "P",
    "ShortName": "ALCOHOL PUUR 96% 1L .",
    "IsNew": false,
    "EcoscoreLabel": "D",
    "RecentQuanityOfStockUnits": "6,1",
    "LongName": "zuivere alcohol 96,0%vol 1L",
    "AlcoholVolume": "95.7",
    "FicCode": "I",
    "EcoscoreValue": "38"
  },
  {
    "productId": "491729",
    "technicalArticleNumber": "4088158",
    "commercialArticleNumber": "7972",
    "name": "Lux abdijbier blond 6%",
    "description": "*Abdijbier\n*Blond\n*6 % vol\n*Nagisting op fles",
    "brand": "TONGERLO",
    "seoBrand": "Tongerlo",
    "thumbNail": "https://static.colruytgroup.com/images/200x200/std.lang.all/98/60/asset-1769860.jpg",
    "fullImage": "https://static.colruytgroup.com/images/500x500/std.lang.all/98/60/asset-1769860.jpg",
    "squareImage": "https://static.colruytgroup.com/images/500x500sq/std.lang.all/98/60/asset-1769860.jpg",
    "content": "6x33cl",
    "walkRouteSequenceNumber": 3613,
    "price": {
      "basicPrice": 9.88,
      "recommendedQuantity": "1.0",
      "quantityPrice": 9.09,
      "quantityPriceQuantity": "3.0",
      "measurementUnitPrice": 4.99,
      "measurementUnitQuantityPrice": 4.6,
      "measurementUnit": "L",
      "isRedPrice": false,
      "pricePerUOM": 4.99,
      "activationDate": "08-03-2024",
      "recordSource": "Offline",
      "isPromoActive": "N",
      "priceChangeCode": "H",
      "quantityPricePerUOM": 4.6,
      "quantityActivationDate": "08-03-2024",
      "quantityPriceChangeCode": "H"
    },
    "isAvailable": true,
    "isPriceAvailable": true,
    "inPromo": false,
    "gtin": [
      "00000054085190",
      "05400141282962"
    ],
    "topCategoryName": "Dranken",
    "topCategoryId": "354",
    "businessDomain": "RETAIL_BE",
    "IsPrivateLabel": false,
    "IsBiffe": false,
    "WeightconversionFactor": "0",
    "IsWeightArticle": false,
    "IsBio": false,
    "CountryOfOrigin": "BELGIË",
    "IsExclusivelySoldInLuxembourg": false,
    "OrderUnit": "P",
    "ShortName": "TONGERLO LUX 6X33CL",
    "IsNew": false,
    "EcoscoreLabel": "D",
    "RecentQuanityOfStockUnits": "1",
    "LongName": "TONGERLO Lux abdijbier blond 6% 6x33cl",
    "AlcoholVolume": "6",
    "FicCode": "I",
    "DepositValue": [
      0.6
    ],
    "EcoscoreValue": "37"
  },
  {
    "productId": "283525",
    "technicalArticleNumber": "3672180",
    "commercialArticleNumber": "19478",
    "name": "Kentucky Str. Bourbon 40%",
    "description": "*Bourbon\nblended whiskey\n*USA",
    "brand": "JIM BEAM",
    "seoBrand": "Jim Beam",
    "thumbNail": "https://static.colruytgroup.com/images/200x200/std.lang.all/57/80/asset-1205780.jpg",
    "fullImage": "https://static.colruytgroup.com/images/500x500/std.lang.all/57/80/asset-1205780.jpg",
    "squareImage": "https://static.colruytgroup.com/images/500x500sq/std.lang.all/57/80/asset-1205780.jpg",
    "content": "70cl",
    "walkRouteSequenceNumber": 987,
    "price": {
      "basicPrice": 19.29,
      "recommendedQuantity": "1.0",
      "quantityPrice": 16.71,
      "quantityPriceQuantity": "2.0",
      "measurementUnitPrice": 27.56,
      "measurementUnitQuantityPrice": 23.88,
      "measurementUnit": "L",
      "isRedPrice": false,
      "pricePerUOM": 27.56,
      "activationDate": "13-03-2024",
      "recordSource": "Offline",
      "isPromoActive": "N",
      "priceChangeCode": "E",
      "quantityPricePerUOM": 23.88,
      "quantityActivationDate": "13-03-2024",
      "quantityPriceChangeCode": "L"
    },
    "isAvailable": true,
    "isPriceAvailable": true,
    "inPromo": false,
    "gtin": [
      "10080686025068",
      "05060045592354",
      "05060045592347",
      "00080686000389",
      "10080686000386",
      "05060045586872",
      "05060045588678",
      "05060045586889",
      "05010196991209",
      "05010196091008"
    ],
    "topCategoryName": "Dranken",
    "topCategoryId": "354",
    "businessDomain": "RETAIL_BE",
    "IsPrivateLabel": false,
    "IsBiffe": false,
    "WeightconversionFactor": "0",
    "IsWeightArticle": false,
    "IsBio": false,
    "CountryOfOrigin": "VERENIGDE STATEN VAN AMERIKA",
    "IsExclusivelySoldInLuxembourg": false,
    "OrderUnit": "P",
    "ShortName": "JIMB KENT.S.BOURBON70CL",
    "IsNew": false,
    "EcoscoreLabel": "E",
    "RecentQuanityOfStockUnits": "1,1,6",
    "LongName": "JIM BEAM Kentucky Str. Bourbon 40% 70cl",
    "AlcoholVolume": "40",
    "FicCode": "E",
    "EcoscoreValue": "18"
  },
  {
    "productId": "15090",
    "technicalArticleNumber": "1466010",
    "commercialArticleNumber": "7779",
    "name": "abdijbier tripel 9%",
    "description": "*Abdijbier\n*9 % vol\n*Nagisting op fles",
    "brand": "VAL-DIEU",
    "seoBrand": "Val-Dieu",
    "thumbNail": "https://static.colruytgroup.com/images/200x200/std.lang.all/87/84/asset-1838784.jpg",
    "fullImage": "https://static.colruytgroup.com/images/500x500/std.lang.all/87/84/asset-1838784.jpg",
    "squareImage": "https://static.colruytgroup.com/images/500x500sq/std.lang.all/87/84/asset-1838784.jpg",
    "content": "6x33cl",
    "walkRouteSequenceNumber": 3655,
    "price": {
      "basicPrice": 10.49,
      "recommendedQuantity": "1.0",
      "quantityPrice": 10.07,
      "quantityPriceQuantity": "3.0",
      "measurementUnitPrice": 5.3,
      "measurementUnitQuantityPrice": 5.09,
      "measurementUnit": "L",
      "isRedPrice": false,
      "pricePerUOM": 5.3,
      "activationDate": "16-03-2024",
      "recordSource": "Offline",
      "isPromoActive": "N",
      "priceChangeCode": "H",
      "quantityPricePerUOM": 5.09,
      "quantityActivationDate": "16-03-2024",
      "quantityPriceChangeCode": "H"
    },
    "isAvailable": true,
    "isPriceAvailable": true,
    "inPromo": false,
    "gtin": [
      "05400141077797",
      "05413977002031",
      "05413977000037"
    ],
    "topCategoryName": "Dranken",
    "topCategoryId": "354",
    "businessDomain": "RETAIL_BE",
    "IsPrivateLabel": false,
    "IsBiffe": false,
    "WeightconversionFactor": "0",
    "IsWeightArticle": false,
    "IsBio": false,
    "CountryOfOrigin": "BELGIË",
    "IsExclusivelySoldInLuxembourg": false,
    "OrderUnit": "P",
    "ShortName": "RE VALD TRIPEL 6X33CL",
    "IsNew": false,
    "EcoscoreLabel": "D",
    "RecentQuanityOfStockUnits": "1",
    "LongName": "VAL-DIEU abdijbier tripel 9% 6x33cl",
    "AlcoholVolume": "9",
    "FicCode": "E",
    "DepositValue": [
      0.6
    ],
    "EcoscoreValue": "37"
  },
  {
    "productId": "918909",
    "technicalArticleNumber": "4761305",
    "commercialArticleNumber": "12989",
    "name": "Fruit Drink Coconut Water",
    "description": "*Niet bruisende\nlimonade\n*Smaak: kokosnoot",
    "brand": "MAAZA",
    "seoBrand": "Maaza",
    "thumbNail": "https://static.colruytgroup.com/images/200x200/std.lang.all/20/67/asset-3342067.jpg",
    "fullImage": "https://static.colruytgroup.com/images/500x500/std.lang.all/20/67/asset-3342067.jpg",
    "squareImage": "https://static.colruytgroup.com/images/500x500sq/std.lang.all/20/67/asset-3342067.jpg",
    "content": "1L",
    "walkRouteSequenceNumber": 4094,
    "price": {
      "basicPrice": 2.99,
      "recommendedQuantity": "1.0",
      "quantityPrice": 2.87,
      "quantityPriceQuantity": "6.0",
      "measurementUnitPrice": 2.99,
      "measurementUnitQuantityPrice": 2.87,
      "measurementUnit": "L",
      "isRedPrice": false,
      "pricePerUOM": 2.99,
      "activationDate": "10-10-2023",
      "isPromoActive": "N",
      "priceChangeCode": "E",
      "quantityPricePerUOM": 2.87,
      "quantityActivationDate": "10-10-2023",
      "quantityPriceChangeCode": "E"
    },
    "isAvailable": true,
    "isPriceAvailable": true,
    "inPromo": false,
    "gtin": [
      "08720157468929",
      "08720157468912"
    ],
    "topCategoryName": "Dranken",
    "topCategoryId": "354",
    "businessDomain": "RETAIL_BE",
    "IsPrivateLabel": false,
    "IsBiffe": false,
    "WeightconversionFactor": "0",
    "IsWeightArticle": false,
    "IsBio": false,
    "CountryOfOrigin": "NEDERLAND",
    "IsExclusivelySoldInLuxembourg": false,
    "OrderUnit": "P",
    "ShortName": "MAAZ COCONUT WATER 1L",
    "IsNew": false,
    "EcoscoreLabel": "D",
    "RecentQuanityOfStockUnits": "1",
    "LongName": "MAAZA Fruit Drink Coconut Water 1L",
    "AlcoholVolume": "0",
    "FicCode": "E",
    "EcoscoreValue": "25"
  },
  {
    "productId": "126011",
    "technicalArticleNumber": "3231096",
    "commercialArticleNumber": "1782",
    "name": "jenever violet 14,9%",
    "description": "*Jenever\n*14,9 % vol\n*Smaak: violet",
    "brand": "PETERMAN",
    "seoBrand": "Peterman",
    "thumbNail": "https://static.colruytgroup.com/images/200x200/std.lang.all/19/51/asset-2271951.jpg",
    "fullImage": "https://static.colruytgroup.com/images/500x500/std.lang.all/19/51/asset-2271951.jpg",
    "squareImage": "https://static.colruytgroup.com/images/500x500sq/std.lang.all/19/51/asset-2271951.jpg",
    "content": "70cl",
    "walkRouteSequenceNumber": 909,
    "price": {
      "basicPrice": 14.99,
      "recommendedQuantity": "1.0",
      "quantityPrice": 13.79,
      "quantityPriceQuantity": "3.0",
      "measurementUnitPrice": 21.42,
      "measurementUnitQuantityPrice": 19.7,
      "measurementUnit": "L",
      "isRedPrice": false,
      "pricePerUOM": 21.42,
      "activationDate": "12-03-2024",
      "recordSource": "Offline",
      "isPromoActive": "N",
      "priceChangeCode": "E",
      "quantityPricePerUOM": 19.7,
      "quantityActivationDate": "12-03-2024",
      "quantityPriceChangeCode": "H"
    },
    "isAvailable": true,
    "isPriceAvailable": true,
    "inPromo": false,
    "gtin": [
      "15410293041222",
      "05410293053525",
      "15410293053522"
    ],
    "topCategoryName": "Dranken",
    "topCategoryId": "354",
    "businessDomain": "RETAIL_BE",
    "IsPrivateLabel": false,
    "IsBiffe": false,
    "WeightconversionFactor": "0",
    "IsWeightArticle": false,
    "IsBio": false,
    "CountryOfOrigin": "BELGIË",
    "IsExclusivelySoldInLuxembourg": false,
    "OrderUnit": "P",
    "ShortName": "PETER. VIOLET 70C 14.9",
    "IsNew": false,
    "EcoscoreLabel": "D",
    "RecentQuanityOfStockUnits": "1,6",
    "LongName": "PETERMAN jenever violet 14,9% 70cl",
    "AlcoholVolume": "14.9",
    "FicCode": "E",
    "EcoscoreValue": "38"
  },
  {
    "productId": "1363",
    "technicalArticleNumber": "18727",
    "commercialArticleNumber": "18727",
    "name": "Hasselt graanjenever 30%",
    "description": "*Jenever\n*30,0 % vol\n*Smaak: graan",
    "brand": "SMEETS",
    "seoBrand": "Smeets",
    "thumbNail": "https://static.colruytgroup.com/images/200x200/std.lang.all/89/64/asset-1378964.jpg",
    "fullImage": "https://static.colruytgroup.com/images/500x500/std.lang.all/89/64/asset-1378964.jpg",
    "squareImage": "https://static.colruytgroup.com/images/500x500sq/std.lang.all/89/64/asset-1378964.jpg",
    "content": "1L",
    "walkRouteSequenceNumber": 899,
    "price": {
      "basicPrice": 17.99,
      "recommendedQuantity": "1.0",
      "measurementUnitPrice": 17.99,
      "measurementUnit": "L",
      "isRedPrice": false,
      "pricePerUOM": 17.99,
      "activationDate": "14-03-2024",
      "recordSource": "Offline",
      "isPromoActive": "N",
      "priceChangeCode": "H"
    },
    "isAvailable": true,
    "isPriceAvailable": true,
    "inPromo": false,
    "gtin": [
      "05410293814096",
      "15410293814031",
      "15410293814093",
      "15410746014094"
    ],
    "topCategoryName": "Dranken",
    "topCategoryId": "354",
    "businessDomain": "RETAIL_BE",
    "IsPrivateLabel": false,
    "IsBiffe": false,
    "WeightconversionFactor": "0",
    "IsWeightArticle": false,
    "IsBio": false,
    "CountryOfOrigin": "BELGIË",
    "IsExclusivelySoldInLuxembourg": false,
    "OrderUnit": "P",
    "ShortName": "HASSELT SMEETS 30% 1L",
    "IsNew": false,
    "EcoscoreLabel": "D",
    "RecentQuanityOfStockUnits": "1",
    "LongName": "SMEETS Hasselt graanjenever 30% 1L",
    "AlcoholVolume": "30",
    "FicCode": "E",
    "EcoscoreValue": "38"
  },
  {
    "productId": "390",
    "technicalArticleNumber": "5310",
    "commercialArticleNumber": "5310",
    "name": "amberbier 5,2%vol blik",
    "description": "*Amberbier\n*5,2 % vol",
    "brand": "PALM",
    "seoBrand": "Palm",
    "thumbNail": "https://static.colruytgroup.com/images/200x200/std.lang.all/42/12/asset-2844212.jpg",
    "fullImage": "https://static.colruytgroup.com/images/500x500/std.lang.all/42/12/asset-2844212.jpg",
    "squareImage": "https://static.colruytgroup.com/images/500x500sq/std.lang.all/42/12/asset-2844212.jpg",
    "content": "33cl",
    "walkRouteSequenceNumber": 3761,
    "price": {
      "basicPrice": 0.981,
      "recommendedQuantity": "6.0",
      "measurementUnitPrice": 2.98,
      "measurementUnit": "L",
      "isRedPrice": false,
      "pricePerUOM": 2.98,
      "activationDate": "14-11-2023",
      "recordSource": "Offline",
      "isPromoActive": "N",
      "priceChangeCode": "E"
    },
    "isAvailable": true,
    "isPriceAvailable": true,
    "inPromo": false,
    "gtin": [
      "05410783000275",
      "05410783001357",
      "05410783001371"
    ],
    "topCategoryName": "Dranken",
    "topCategoryId": "354",
    "businessDomain": "RETAIL_BE",
    "IsPrivateLabel": false,
    "IsBiffe": false,
    "WeightconversionFactor": "0",
    "IsWeightArticle": false,
    "IsBio": false,
    "CountryOfOrigin": "BELGIË",
    "IsExclusivelySoldInLuxembourg": false,
    "OrderUnit": "P",
    "ShortName": "PALM BLIK 33CL .",
    "IsNew": false,
    "EcoscoreLabel": "D",
    "RecentQuanityOfStockUnits": "1,6,24",
    "LongName": "PALM amberbier 5,2%vol blik 33cl",
    "AlcoholVolume": "5.2",
    "FicCode": "E",
    "EcoscoreValue": "37"
  },
  {
    "productId": "1359",
    "technicalArticleNumber": "18721",
    "commercialArticleNumber": "18721",
    "name": "graanjenever 30,0%vol",
    "description": "*Jenever\n*30,0 % vol\n*Smaak: graan",
    "brand": "FILLIERS",
    "seoBrand": "Filliers",
    "thumbNail": "https://static.colruytgroup.com/images/200x200/std.lang.all/79/70/asset-3187970.jpg",
    "fullImage": "https://static.colruytgroup.com/images/500x500/std.lang.all/79/70/asset-3187970.jpg",
    "squareImage": "https://static.colruytgroup.com/images/500x500sq/std.lang.all/79/70/asset-3187970.jpg",
    "content": "1L",
    "walkRouteSequenceNumber": 902,
    "price": {
      "basicPrice": 18.39,
      "recommendedQuantity": "1.0",
      "quantityPrice": 13.79,
      "quantityPriceQuantity": "2.0",
      "measurementUnitPrice": 18.39,
      "measurementUnitQuantityPrice": 13.79,
      "measurementUnit": "L",
      "isRedPrice": false,
      "pricePerUOM": 18.39,
      "activationDate": "15-03-2024",
      "recordSource": "Offline",
      "isPromoActive": "N",
      "priceChangeCode": "L",
      "quantityPricePerUOM": 13.79,
      "quantityActivationDate": "15-03-2024",
      "quantityPriceChangeCode": "E"
    },
    "isAvailable": true,
    "isPriceAvailable": true,
    "inPromo": false,
    "gtin": [
      "05412166001008",
      "05412166001022"
    ],
    "topCategoryName": "Dranken",
    "topCategoryId": "354",
    "businessDomain": "RETAIL_BE",
    "IsPrivateLabel": false,
    "IsBiffe": false,
    "WeightconversionFactor": "0",
    "IsWeightArticle": false,
    "IsBio": false,
    "CountryOfOrigin": "BELGIË",
    "IsExclusivelySoldInLuxembourg": false,
    "OrderUnit": "P",
    "ShortName": "FILLIERS JENEV 30% 1L",
    "IsNew": false,
    "EcoscoreLabel": "B",
    "RecentQuanityOfStockUnits": "1,6",
    "LongName": "FILLIERS graanjenever 30,0%vol 1L",
    "AlcoholVolume": "30",
    "FicCode": "E",
    "EcoscoreValue": "72"
  },
  {
    "productId": "71696",
    "technicalArticleNumber": "2559483",
    "commercialArticleNumber": "2690",
    "name": "whisky 12Y 40%",
    "description": "*Single malt whisky\n*Schotland\n*Rijk en zacht\n*12 jaar gerijpt",
    "brand": "THE SINGLETON",
    "seoBrand": "The Singleton",
    "thumbNail": "https://static.colruytgroup.com/images/200x200/std.lang.all/45/89/asset-3134589.jpg",
    "fullImage": "https://static.colruytgroup.com/images/500x500/std.lang.all/45/89/asset-3134589.jpg",
    "squareImage": "https://static.colruytgroup.com/images/500x500sq/std.lang.all/45/89/asset-3134589.jpg",
    "content": "70cl",
    "walkRouteSequenceNumber": 965,
    "price": {
      "basicPrice": 29.99,
      "recommendedQuantity": "1.0",
      "measurementUnitPrice": 42.85,
      "measurementUnit": "L",
      "isRedPrice": false,
      "pricePerUOM": 42.85,
      "activationDate": "20-03-2024",
      "recordSource": "Folder",
      "isPromoActive": "N",
      "priceChangeCode": "E"
    },
    "isAvailable": true,
    "isPriceAvailable": true,
    "inPromo": false,
    "gtin": [
      "05000281021621",
      "05000281022413",
      "05000281050188"
    ],
    "topCategoryName": "Dranken",
    "topCategoryId": "354",
    "businessDomain": "RETAIL_BE",
    "IsPrivateLabel": false,
    "IsBiffe": false,
    "WeightconversionFactor": "0",
    "IsWeightArticle": false,
    "IsBio": false,
    "CountryOfOrigin": "VERENIGD KONINKRIJK",
    "IsExclusivelySoldInLuxembourg": false,
    "OrderUnit": "P",
    "ShortName": "SINGLETON 12J 40G 70CL",
    "InSeason": true,
    "IsNew": false,
    "EcoscoreLabel": "C",
    "RecentQuanityOfStockUnits": "1",
    "LongName": "THE SINGLETON whisky 12Y 40% 70cl",
    "AlcoholVolume": "40",
    "StartSeasonDate": "09/06/2017",
    "FicCode": "E",
    "EcoscoreValue": "51"
  },
  {
    "productId": "613342",
    "technicalArticleNumber": "4287892",
    "commercialArticleNumber": "23239",
    "name": "Frizzante Rosé Sangria 5%",
    "description": "*5% vol\n*Sangria",
    "brand": "FRISSÉ",
    "seoBrand": "Frissé",
    "thumbNail": "https://static.colruytgroup.com/images/200x200/std.lang.all/66/68/asset-2416668.jpg",
    "fullImage": "https://static.colruytgroup.com/images/500x500/std.lang.all/66/68/asset-2416668.jpg",
    "squareImage": "https://static.colruytgroup.com/images/500x500sq/std.lang.all/66/68/asset-2416668.jpg",
    "content": "75cl",
    "walkRouteSequenceNumber": 896,
    "price": {
      "basicPrice": 3.45,
      "recommendedQuantity": "1.0",
      "quantityPrice": 3.17,
      "quantityPriceQuantity": "6.0",
      "measurementUnitPrice": 4.6,
      "measurementUnitQuantityPrice": 4.23,
      "measurementUnit": "L",
      "isRedPrice": false,
      "pricePerUOM": 4.6,
      "activationDate": "23-08-2023",
      "isPromoActive": "N",
      "priceChangeCode": "H",
      "quantityPricePerUOM": 4.23,
      "quantityActivationDate": "23-08-2023",
      "quantityPriceChangeCode": "H"
    },
    "isAvailable": true,
    "isPriceAvailable": true,
    "inPromo": false,
    "gtin": [
      "18410702037119",
      "08410702037112"
    ],
    "topCategoryName": "Dranken",
    "topCategoryId": "354",
    "businessDomain": "RETAIL_BE",
    "IsPrivateLabel": false,
    "IsBiffe": false,
    "WeightconversionFactor": "0",
    "IsWeightArticle": false,
    "IsBio": false,
    "CountryOfOrigin": "SPANJE",
    "IsExclusivelySoldInLuxembourg": false,
    "OrderUnit": "P",
    "ShortName": "FRISS SANGR.ROSE 5%75CL",
    "IsNew": false,
    "RecentQuanityOfStockUnits": "1,6",
    "LongName": "FRISSÉ Frizzante Rosé Sangria 5% 75cl",
    "AlcoholVolume": "5",
    "FicCode": "E"
  },
  {
    "productId": "851611",
    "technicalArticleNumber": "4699703",
    "commercialArticleNumber": "30977",
    "name": "blond 7,5%",
    "description": "*Abdijbier\n*Blond\n*7,5 % vol",
    "brand": "ST FEUILLIEN",
    "seoBrand": "St Feuillien",
    "thumbNail": "https://static.colruytgroup.com/images/200x200/std.lang.all/12/50/asset-3261250.jpg",
    "fullImage": "https://static.colruytgroup.com/images/500x500/std.lang.all/12/50/asset-3261250.jpg",
    "squareImage": "https://static.colruytgroup.com/images/500x500sq/std.lang.all/12/50/asset-3261250.jpg",
    "content": "75cl",
    "walkRouteSequenceNumber": 3597,
    "price": {
      "basicPrice": 4.95,
      "recommendedQuantity": "1.0",
      "quantityPrice": 4.75,
      "quantityPriceQuantity": "6.0",
      "measurementUnitPrice": 6.6,
      "measurementUnitQuantityPrice": 6.34,
      "measurementUnit": "L",
      "isRedPrice": false,
      "pricePerUOM": 6.6,
      "activationDate": "19-03-2024",
      "recordSource": "Offline",
      "isPromoActive": "N",
      "priceChangeCode": "E",
      "quantityPricePerUOM": 6.34,
      "quantityActivationDate": "19-03-2024",
      "quantityPriceChangeCode": "H"
    },
    "isAvailable": true,
    "isPriceAvailable": true,
    "inPromo": false,
    "gtin": [
      "05412138107554",
      "35412138107555"
    ],
    "topCategoryName": "Dranken",
    "topCategoryId": "354",
    "businessDomain": "RETAIL_BE",
    "IsPrivateLabel": false,
    "IsBiffe": false,
    "WeightconversionFactor": "0",
    "IsWeightArticle": false,
    "IsBio": false,
    "CountryOfOrigin": "BELGIË",
    "IsExclusivelySoldInLuxembourg": false,
    "OrderUnit": "P",
    "ShortName": "STFE BLOND 7.5% 75CL",
    "IsNew": false,
    "EcoscoreLabel": "D",
    "RecentQuanityOfStockUnits": "6,1",
    "LongName": "ST FEUILLIEN blond 7,5% 75cl",
    "AlcoholVolume": "7.5",
    "FicCode": "E",
    "EcoscoreValue": "37"
  },
  {
    "productId": "1366",
    "technicalArticleNumber": "18736",
    "commercialArticleNumber": "18736",
    "name": "citroenjenever 24,2%",
    "description": "*Jenever\n*24,2 % vol\n*Smaak: citroen",
    "brand": "WORTEGEMSEN",
    "seoBrand": "Wortegemsen",
    "thumbNail": "https://static.colruytgroup.com/images/200x200/std.lang.all/79/72/asset-3187972.jpg",
    "fullImage": "https://static.colruytgroup.com/images/500x500/std.lang.all/79/72/asset-3187972.jpg",
    "squareImage": "https://static.colruytgroup.com/images/500x500sq/std.lang.all/79/72/asset-3187972.jpg",
    "content": "1L",
    "walkRouteSequenceNumber": 911,
    "price": {
      "basicPrice": 21.35,
      "recommendedQuantity": "1.0",
      "measurementUnitPrice": 21.35,
      "measurementUnit": "L",
      "isRedPrice": false,
      "pricePerUOM": 21.35,
      "activationDate": "20-02-2024",
      "recordSource": "Online",
      "isPromoActive": "N",
      "priceChangeCode": "E"
    },
    "isAvailable": true,
    "isPriceAvailable": true,
    "inPromo": false,
    "gtin": [
      "05415200003334",
      "05412166600102",
      "05412166600157",
      "05415200003341"
    ],
    "topCategoryName": "Dranken",
    "topCategoryId": "354",
    "businessDomain": "RETAIL_BE",
    "IsPrivateLabel": false,
    "IsBiffe": false,
    "WeightconversionFactor": "0",
    "IsWeightArticle": false,
    "IsBio": false,
    "CountryOfOrigin": "BELGIË",
    "IsExclusivelySoldInLuxembourg": false,
    "OrderUnit": "P",
    "ShortName": "RE WORT CITROENJENEV.1L",
    "IsNew": false,
    "EcoscoreLabel": "B",
    "RecentQuanityOfStockUnits": "1,6",
    "LongName": "WORTEGEMSEN citroenjenever 24,2% 1L",
    "AlcoholVolume": "24.2",
    "FicCode": "E",
    "EcoscoreValue": "73"
  },
  {
    "productId": "49000",
    "technicalArticleNumber": "2486689",
    "commercialArticleNumber": "38406",
    "name": "Sp.Reserve Port 20,0%vol",
    "description": "*Porto Reserve\n*4 à 5 jaar gerijpt\n*Aperitief\n*20,0 % vol",
    "brand": "COCKBURN'S",
    "seoBrand": "Cockburn's",
    "thumbNail": "https://static.colruytgroup.com/images/200x200/std.lang.all/04/65/asset-2030465.jpg",
    "fullImage": "https://static.colruytgroup.com/images/500x500/std.lang.all/04/65/asset-2030465.jpg",
    "squareImage": "https://static.colruytgroup.com/images/500x500sq/std.lang.all/04/65/asset-2030465.jpg",
    "content": "75cl",
    "walkRouteSequenceNumber": 718,
    "price": {
      "basicPrice": 9.49,
      "recommendedQuantity": "1.0",
      "measurementUnitPrice": 12.66,
      "measurementUnit": "L",
      "isRedPrice": false,
      "pricePerUOM": 12.66,
      "activationDate": "02-01-2024",
      "isPromoActive": "N",
      "priceChangeCode": "H"
    },
    "isAvailable": true,
    "isPriceAvailable": true,
    "inPromo": false,
    "gtin": [
      "05010867801141",
      "05010867801158"
    ],
    "topCategoryName": "Dranken",
    "topCategoryId": "354",
    "businessDomain": "RETAIL_BE",
    "IsPrivateLabel": false,
    "IsBiffe": false,
    "WeightconversionFactor": "0",
    "IsWeightArticle": false,
    "IsBio": false,
    "CountryOfOrigin": "PORTUGAL",
    "IsExclusivelySoldInLuxembourg": false,
    "OrderUnit": "P",
    "ShortName": "COCK PORTO SPEC.RES75C",
    "IsNew": false,
    "EcoscoreLabel": "C",
    "RecentQuanityOfStockUnits": "1",
    "LongName": "COCKBURN'S Sp.Reserve Port 20,0%vol 75cl",
    "AlcoholVolume": "20",
    "FicCode": "E",
    "EcoscoreValue": "54"
  },
  {
    "productId": "49000",
    "technicalArticleNumber": "2486689",
    "commercialArticleNumber": "38406",
    "name": "Sp.Reserve Port 20,0%vol",
    "description": "*Porto Reserve\n*4 à 5 jaar gerijpt\n*Aperitief\n*20,0 % vol",
    "brand": "COCKBURN'S",
    "seoBrand": "Cockburn's",
    "thumbNail": "https://static.colruytgroup.com/images/200x200/std.lang.all/04/65/asset-2030465.jpg",
    "fullImage": "https://static.colruytgroup.com/images/500x500/std.lang.all/04/65/asset-2030465.jpg",
    "squareImage": "https://static.colruytgroup.com/images/500x500sq/std.lang.all/04/65/asset-2030465.jpg",
    "content": "75cl",
    "walkRouteSequenceNumber": 718,
    "price": {
      "basicPrice": 9.49,
      "recommendedQuantity": "1.0",
      "measurementUnitPrice": 12.66,
      "measurementUnit": "L",
      "isRedPrice": false,
      "pricePerUOM": 12.66,
      "activationDate": "02-01-2024",
      "isPromoActive": "N",
      "priceChangeCode": "H"
    },
    "isAvailable": true,
    "isPriceAvailable": true,
    "inPromo": false,
    "gtin": [
      "05010867801141",
      "05010867801158"
    ],
    "topCategoryName": "Dranken",
    "topCategoryId": "354",
    "businessDomain": "RETAIL_BE",
    "IsPrivateLabel": false,
    "IsBiffe": false,
    "WeightconversionFactor": "0",
    "IsWeightArticle": false,
    "IsBio": false,
    "CountryOfOrigin": "PORTUGAL",
    "IsExclusivelySoldInLuxembourg": false,
    "OrderUnit": "P",
    "ShortName": "COCK PORTO SPEC.RES75C",
    "IsNew": false,
    "EcoscoreLabel": "C",
    "RecentQuanityOfStockUnits": "1",
    "LongName": "COCKBURN'S Sp.Reserve Port 20,0%vol 75cl",
    "AlcoholVolume": "20",
    "FicCode": "E",
    "EcoscoreValue": "54"
  },
  {
    "productId": "244230",
    "technicalArticleNumber": "3544496",
    "commercialArticleNumber": "40861",
    "name": "blond 5,5% GV Bio",
    "description": "*Bond Bier\n*5,5 % vol\n*Glutenvrij\n*Nagisting op fles",
    "brand": "GRISETTE",
    "seoBrand": "Grisette",
    "thumbNail": "https://static.colruytgroup.com/images/200x200/std.lang.all/14/37/asset-2041437.jpg",
    "fullImage": "https://static.colruytgroup.com/images/500x500/std.lang.all/14/37/asset-2041437.jpg",
    "squareImage": "https://static.colruytgroup.com/images/500x500sq/std.lang.all/14/37/asset-2041437.jpg",
    "content": "8x25cl",
    "walkRouteSequenceNumber": 1547,
    "price": {
      "basicPrice": 10.4,
      "recommendedQuantity": "1.0",
      "quantityPrice": 9.57,
      "quantityPriceQuantity": "3.0",
      "measurementUnitPrice": 5.2,
      "measurementUnitQuantityPrice": 4.79,
      "measurementUnit": "L",
      "isRedPrice": false,
      "pricePerUOM": 5.2,
      "activationDate": "03-02-2024",
      "recordSource": "Online",
      "isPromoActive": "N",
      "priceChangeCode": "H",
      "quantityPricePerUOM": 4.79,
      "quantityActivationDate": "03-02-2024",
      "quantityPriceChangeCode": "H"
    },
    "isAvailable": true,
    "isPriceAvailable": true,
    "inPromo": false,
    "gtin": [
      "05400141424843"
    ],
    "topCategoryName": "Dranken",
    "topCategoryId": "354",
    "businessDomain": "RETAIL_BE",
    "IsPrivateLabel": false,
    "IsBiffe": false,
    "WeightconversionFactor": "0",
    "IsWeightArticle": false,
    "IsBio": true,
    "CountryOfOrigin": "BELGIË",
    "IsExclusivelySoldInLuxembourg": false,
    "OrderUnit": "P",
    "ShortName": "GRIS BLOND GV BIO8X25CL",
    "InSeason": true,
    "IsNew": false,
    "EcoscoreLabel": "D",
    "RecentQuanityOfStockUnits": "1",
    "LongName": "GRISETTE blond 5,5% GV Bio 8x25cl",
    "AlcoholVolume": "5.5",
    "StartSeasonDate": "05/09/2023",
    "FicCode": "E",
    "DepositValue": [
      0.8
    ],
    "EcoscoreValue": "37"
  },
  {
    "productId": "740257",
    "technicalArticleNumber": "4504474",
    "commercialArticleNumber": "26233",
    "name": "roze pompelmoessap",
    "brand": "MATERNE",
    "seoBrand": "Materne",
    "thumbNail": "https://static.colruytgroup.com/images/200x200/std.lang.all/52/51/asset-3425251.jpg",
    "fullImage": "https://static.colruytgroup.com/images/500x500/std.lang.all/52/51/asset-3425251.jpg",
    "squareImage": "https://static.colruytgroup.com/images/500x500sq/std.lang.all/52/51/asset-3425251.jpg",
    "content": "1L",
    "walkRouteSequenceNumber": 5015,
    "price": {
      "basicPrice": 4.79,
      "recommendedQuantity": "1.0",
      "quantityPrice": 3.19,
      "quantityPriceQuantity": "2.0",
      "measurementUnitPrice": 4.79,
      "measurementUnitQuantityPrice": 3.19,
      "measurementUnit": "L",
      "isRedPrice": false,
      "pricePerUOM": 4.79,
      "activationDate": "23-03-2024",
      "recordSource": "Offline",
      "isPromoActive": "N",
      "priceChangeCode": "E",
      "quantityPricePerUOM": 3.19,
      "quantityActivationDate": "23-03-2024",
      "quantityPriceChangeCode": "E"
    },
    "isAvailable": true,
    "isPriceAvailable": true,
    "inPromo": false,
    "gtin": [
      "05410046015985",
      "05410046190521"
    ],
    "topCategoryName": "Dranken",
    "topCategoryId": "354",
    "businessDomain": "RETAIL_BE",
    "IsPrivateLabel": false,
    "IsBiffe": false,
    "WeightconversionFactor": "0",
    "IsWeightArticle": false,
    "nutriscoreLabel": "B",
    "IsBio": false,
    "CountryOfOrigin": "FRANKRIJK",
    "IsExclusivelySoldInLuxembourg": false,
    "OrderUnit": "P",
    "ShortName": "MATE ROZE POMPELM.SAP1L",
    "IsNew": false,
    "RecentQuanityOfStockUnits": "1,6",
    "LongName": "MATERNE roze pompelmoessap 1L",
    "AlcoholVolume": "0",
    "FicCode": "E"
  },
  {
    "productId": "62063",
    "technicalArticleNumber": "2744543",
    "commercialArticleNumber": "41364",
    "name": "amberbier 5,2% bak",
    "description": "*Amberbier\n*5,2 % vol",
    "brand": "PALM",
    "seoBrand": "Palm",
    "thumbNail": "https://static.colruytgroup.com/images/200x200/std.lang.all/04/27/asset-1450427.jpg",
    "fullImage": "https://static.colruytgroup.com/images/500x500/std.lang.all/04/27/asset-1450427.jpg",
    "squareImage": "https://static.colruytgroup.com/images/500x500sq/std.lang.all/04/27/asset-1450427.jpg",
    "content": "24x25cl",
    "walkRouteSequenceNumber": 3935,
    "price": {
      "basicPrice": 19.99,
      "recommendedQuantity": "1.0",
      "quantityPrice": 19.19,
      "quantityPriceQuantity": "3.0",
      "measurementUnitPrice": 3.34,
      "measurementUnitQuantityPrice": 3.2,
      "measurementUnit": "L",
      "isRedPrice": false,
      "pricePerUOM": 3.34,
      "activationDate": "07-02-2024",
      "isPromoActive": "N",
      "priceChangeCode": "H",
      "quantityPricePerUOM": 3.2,
      "quantityActivationDate": "07-02-2024",
      "quantityPriceChangeCode": "H"
    },
    "isAvailable": true,
    "isPriceAvailable": true,
    "inPromo": false,
    "gtin": [
      "05410783000114",
      "00000054057012",
      "00000054570122"
    ],
    "topCategoryName": "Dranken",
    "topCategoryId": "354",
    "businessDomain": "RETAIL_BE",
    "IsPrivateLabel": false,
    "IsBiffe": false,
    "WeightconversionFactor": "0",
    "IsWeightArticle": false,
    "IsBio": false,
    "CountryOfOrigin": "BELGIË",
    "IsExclusivelySoldInLuxembourg": false,
    "OrderUnit": "P",
    "ShortName": "PALM 24X25CL",
    "IsNew": false,
    "EcoscoreLabel": "D",
    "RecentQuanityOfStockUnits": "1",
    "LongName": "PALM amberbier 5,2% bak 24x25cl",
    "AlcoholVolume": "5.2",
    "FicCode": "I",
    "DepositValue": [
      4.5
    ],
    "EcoscoreValue": "37"
  },
  {
    "productId": "793800",
    "technicalArticleNumber": "4601822",
    "commercialArticleNumber": "10904",
    "name": "Extra 4 4,8%",
    "description": "*Abdijbier\n*Blond\n*4,8 % vol",
    "brand": "ST BERNARDUS",
    "seoBrand": "St Bernardus",
    "thumbNail": "https://static.colruytgroup.com/images/200x200/std.lang.all/62/28/asset-3346228.jpg",
    "fullImage": "https://static.colruytgroup.com/images/500x500/std.lang.all/62/28/asset-3346228.jpg",
    "squareImage": "https://static.colruytgroup.com/images/500x500sq/std.lang.all/62/28/asset-3346228.jpg",
    "content": "4x33cl",
    "walkRouteSequenceNumber": 3680,
    "price": {
      "basicPrice": 4.49,
      "recommendedQuantity": "1.0",
      "measurementUnitPrice": 3.41,
      "measurementUnit": "L",
      "isRedPrice": false,
      "pricePerUOM": 3.41,
      "activationDate": "29-06-2023",
      "isPromoActive": "N",
      "priceChangeCode": "E"
    },
    "isAvailable": true,
    "isPriceAvailable": true,
    "inPromo": false,
    "gtin": [
      "05400141932089",
      "05411911001782"
    ],
    "topCategoryName": "Dranken",
    "topCategoryId": "354",
    "businessDomain": "RETAIL_BE",
    "IsPrivateLabel": false,
    "IsBiffe": false,
    "WeightconversionFactor": "0",
    "IsWeightArticle": false,
    "IsBio": false,
    "CountryOfOrigin": "BELGIË",
    "IsExclusivelySoldInLuxembourg": false,
    "OrderUnit": "P",
    "ShortName": "STBE EXTRA 4 4.8%4X33CL",
    "IsNew": false,
    "EcoscoreLabel": "D",
    "RecentQuanityOfStockUnits": "1",
    "LongName": "ST BERNARDUS Extra 4 4,8% 4x33cl",
    "AlcoholVolume": "4.8",
    "FicCode": "E",
    "DepositValue": [
      0.4
    ],
    "EcoscoreValue": "37"
  },
  {
    "productId": "865601",
    "technicalArticleNumber": "4717794",
    "commercialArticleNumber": "4051",
    "name": "Exotic PET",
    "description": "*Sap van 7 vruchten\n*Appel, guave,\nananas, limoen,...",
    "brand": "TROPICANA",
    "seoBrand": "Tropicana",
    "thumbNail": "https://static.colruytgroup.com/images/200x200/std.lang.all/08/16/asset-3240816.jpg",
    "fullImage": "https://static.colruytgroup.com/images/500x500/std.lang.all/08/16/asset-3240816.jpg",
    "squareImage": "https://static.colruytgroup.com/images/500x500sq/std.lang.all/08/16/asset-3240816.jpg",
    "content": "90cl",
    "walkRouteSequenceNumber": 5040,
    "price": {
      "basicPrice": 4.59,
      "recommendedQuantity": "1.0",
      "quantityPrice": 4.41,
      "quantityPriceQuantity": "6.0",
      "measurementUnitPrice": 5.1,
      "measurementUnitQuantityPrice": 4.9,
      "measurementUnit": "L",
      "isRedPrice": false,
      "pricePerUOM": 5.1,
      "activationDate": "20-02-2024",
      "recordSource": "Offline",
      "isPromoActive": "N",
      "priceChangeCode": "E",
      "quantityPricePerUOM": 4.9,
      "quantityActivationDate": "20-02-2024",
      "quantityPriceChangeCode": "H"
    },
    "isAvailable": true,
    "isPriceAvailable": true,
    "inPromo": false,
    "gtin": [
      "01210002012065"
    ],
    "topCategoryName": "Dranken",
    "topCategoryId": "354",
    "businessDomain": "RETAIL_BE",
    "IsPrivateLabel": false,
    "IsBiffe": false,
    "WeightconversionFactor": "0",
    "IsWeightArticle": false,
    "IsBio": false,
    "CountryOfOrigin": "BELGIË",
    "IsExclusivelySoldInLuxembourg": false,
    "OrderUnit": "P",
    "ShortName": "TROP EXOTIC 90CL",
    "IsNew": false,
    "RecentQuanityOfStockUnits": "1",
    "LongName": "TROPICANA Exotic PET 90cl",
    "FicCode": "E"
  },
  {
    "productId": "143887",
    "technicalArticleNumber": "3317315",
    "commercialArticleNumber": "15068",
    "name": "rum Royal Ambre 40%",
    "description": "*Amber rum\n*Rum agricole\n*Martinique",
    "brand": "SAINT JAMES",
    "seoBrand": "Saint James",
    "thumbNail": "https://static.colruytgroup.com/images/200x200/std.lang.all/26/25/asset-632625.jpg",
    "fullImage": "https://static.colruytgroup.com/images/500x500/std.lang.all/26/25/asset-632625.jpg",
    "squareImage": "https://static.colruytgroup.com/images/500x500sq/std.lang.all/26/25/asset-632625.jpg",
    "content": "70cl",
    "walkRouteSequenceNumber": 819,
    "price": {
      "basicPrice": 24.99,
      "recommendedQuantity": "1.0",
      "quantityPrice": 23.99,
      "quantityPriceQuantity": "3.0",
      "measurementUnitPrice": 35.7,
      "measurementUnitQuantityPrice": 34.28,
      "measurementUnit": "L",
      "isRedPrice": false,
      "pricePerUOM": 35.7,
      "activationDate": "16-03-2024",
      "recordSource": "Offline",
      "isPromoActive": "N",
      "priceChangeCode": "H",
      "quantityPricePerUOM": 34.28,
      "quantityActivationDate": "16-03-2024",
      "quantityPriceChangeCode": "H"
    },
    "isAvailable": true,
    "isPriceAvailable": true,
    "inPromo": false,
    "gtin": [
      "03147699113776",
      "03147691289646",
      "03147691241156",
      "03147691242498",
      "03147691303021"
    ],
    "topCategoryName": "Dranken",
    "topCategoryId": "354",
    "businessDomain": "RETAIL_BE",
    "IsPrivateLabel": false,
    "IsBiffe": false,
    "WeightconversionFactor": "0",
    "IsWeightArticle": false,
    "IsBio": false,
    "CountryOfOrigin": "JAMAICA",
    "IsExclusivelySoldInLuxembourg": false,
    "OrderUnit": "P",
    "ShortName": "ST JAMES BRUIN 70C 40",
    "IsNew": false,
    "EcoscoreLabel": "D",
    "RecentQuanityOfStockUnits": "1,6",
    "LongName": "SAINT JAMES rum Royal Ambre 40% 70cl",
    "AlcoholVolume": "40",
    "FicCode": "E",
    "EcoscoreValue": "38"
  },
  {
    "productId": "14243",
    "technicalArticleNumber": "1629886",
    "commercialArticleNumber": "23584",
    "name": "oplosk. Moka glas",
    "description": "*Stekte: Intense\nkoffie\n*Oploskoffie",
    "brand": "NESCAFÉ SELECT",
    "seoBrand": "Nescafé Select",
    "thumbNail": "https://static.colruytgroup.com/images/200x200/std.lang.all/61/69/asset-3276169.jpg",
    "fullImage": "https://static.colruytgroup.com/images/500x500/std.lang.all/61/69/asset-3276169.jpg",
    "squareImage": "https://static.colruytgroup.com/images/500x500sq/std.lang.all/61/69/asset-3276169.jpg",
    "content": "200g",
    "walkRouteSequenceNumber": 1183,
    "price": {
      "basicPrice": 9.49,
      "recommendedQuantity": "1.0",
      "measurementUnitPrice": 47.45,
      "measurementUnit": "K",
      "isRedPrice": false,
      "pricePerUOM": 47.45,
      "activationDate": "15-03-2024",
      "recordSource": "Offline",
      "isPromoActive": "N",
      "priceChangeCode": "L"
    },
    "isAvailable": true,
    "isPriceAvailable": true,
    "inPromo": false,
    "gtin": [
      "08410100882703",
      "07613031843176",
      "08410100078069"
    ],
    "topCategoryName": "Dranken",
    "topCategoryId": "354",
    "businessDomain": "RETAIL_BE",
    "IsPrivateLabel": false,
    "IsBiffe": false,
    "WeightconversionFactor": "0",
    "IsWeightArticle": false,
    "nutriscoreLabel": "B",
    "IsBio": false,
    "CountryOfOrigin": "BELGIË",
    "IsExclusivelySoldInLuxembourg": false,
    "OrderUnit": "P",
    "ShortName": "NESCAF SELECT MOKA 200G",
    "IsNew": false,
    "RecentQuanityOfStockUnits": "1",
    "LongName": "NESCAFÉ SELECT oplosk. Moka glas 200g",
    "AlcoholVolume": "0",
    "FicCode": "E"
  },
  {
    "productId": "688746",
    "technicalArticleNumber": "4413957",
    "commercialArticleNumber": "9696",
    "name": "Prestige tripel 9,0%",
    "description": "*Zwaar blond bier\n*9 % vol",
    "brand": "BON SECOURS",
    "seoBrand": "Bon Secours",
    "thumbNail": "https://static.colruytgroup.com/images/200x200/std.lang.all/18/19/asset-2371819.jpg",
    "fullImage": "https://static.colruytgroup.com/images/500x500/std.lang.all/18/19/asset-2371819.jpg",
    "squareImage": "https://static.colruytgroup.com/images/500x500sq/std.lang.all/18/19/asset-2371819.jpg",
    "content": "4x33cl",
    "walkRouteSequenceNumber": 3681,
    "price": {
      "basicPrice": 7.4,
      "recommendedQuantity": "1.0",
      "quantityPrice": 7.1,
      "quantityPriceQuantity": "3.0",
      "measurementUnitPrice": 5.61,
      "measurementUnitQuantityPrice": 5.38,
      "measurementUnit": "L",
      "isRedPrice": false,
      "pricePerUOM": 5.61,
      "activationDate": "22-03-2024",
      "recordSource": "Offline",
      "isPromoActive": "N",
      "priceChangeCode": "L",
      "quantityPricePerUOM": 5.38,
      "quantityActivationDate": "22-03-2024",
      "quantityPriceChangeCode": "L"
    },
    "isAvailable": true,
    "isPriceAvailable": true,
    "inPromo": false,
    "gtin": [
      "05412983309028",
      "05400141940572"
    ],
    "topCategoryName": "Dranken",
    "topCategoryId": "354",
    "businessDomain": "RETAIL_BE",
    "IsPrivateLabel": false,
    "IsBiffe": false,
    "WeightconversionFactor": "0",
    "IsWeightArticle": false,
    "IsBio": false,
    "CountryOfOrigin": "BELGIË",
    "IsExclusivelySoldInLuxembourg": false,
    "OrderUnit": "P",
    "ShortName": "BONS PRESTIGE TR.4X33CL",
    "IsNew": false,
    "EcoscoreLabel": "D",
    "RecentQuanityOfStockUnits": "1",
    "LongName": "BON SECOURS Prestige tripel 9,0% 4x33cl",
    "AlcoholVolume": "9",
    "FicCode": "E",
    "DepositValue": [
      2
    ],
    "EcoscoreValue": "37"
  },
  {
    "productId": "514511",
    "technicalArticleNumber": "4095080",
    "commercialArticleNumber": "8268",
    "name": "Caribbean",
    "description": "*Energiedrank\n*Bevat cafeïne\n*Met zoetstoffen",
    "brand": "NOCCO",
    "seoBrand": "Nocco",
    "thumbNail": "https://static.colruytgroup.com/images/200x200/std.lang.all/67/21/asset-2976721.jpg",
    "fullImage": "https://static.colruytgroup.com/images/500x500/std.lang.all/67/21/asset-2976721.jpg",
    "squareImage": "https://static.colruytgroup.com/images/500x500sq/std.lang.all/67/21/asset-2976721.jpg",
    "content": "25cl",
    "walkRouteSequenceNumber": 4667,
    "price": {
      "basicPrice": 1.59,
      "recommendedQuantity": "3.0",
      "measurementUnitPrice": 6.36,
      "measurementUnit": "L",
      "isRedPrice": false,
      "pricePerUOM": 6.36,
      "activationDate": "14-02-2024",
      "isPromoActive": "N",
      "priceChangeCode": "L"
    },
    "isAvailable": true,
    "isPriceAvailable": true,
    "inPromo": false,
    "gtin": [
      "25400141954382",
      "07340131600957",
      "25400141816581",
      "27340131600951"
    ],
    "topCategoryName": "Dranken",
    "topCategoryId": "354",
    "businessDomain": "RETAIL_BE",
    "IsPrivateLabel": false,
    "IsBiffe": false,
    "WeightconversionFactor": "0",
    "IsWeightArticle": false,
    "nutriscoreLabel": "C",
    "IsBio": false,
    "CountryOfOrigin": "OOSTENRIJK",
    "IsExclusivelySoldInLuxembourg": false,
    "OrderUnit": "P",
    "ShortName": "NOCC CARIBBEAN 25CL",
    "IsNew": false,
    "RecentQuanityOfStockUnits": "3,1",
    "LongName": "NOCCO Caribbean 25cl",
    "FicCode": "E"
  },
  {
    "productId": "321090",
    "technicalArticleNumber": "3773531",
    "commercialArticleNumber": "14529",
    "name": "Gin fizz 15%",
    "description": "*Ready to serve\n*Gin Fizz\n*Basis voor cocktail\n*15,0 % vol",
    "brand": "MARIE GALANTE",
    "seoBrand": "Marie Galante",
    "thumbNail": "https://static.colruytgroup.com/images/200x200/std.lang.all/83/36/asset-1558336.jpg",
    "fullImage": "https://static.colruytgroup.com/images/500x500/std.lang.all/83/36/asset-1558336.jpg",
    "squareImage": "https://static.colruytgroup.com/images/500x500sq/std.lang.all/83/36/asset-1558336.jpg",
    "content": "70cl",
    "walkRouteSequenceNumber": 884,
    "price": {
      "basicPrice": 7.45,
      "recommendedQuantity": "1.0",
      "measurementUnitPrice": 10.65,
      "measurementUnit": "L",
      "isRedPrice": false,
      "pricePerUOM": 10.65,
      "activationDate": "13-01-2023",
      "isPromoActive": "N",
      "priceChangeCode": "H"
    },
    "isAvailable": true,
    "isPriceAvailable": true,
    "inPromo": false,
    "gtin": [
      "05400141103816",
      "15400141103813"
    ],
    "topCategoryName": "Dranken",
    "topCategoryId": "354",
    "businessDomain": "RETAIL_BE",
    "IsPrivateLabel": true,
    "IsBiffe": false,
    "WeightconversionFactor": "0",
    "IsWeightArticle": false,
    "IsBio": false,
    "CountryOfOrigin": "FRANKRIJK",
    "IsExclusivelySoldInLuxembourg": false,
    "OrderUnit": "P",
    "ShortName": "M.GAL GIN FIZZ 15% 70CL",
    "IsNew": false,
    "EcoscoreLabel": "C",
    "RecentQuanityOfStockUnits": "1",
    "LongName": "MARIE GALANTE Gin fizz 15% 70cl",
    "AlcoholVolume": "15",
    "FicCode": "I",
    "EcoscoreValue": "50"
  },
  {
    "productId": "126109",
    "technicalArticleNumber": "3231104",
    "commercialArticleNumber": "1528",
    "name": "jenever neuzeke 14,9%",
    "description": "*Jenever\n*14,9 % vol\n*Smaak: cuberdon",
    "brand": "PETERMAN",
    "seoBrand": "Peterman",
    "thumbNail": "https://static.colruytgroup.com/images/200x200/std.lang.all/21/04/asset-2272104.jpg",
    "fullImage": "https://static.colruytgroup.com/images/500x500/std.lang.all/21/04/asset-2272104.jpg",
    "squareImage": "https://static.colruytgroup.com/images/500x500sq/std.lang.all/21/04/asset-2272104.jpg",
    "content": "70cl",
    "walkRouteSequenceNumber": 910,
    "price": {
      "basicPrice": 13.99,
      "recommendedQuantity": "1.0",
      "quantityPrice": 13.43,
      "quantityPriceQuantity": "3.0",
      "measurementUnitPrice": 19.99,
      "measurementUnitQuantityPrice": 19.19,
      "measurementUnit": "L",
      "isRedPrice": false,
      "pricePerUOM": 19.99,
      "activationDate": "12-03-2024",
      "recordSource": "Offline",
      "isPromoActive": "N",
      "priceChangeCode": "H",
      "quantityPricePerUOM": 19.19,
      "quantityActivationDate": "12-03-2024",
      "quantityPriceChangeCode": "H"
    },
    "isAvailable": true,
    "isPriceAvailable": true,
    "inPromo": false,
    "gtin": [
      "05410293053624",
      "15410293053621",
      "15410293041420"
    ],
    "topCategoryName": "Dranken",
    "topCategoryId": "354",
    "businessDomain": "RETAIL_BE",
    "IsPrivateLabel": false,
    "IsBiffe": false,
    "WeightconversionFactor": "0",
    "IsWeightArticle": false,
    "IsBio": false,
    "CountryOfOrigin": "BELGIË",
    "IsExclusivelySoldInLuxembourg": false,
    "OrderUnit": "P",
    "ShortName": "PETER. CUBERD.70C 14.9",
    "IsNew": false,
    "EcoscoreLabel": "D",
    "RecentQuanityOfStockUnits": "1,6",
    "LongName": "PETERMAN jenever neuzeke 14,9% 70cl",
    "AlcoholVolume": "14.9",
    "FicCode": "E",
    "EcoscoreValue": "38"
  },
  {
    "productId": "639137",
    "technicalArticleNumber": "4330945",
    "commercialArticleNumber": "10767",
    "name": "cola zero glas",
    "description": "*Bruisend\n*Bevat cafeïne\n*Bevat zoetstoffen\n*Zonder\nbewaarmiddelen",
    "brand": "RITCHIE",
    "seoBrand": "Ritchie",
    "thumbNail": "https://static.colruytgroup.com/images/200x200/std.lang.all/55/90/asset-2355590.jpg",
    "fullImage": "https://static.colruytgroup.com/images/500x500/std.lang.all/55/90/asset-2355590.jpg",
    "squareImage": "https://static.colruytgroup.com/images/500x500sq/std.lang.all/55/90/asset-2355590.jpg",
    "content": "27,5cl",
    "walkRouteSequenceNumber": 4357,
    "price": {
      "basicPrice": 1.5,
      "recommendedQuantity": "4.0",
      "measurementUnitPrice": 5.46,
      "measurementUnit": "L",
      "isRedPrice": false,
      "pricePerUOM": 5.46,
      "activationDate": "30-11-2023",
      "recordSource": "Online",
      "isPromoActive": "N",
      "priceChangeCode": "H"
    },
    "isAvailable": true,
    "isPriceAvailable": true,
    "inPromo": false,
    "gtin": [
      "05430002241128",
      "05430002241142",
      "05430002241135"
    ],
    "topCategoryName": "Dranken",
    "topCategoryId": "354",
    "businessDomain": "RETAIL_BE",
    "IsPrivateLabel": false,
    "IsBiffe": false,
    "WeightconversionFactor": "0",
    "IsWeightArticle": false,
    "nutriscoreLabel": "C",
    "IsBio": false,
    "CountryOfOrigin": "BELGIË",
    "IsExclusivelySoldInLuxembourg": false,
    "OrderUnit": "P",
    "ShortName": "RITC COLA ZERO GL.27.5C",
    "IsNew": false,
    "RecentQuanityOfStockUnits": "4,1",
    "LongName": "RITCHIE cola zero glas 27,5cl",
    "FicCode": "E"
  },
  {
    "productId": "731729",
    "technicalArticleNumber": "4489757",
    "commercialArticleNumber": "12977",
    "name": "Pink Gin 37,5%",
    "description": "*Pink gin\n*37,5 % vol",
    "brand": "MARIE GALANTE",
    "seoBrand": "Marie Galante",
    "thumbNail": "https://static.colruytgroup.com/images/200x200/std.lang.all/51/44/asset-2755144.jpg",
    "fullImage": "https://static.colruytgroup.com/images/500x500/std.lang.all/51/44/asset-2755144.jpg",
    "squareImage": "https://static.colruytgroup.com/images/500x500sq/std.lang.all/51/44/asset-2755144.jpg",
    "content": "70cl",
    "walkRouteSequenceNumber": 756,
    "price": {
      "basicPrice": 17.99,
      "recommendedQuantity": "1.0",
      "measurementUnitPrice": 25.7,
      "measurementUnit": "L",
      "isRedPrice": false,
      "pricePerUOM": 25.7,
      "activationDate": "29-11-2023",
      "recordSource": "Offline",
      "isPromoActive": "N",
      "priceChangeCode": "H"
    },
    "isAvailable": true,
    "isPriceAvailable": true,
    "inPromo": false,
    "gtin": [
      "15400141699255",
      "05400141699258"
    ],
    "topCategoryName": "Dranken",
    "topCategoryId": "354",
    "businessDomain": "RETAIL_BE",
    "IsPrivateLabel": true,
    "IsBiffe": false,
    "WeightconversionFactor": "0",
    "IsWeightArticle": false,
    "IsBio": false,
    "CountryOfOrigin": "DUITSLAND",
    "IsExclusivelySoldInLuxembourg": false,
    "OrderUnit": "P",
    "ShortName": "MGAL PINK GIN 37.5%70CL",
    "IsNew": false,
    "EcoscoreLabel": "D",
    "RecentQuanityOfStockUnits": "1",
    "LongName": "MARIE GALANTE Pink Gin 37,5% 70cl",
    "AlcoholVolume": "37.5",
    "FicCode": "I",
    "EcoscoreValue": "38"
  },
  {
    "productId": "1321",
    "technicalArticleNumber": "18069",
    "commercialArticleNumber": "18069",
    "name": "Black Label 12Y 40%",
    "description": "*Scotch blend.whisky\n*Schotland",
    "brand": "JOHNNIE WALKER",
    "seoBrand": "Johnnie Walker Black Label",
    "thumbNail": "https://static.colruytgroup.com/images/200x200/std.lang.all/49/46/asset-1794946.jpg",
    "fullImage": "https://static.colruytgroup.com/images/500x500/std.lang.all/49/46/asset-1794946.jpg",
    "squareImage": "https://static.colruytgroup.com/images/500x500sq/std.lang.all/49/46/asset-1794946.jpg",
    "content": "70cl",
    "walkRouteSequenceNumber": 981,
    "price": {
      "basicPrice": 29.99,
      "recommendedQuantity": "1.0",
      "measurementUnitPrice": 42.85,
      "measurementUnit": "L",
      "isRedPrice": false,
      "pricePerUOM": 42.85,
      "activationDate": "19-03-2024",
      "recordSource": "Offline",
      "isPromoActive": "N",
      "priceChangeCode": "L"
    },
    "isAvailable": true,
    "isPriceAvailable": true,
    "inPromo": false,
    "gtin": [
      "05000267194820",
      "05000267194844",
      "05000267024325",
      "05000267179797",
      "05000267179834",
      "05000267181431",
      "05000267181523",
      "05000267185545",
      "05000267185552",
      "05000267024202",
      "05000267024233",
      "05000267024240"
    ],
    "topCategoryName": "Dranken",
    "topCategoryId": "354",
    "businessDomain": "RETAIL_BE",
    "IsPrivateLabel": false,
    "IsBiffe": false,
    "WeightconversionFactor": "0",
    "IsWeightArticle": false,
    "IsBio": false,
    "CountryOfOrigin": "VERENIGD KONINKRIJK",
    "IsExclusivelySoldInLuxembourg": false,
    "OrderUnit": "P",
    "ShortName": "WALK BLACK LAB40% 70CL",
    "IsNew": false,
    "EcoscoreLabel": "D",
    "RecentQuanityOfStockUnits": "1,6,1",
    "LongName": "JOHNNIE WALKER Black Label 12Y 40% 70cl",
    "AlcoholVolume": "40",
    "FicCode": "E",
    "EcoscoreValue": "38"
  },
  {
    "productId": "782825",
    "technicalArticleNumber": "4580521",
    "commercialArticleNumber": "4187",
    "name": "June Premium Non-Alc. Spirit",
    "description": "*Alcoholvrij",
    "brand": "NONA",
    "seoBrand": "Nona",
    "thumbNail": "https://static.colruytgroup.com/images/200x200/std.lang.all/49/92/asset-2764992.jpg",
    "fullImage": "https://static.colruytgroup.com/images/500x500/std.lang.all/49/92/asset-2764992.jpg",
    "squareImage": "https://static.colruytgroup.com/images/500x500sq/std.lang.all/49/92/asset-2764992.jpg",
    "content": "70cl",
    "walkRouteSequenceNumber": 635,
    "price": {
      "basicPrice": 28.49,
      "recommendedQuantity": "1.0",
      "measurementUnitPrice": 40.7,
      "measurementUnit": "L",
      "isRedPrice": false,
      "pricePerUOM": 40.7,
      "activationDate": "20-02-2024",
      "recordSource": "Offline",
      "isPromoActive": "N",
      "priceChangeCode": "E"
    },
    "isAvailable": true,
    "isPriceAvailable": true,
    "inPromo": false,
    "gtin": [
      "05430001512021",
      "05430001512014"
    ],
    "topCategoryName": "Dranken",
    "topCategoryId": "354",
    "businessDomain": "RETAIL_BE",
    "IsPrivateLabel": false,
    "IsBiffe": false,
    "WeightconversionFactor": "0",
    "IsWeightArticle": false,
    "nutriscoreLabel": "B",
    "IsBio": false,
    "CountryOfOrigin": "BELGIË",
    "IsExclusivelySoldInLuxembourg": false,
    "OrderUnit": "P",
    "ShortName": "NONA JUNE ALCOHOLVR.70C",
    "IsNew": false,
    "RecentQuanityOfStockUnits": "1",
    "LongName": "NONA June Premium Non-Alc. Spirit 70cl",
    "AlcoholVolume": "0",
    "FicCode": "E"
  },
  {
    "productId": "352627",
    "technicalArticleNumber": "3852251",
    "commercialArticleNumber": "16895",
    "name": "Blanc 17,0%vol",
    "description": "*Aperitief\n*17,0 % vol",
    "brand": "LILLET",
    "seoBrand": "Lillet",
    "thumbNail": "https://static.colruytgroup.com/images/200x200/std.lang.all/93/30/asset-3169330.jpg",
    "fullImage": "https://static.colruytgroup.com/images/500x500/std.lang.all/93/30/asset-3169330.jpg",
    "squareImage": "https://static.colruytgroup.com/images/500x500sq/std.lang.all/93/30/asset-3169330.jpg",
    "content": "75cl",
    "walkRouteSequenceNumber": 865,
    "price": {
      "basicPrice": 13.99,
      "recommendedQuantity": "1.0",
      "measurementUnitPrice": 18.66,
      "measurementUnit": "L",
      "isRedPrice": false,
      "pricePerUOM": 18.66,
      "activationDate": "14-03-2024",
      "recordSource": "Offline",
      "isPromoActive": "N",
      "priceChangeCode": "E"
    },
    "isAvailable": true,
    "isPriceAvailable": true,
    "inPromo": false,
    "gtin": [
      "13057230000281",
      "03057230000253"
    ],
    "topCategoryName": "Dranken",
    "topCategoryId": "354",
    "businessDomain": "RETAIL_BE",
    "IsPrivateLabel": false,
    "IsBiffe": false,
    "WeightconversionFactor": "0",
    "IsWeightArticle": false,
    "IsBio": false,
    "CountryOfOrigin": "FRANKRIJK",
    "IsExclusivelySoldInLuxembourg": false,
    "OrderUnit": "P",
    "ShortName": "LILL BLANC 17% 75CL",
    "IsNew": false,
    "EcoscoreLabel": "D",
    "RecentQuanityOfStockUnits": "1",
    "LongName": "LILLET Blanc 17,0%vol 75cl",
    "AlcoholVolume": "17",
    "FicCode": "E",
    "EcoscoreValue": "27"
  },
  {
    "productId": "559627",
    "technicalArticleNumber": "4196484",
    "commercialArticleNumber": "15560",
    "name": "Tequila 35%",
    "description": "*Tequila\n*35% vol",
    "brand": "MARIE GALANTE",
    "seoBrand": "Marie Galante",
    "thumbNail": "https://static.colruytgroup.com/images/200x200/std.lang.all/66/67/asset-2416667.jpg",
    "fullImage": "https://static.colruytgroup.com/images/500x500/std.lang.all/66/67/asset-2416667.jpg",
    "squareImage": "https://static.colruytgroup.com/images/500x500sq/std.lang.all/66/67/asset-2416667.jpg",
    "content": "50cl",
    "walkRouteSequenceNumber": 839,
    "price": {
      "basicPrice": 17.49,
      "recommendedQuantity": "1.0",
      "measurementUnitPrice": 34.98,
      "measurementUnit": "L",
      "isRedPrice": false,
      "pricePerUOM": 34.98,
      "activationDate": "11-05-2023",
      "isPromoActive": "N",
      "priceChangeCode": "E"
    },
    "isAvailable": true,
    "isPriceAvailable": true,
    "inPromo": false,
    "gtin": [
      "15400141341697",
      "05400141341690"
    ],
    "topCategoryName": "Dranken",
    "topCategoryId": "354",
    "businessDomain": "RETAIL_BE",
    "IsPrivateLabel": true,
    "IsBiffe": false,
    "WeightconversionFactor": "0",
    "IsWeightArticle": false,
    "IsBio": false,
    "CountryOfOrigin": "MEXICO",
    "IsExclusivelySoldInLuxembourg": false,
    "OrderUnit": "P",
    "ShortName": "MAGA TEQUILA 50CL",
    "IsNew": false,
    "EcoscoreLabel": "E",
    "RecentQuanityOfStockUnits": "1",
    "LongName": "MARIE GALANTE Tequila 35% 50cl",
    "AlcoholVolume": "35",
    "FicCode": "I",
    "EcoscoreValue": "18"
  },
  {
    "productId": "876630",
    "technicalArticleNumber": "4731879",
    "commercialArticleNumber": "4209",
    "name": "Vodka Passion Fruit 18%",
    "brand": "ERISTOFF",
    "seoBrand": "Eristoff",
    "thumbNail": "https://static.colruytgroup.com/images/200x200/std.lang.all/54/73/asset-3285473.jpg",
    "fullImage": "https://static.colruytgroup.com/images/500x500/std.lang.all/54/73/asset-3285473.jpg",
    "squareImage": "https://static.colruytgroup.com/images/500x500sq/std.lang.all/54/73/asset-3285473.jpg",
    "content": "70cl",
    "walkRouteSequenceNumber": 831,
    "price": {
      "basicPrice": 15.49,
      "recommendedQuantity": "1.0",
      "measurementUnitPrice": 22.13,
      "measurementUnit": "L",
      "isRedPrice": false,
      "pricePerUOM": 22.13,
      "activationDate": "23-03-2024",
      "recordSource": "Offline",
      "isPromoActive": "N",
      "priceChangeCode": "L"
    },
    "isAvailable": true,
    "isPriceAvailable": true,
    "inPromo": false,
    "gtin": [
      "07610113022207",
      "07610113014479"
    ],
    "topCategoryName": "Dranken",
    "topCategoryId": "354",
    "businessDomain": "RETAIL_BE",
    "IsPrivateLabel": false,
    "IsBiffe": false,
    "WeightconversionFactor": "0",
    "IsWeightArticle": false,
    "IsBio": false,
    "CountryOfOrigin": "FRANKRIJK",
    "IsExclusivelySoldInLuxembourg": false,
    "OrderUnit": "P",
    "ShortName": "ERIS PASSION FRUIT 70CL",
    "IsNew": false,
    "EcoscoreLabel": "D",
    "RecentQuanityOfStockUnits": "1",
    "LongName": "ERISTOFF Vodka Passion Fruit 18% 70cl",
    "AlcoholVolume": "18",
    "FicCode": "E",
    "EcoscoreValue": "38"
  },
  {
    "productId": "173436",
    "technicalArticleNumber": "3341649",
    "commercialArticleNumber": "9657",
    "name": "bier blond 8,5%vol",
    "description": "*Genietbier\n*8,5 % vol",
    "brand": "FILOU",
    "seoBrand": "Filou",
    "thumbNail": "https://static.colruytgroup.com/images/200x200/std.lang.all/23/19/asset-632319.jpg",
    "fullImage": "https://static.colruytgroup.com/images/500x500/std.lang.all/23/19/asset-632319.jpg",
    "squareImage": "https://static.colruytgroup.com/images/500x500sq/std.lang.all/23/19/asset-632319.jpg",
    "content": "6x33cl",
    "walkRouteSequenceNumber": 3675,
    "price": {
      "basicPrice": 8.34,
      "recommendedQuantity": "1.0",
      "quantityPrice": 8.01,
      "quantityPriceQuantity": "3.0",
      "measurementUnitPrice": 4.22,
      "measurementUnitQuantityPrice": 4.05,
      "measurementUnit": "L",
      "isRedPrice": false,
      "pricePerUOM": 4.22,
      "activationDate": "28-12-2023",
      "recordSource": "Offline",
      "isPromoActive": "N",
      "priceChangeCode": "L",
      "quantityPricePerUOM": 4.05,
      "quantityActivationDate": "28-12-2023",
      "quantityPriceChangeCode": "L"
    },
    "isAvailable": true,
    "isPriceAvailable": true,
    "inPromo": false,
    "gtin": [
      "05411081006211",
      "05400141206241"
    ],
    "topCategoryName": "Dranken",
    "topCategoryId": "354",
    "businessDomain": "RETAIL_BE",
    "IsPrivateLabel": false,
    "IsBiffe": false,
    "WeightconversionFactor": "0",
    "IsWeightArticle": false,
    "IsBio": false,
    "CountryOfOrigin": "BELGIË",
    "IsExclusivelySoldInLuxembourg": false,
    "OrderUnit": "P",
    "ShortName": "FILOU 6 X 33CL",
    "IsNew": false,
    "EcoscoreLabel": "D",
    "RecentQuanityOfStockUnits": "1",
    "LongName": "FILOU bier blond 8,5%vol 6x33cl",
    "AlcoholVolume": "8.5",
    "FicCode": "E",
    "DepositValue": [
      0.6
    ],
    "EcoscoreValue": "37"
  },
  {
    "productId": "423",
    "technicalArticleNumber": "5094",
    "commercialArticleNumber": "5094",
    "name": "trappist blauw 9,0%vol",
    "description": "*Trappistenbier\n*9 % vol",
    "brand": "CHIMAY",
    "seoBrand": "Chimay",
    "thumbNail": "https://static.colruytgroup.com/images/200x200/std.lang.all/66/02/asset-366602.jpg",
    "fullImage": "https://static.colruytgroup.com/images/500x500/std.lang.all/66/02/asset-366602.jpg",
    "squareImage": "https://static.colruytgroup.com/images/500x500sq/std.lang.all/66/02/asset-366602.jpg",
    "content": "24x33cl",
    "walkRouteSequenceNumber": 3973,
    "price": {
      "basicPrice": 40.99,
      "recommendedQuantity": "1.0",
      "measurementUnitPrice": 5.18,
      "measurementUnit": "L",
      "isRedPrice": false,
      "pricePerUOM": 5.18,
      "activationDate": "22-03-2024",
      "recordSource": "Offline",
      "isPromoActive": "N",
      "priceChangeCode": "L"
    },
    "isAvailable": true,
    "isPriceAvailable": true,
    "inPromo": false,
    "gtin": [
      "05410908000036"
    ],
    "topCategoryName": "Dranken",
    "topCategoryId": "354",
    "businessDomain": "RETAIL_BE",
    "IsPrivateLabel": false,
    "IsBiffe": false,
    "WeightconversionFactor": "0",
    "IsWeightArticle": false,
    "IsBio": false,
    "CountryOfOrigin": "BELGIË",
    "IsExclusivelySoldInLuxembourg": false,
    "OrderUnit": "P",
    "ShortName": "RE CHIMAY 9GR BL 24X33",
    "IsNew": false,
    "EcoscoreLabel": "D",
    "RecentQuanityOfStockUnits": "1",
    "LongName": "CHIMAY trappist blauw 9,0%vol 24x33cl",
    "AlcoholVolume": "9",
    "FicCode": "E",
    "DepositValue": [
      4.5
    ],
    "EcoscoreValue": "37"
  },
  {
    "productId": "775737",
    "technicalArticleNumber": "4566556",
    "commercialArticleNumber": "5491",
    "name": "pils 0,0%",
    "description": "*Alcoholvrij bier\n*Pils\n*0 % vol",
    "brand": "CORONA",
    "seoBrand": "Corona",
    "thumbNail": "https://static.colruytgroup.com/images/200x200/std.lang.all/12/95/asset-2821295.jpg",
    "fullImage": "https://static.colruytgroup.com/images/500x500/std.lang.all/12/95/asset-2821295.jpg",
    "squareImage": "https://static.colruytgroup.com/images/500x500sq/std.lang.all/12/95/asset-2821295.jpg",
    "content": "6x33cl",
    "walkRouteSequenceNumber": 3844,
    "price": {
      "basicPrice": 8.99,
      "recommendedQuantity": "1.0",
      "measurementUnitPrice": 4.55,
      "measurementUnit": "L",
      "isRedPrice": false,
      "pricePerUOM": 4.55,
      "activationDate": "12-03-2024",
      "recordSource": "Offline",
      "isPromoActive": "N",
      "priceChangeCode": "L"
    },
    "isAvailable": true,
    "isPriceAvailable": true,
    "inPromo": false,
    "gtin": [
      "05410228292128",
      "05410228292203",
      "05410228292241"
    ],
    "topCategoryName": "Dranken",
    "topCategoryId": "354",
    "businessDomain": "RETAIL_BE",
    "IsPrivateLabel": false,
    "IsBiffe": false,
    "WeightconversionFactor": "0",
    "IsWeightArticle": false,
    "IsBio": false,
    "CountryOfOrigin": "BELGIË",
    "IsExclusivelySoldInLuxembourg": false,
    "OrderUnit": "P",
    "ShortName": "CORO PILS 0% 6X33CL",
    "IsNew": false,
    "RecentQuanityOfStockUnits": "1,4",
    "LongName": "CORONA pils 0,0% 6x33cl",
    "AlcoholVolume": "0",
    "FicCode": "E"
  },
  {
    "productId": "514628",
    "technicalArticleNumber": "4095204",
    "commercialArticleNumber": "8293",
    "name": "blond 5,8%vol",
    "description": "*Blond bier\n*5,8 % vol",
    "brand": "BIÈRE DES AMIS",
    "seoBrand": "Bière des Amis",
    "thumbNail": "https://static.colruytgroup.com/images/200x200/std.lang.all/13/64/asset-3271364.jpg",
    "fullImage": "https://static.colruytgroup.com/images/500x500/std.lang.all/13/64/asset-3271364.jpg",
    "squareImage": "https://static.colruytgroup.com/images/500x500sq/std.lang.all/13/64/asset-3271364.jpg",
    "content": "66cl",
    "walkRouteSequenceNumber": 3719,
    "price": {
      "basicPrice": 3.9,
      "recommendedQuantity": "1.0",
      "measurementUnitPrice": 5.91,
      "measurementUnit": "L",
      "isRedPrice": false,
      "pricePerUOM": 5.91,
      "activationDate": "17-02-2024",
      "recordSource": "Online",
      "isPromoActive": "N",
      "priceChangeCode": "E"
    },
    "isAvailable": true,
    "isPriceAvailable": true,
    "inPromo": false,
    "gtin": [
      "05415270201500",
      "05415270100827"
    ],
    "topCategoryName": "Dranken",
    "topCategoryId": "354",
    "businessDomain": "RETAIL_BE",
    "IsPrivateLabel": false,
    "IsBiffe": false,
    "WeightconversionFactor": "0",
    "IsWeightArticle": false,
    "IsBio": false,
    "CountryOfOrigin": "BELGIË",
    "IsExclusivelySoldInLuxembourg": false,
    "OrderUnit": "P",
    "ShortName": "BIAM BLOND 66CL",
    "IsNew": false,
    "EcoscoreLabel": "D",
    "RecentQuanityOfStockUnits": "1",
    "LongName": "BIÈRE DES AMIS blond 5,8%vol 66cl",
    "AlcoholVolume": "5.8",
    "FicCode": "E",
    "EcoscoreValue": "37"
  },
  {
    "productId": "865595",
    "technicalArticleNumber": "4717786",
    "commercialArticleNumber": "4030",
    "name": "Pressed Clementines PET",
    "description": "*Clementine\n*Puur sap\n*100 % fruit",
    "brand": "TROPICANA",
    "seoBrand": "Tropicana",
    "thumbNail": "https://static.colruytgroup.com/images/200x200/std.lang.all/49/02/asset-3374902.jpg",
    "fullImage": "https://static.colruytgroup.com/images/500x500/std.lang.all/49/02/asset-3374902.jpg",
    "squareImage": "https://static.colruytgroup.com/images/500x500sq/std.lang.all/49/02/asset-3374902.jpg",
    "content": "90cl",
    "walkRouteSequenceNumber": 5036,
    "price": {
      "basicPrice": 5.09,
      "recommendedQuantity": "1.0",
      "quantityPrice": 4.89,
      "quantityPriceQuantity": "6.0",
      "measurementUnitPrice": 5.66,
      "measurementUnitQuantityPrice": 5.44,
      "measurementUnit": "L",
      "isRedPrice": false,
      "pricePerUOM": 5.66,
      "activationDate": "20-02-2024",
      "recordSource": "Offline",
      "isPromoActive": "N",
      "priceChangeCode": "E",
      "quantityPricePerUOM": 5.44,
      "quantityActivationDate": "20-02-2024",
      "quantityPriceChangeCode": "H"
    },
    "isAvailable": true,
    "isPriceAvailable": true,
    "inPromo": false,
    "gtin": [
      "05410188036848",
      "05410188036855"
    ],
    "topCategoryName": "Dranken",
    "topCategoryId": "354",
    "businessDomain": "RETAIL_BE",
    "IsPrivateLabel": false,
    "IsBiffe": false,
    "WeightconversionFactor": "0",
    "IsWeightArticle": false,
    "nutriscoreLabel": "C",
    "IsBio": false,
    "CountryOfOrigin": "BELGIË",
    "IsExclusivelySoldInLuxembourg": false,
    "OrderUnit": "P",
    "ShortName": "TROP PRES.CLEMENTIN90CL",
    "IsNew": false,
    "RecentQuanityOfStockUnits": "1",
    "LongName": "TROPICANA Pressed Clementines PET 90cl",
    "FicCode": "E"
  },
  {
    "productId": "687150",
    "technicalArticleNumber": "4411273",
    "commercialArticleNumber": "25420",
    "name": "Belgian Pale Ale 5,8%Bio",
    "description": "*Blond bier\n*5,8 % vol",
    "brand": "ZINNEBIR",
    "seoBrand": "Zinnebir",
    "thumbNail": "https://static.colruytgroup.com/images/200x200/std.lang.all/92/56/asset-2369256.jpg",
    "fullImage": "https://static.colruytgroup.com/images/500x500/std.lang.all/92/56/asset-2369256.jpg",
    "squareImage": "https://static.colruytgroup.com/images/500x500sq/std.lang.all/92/56/asset-2369256.jpg",
    "content": "4x33cl",
    "walkRouteSequenceNumber": 3666,
    "price": {
      "basicPrice": 8.39,
      "recommendedQuantity": "1.0",
      "quantityPrice": 8.05,
      "quantityPriceQuantity": "3.0",
      "measurementUnitPrice": 6.36,
      "measurementUnitQuantityPrice": 6.1,
      "measurementUnit": "L",
      "isRedPrice": false,
      "pricePerUOM": 6.36,
      "activationDate": "20-02-2024",
      "isPromoActive": "N",
      "priceChangeCode": "H",
      "quantityPricePerUOM": 6.1,
      "quantityActivationDate": "20-02-2024",
      "quantityPriceChangeCode": "H"
    },
    "isAvailable": true,
    "isPriceAvailable": true,
    "inPromo": false,
    "gtin": [
      "05400141914245"
    ],
    "topCategoryName": "Dranken",
    "topCategoryId": "354",
    "businessDomain": "RETAIL_BE",
    "IsPrivateLabel": false,
    "IsBiffe": false,
    "WeightconversionFactor": "0",
    "IsWeightArticle": false,
    "IsBio": true,
    "CountryOfOrigin": "BELGIË",
    "IsExclusivelySoldInLuxembourg": false,
    "OrderUnit": "P",
    "ShortName": "ZINN BPA 5.8% BIO4X33CL",
    "IsNew": false,
    "RecentQuanityOfStockUnits": "1",
    "LongName": "ZINNEBIR Belgian Pale Ale 5,8%Bio 4x33cl",
    "AlcoholVolume": "5.8",
    "FicCode": "E",
    "DepositValue": [
      0.4
    ]
  },
  {
    "productId": "684549",
    "technicalArticleNumber": "4406636",
    "commercialArticleNumber": "24765",
    "name": "Boost Berry",
    "brand": "VIT-HIT",
    "seoBrand": "Vit-Hit",
    "thumbNail": "https://static.colruytgroup.com/images/200x200/std.lang.all/44/56/asset-2524456.jpg",
    "fullImage": "https://static.colruytgroup.com/images/500x500/std.lang.all/44/56/asset-2524456.jpg",
    "squareImage": "https://static.colruytgroup.com/images/500x500sq/std.lang.all/44/56/asset-2524456.jpg",
    "content": "50cl",
    "walkRouteSequenceNumber": 4714,
    "price": {
      "basicPrice": 1.99,
      "recommendedQuantity": "1.0",
      "measurementUnitPrice": 3.98,
      "measurementUnit": "L",
      "isRedPrice": false,
      "pricePerUOM": 3.98,
      "activationDate": "15-02-2024",
      "recordSource": "Offline",
      "isPromoActive": "N",
      "priceChangeCode": "E"
    },
    "isAvailable": true,
    "isPriceAvailable": true,
    "inPromo": false,
    "gtin": [
      "05034033000206",
      "15034033000203",
      "05034033000381"
    ],
    "topCategoryName": "Dranken",
    "topCategoryId": "354",
    "businessDomain": "RETAIL_BE",
    "IsPrivateLabel": false,
    "IsBiffe": false,
    "WeightconversionFactor": "0",
    "IsWeightArticle": false,
    "nutriscoreLabel": "C",
    "IsBio": false,
    "CountryOfOrigin": "IERLAND",
    "IsExclusivelySoldInLuxembourg": false,
    "OrderUnit": "P",
    "ShortName": "VITH BOOST BERRY 50CL",
    "InSeason": true,
    "IsNew": false,
    "RecentQuanityOfStockUnits": "1,12",
    "LongName": "VIT-HIT Boost Berry 50cl",
    "StartSeasonDate": "15/06/2021",
    "FicCode": "E"
  },
  {
    "productId": "1854",
    "technicalArticleNumber": "22218",
    "commercialArticleNumber": "22218",
    "name": "Lemon/Forest/tropical fruit",
    "description": "*Instant thee\n*Citroen,\nbosvruchten,\ntropische vruchten",
    "brand": "LIPTON",
    "seoBrand": "Lipton",
    "thumbNail": "https://static.colruytgroup.com/images/200x200/std.lang.all/18/17/asset-1481817.jpg",
    "fullImage": "https://static.colruytgroup.com/images/500x500/std.lang.all/18/17/asset-1481817.jpg",
    "squareImage": "https://static.colruytgroup.com/images/500x500sq/std.lang.all/18/17/asset-1481817.jpg",
    "content": "20st",
    "walkRouteSequenceNumber": 1261,
    "price": {
      "basicPrice": 1.99,
      "recommendedQuantity": "1.0",
      "measurementUnitPrice": 58.53,
      "measurementUnit": "K",
      "isRedPrice": false,
      "pricePerUOM": 58.53,
      "activationDate": "11-03-2024",
      "recordSource": "Offline",
      "isPromoActive": "N",
      "priceChangeCode": "H"
    },
    "isAvailable": true,
    "isPriceAvailable": true,
    "inPromo": false,
    "gtin": [
      "08711327515529",
      "08711327514454",
      "08711327514300",
      "08711327515758",
      "03228881075321",
      "07310390855108",
      "07310390855139",
      "07310390855160",
      "08714100912447",
      "08720182142207"
    ],
    "topCategoryName": "Dranken",
    "topCategoryId": "354",
    "businessDomain": "RETAIL_BE",
    "IsPrivateLabel": false,
    "IsBiffe": false,
    "WeightconversionFactor": "0",
    "IsWeightArticle": false,
    "nutriscoreLabel": "B",
    "IsBio": false,
    "CountryOfOrigin": "POLEN",
    "IsExclusivelySoldInLuxembourg": false,
    "OrderUnit": "P",
    "ShortName": "LIP PYR TRO/LEM/BOSV20B",
    "IsNew": false,
    "EcoscoreLabel": "B",
    "RecentQuanityOfStockUnits": "1,1,1",
    "LongName": "LIPTON Lemon/Forest/tropical fruit 20st",
    "AlcoholVolume": "0",
    "FicCode": "E",
    "EcoscoreValue": "79"
  },
  {
    "productId": "619023",
    "technicalArticleNumber": "4296618",
    "commercialArticleNumber": "19479",
    "name": "Asian Gin 40%",
    "description": "*fruitig-gekruid\n*met neutrale tonic\n*garn. muntblaadje\n*Duitsland",
    "brand": "MARIE GALANTE",
    "seoBrand": "Marie Galante",
    "thumbNail": "https://static.colruytgroup.com/images/200x200/std.lang.all/23/50/asset-2282350.jpg",
    "fullImage": "https://static.colruytgroup.com/images/500x500/std.lang.all/23/50/asset-2282350.jpg",
    "squareImage": "https://static.colruytgroup.com/images/500x500sq/std.lang.all/23/50/asset-2282350.jpg",
    "content": "70cl",
    "walkRouteSequenceNumber": 754,
    "price": {
      "basicPrice": 20.99,
      "recommendedQuantity": "1.0",
      "measurementUnitPrice": 29.99,
      "measurementUnit": "L",
      "isRedPrice": false,
      "pricePerUOM": 29.99,
      "activationDate": "29-11-2023",
      "isPromoActive": "N",
      "priceChangeCode": "H"
    },
    "isAvailable": true,
    "isPriceAvailable": true,
    "inPromo": false,
    "gtin": [
      "05400141419443",
      "15400141419440"
    ],
    "topCategoryName": "Dranken",
    "topCategoryId": "354",
    "businessDomain": "RETAIL_BE",
    "IsPrivateLabel": true,
    "IsBiffe": false,
    "WeightconversionFactor": "0",
    "IsWeightArticle": false,
    "IsBio": false,
    "CountryOfOrigin": "DUITSLAND",
    "IsExclusivelySoldInLuxembourg": false,
    "OrderUnit": "P",
    "ShortName": "MGAL ASIAN GIN 40% 70CL",
    "IsNew": false,
    "EcoscoreLabel": "C",
    "RecentQuanityOfStockUnits": "1",
    "LongName": "MARIE GALANTE Asian Gin 40% 70cl",
    "AlcoholVolume": "40",
    "FicCode": "I",
    "EcoscoreValue": "51"
  },
  {
    "productId": "335935",
    "technicalArticleNumber": "3814361",
    "commercialArticleNumber": "51209",
    "name": "Acatenango gemalen",
    "description": "*Heel zachte koffie\n*Evenwichtige\naciditeit, rijk\n*Guatemala\n*Gemalen koffie",
    "brand": "GRAINDOR",
    "seoBrand": "Graindor",
    "thumbNail": "https://static.colruytgroup.com/images/200x200/std.lang.all/40/77/asset-3124077.jpg",
    "fullImage": "https://static.colruytgroup.com/images/500x500/std.lang.all/40/77/asset-3124077.jpg",
    "squareImage": "https://static.colruytgroup.com/images/500x500sq/std.lang.all/40/77/asset-3124077.jpg",
    "content": "500g",
    "walkRouteSequenceNumber": 1081,
    "price": {
      "basicPrice": 8.62,
      "recommendedQuantity": "1.0",
      "measurementUnitPrice": 17.24,
      "measurementUnit": "K",
      "isRedPrice": false,
      "pricePerUOM": 17.24,
      "activationDate": "13-03-2024",
      "isPromoActive": "Y",
      "priceChangeCode": "E"
    },
    "isAvailable": true,
    "isPriceAvailable": true,
    "inPromo": true,
    "promotion": [
      {
        "techPromoId": "100879COLR",
        "promotionId": "100879",
        "promotionType": "4",
        "isPersonalized": "N",
        "publicationStartDate": "13-03-2024",
        "publicationEndDate": "26-03-2024"
      }
    ],
    "gtin": [
      "05400141034028"
    ],
    "topCategoryName": "Dranken",
    "topCategoryId": "354",
    "businessDomain": "RETAIL_BE",
    "IsPrivateLabel": true,
    "IsBiffe": false,
    "WeightconversionFactor": "0",
    "IsWeightArticle": false,
    "nutriscoreLabel": "B",
    "IsBio": false,
    "CountryOfOrigin": "BELGIË",
    "IsExclusivelySoldInLuxembourg": false,
    "OrderUnit": "P",
    "ShortName": "GRAI ACATENANGO RF 500G",
    "IsNew": false,
    "EcoscoreLabel": "B",
    "RecentQuanityOfStockUnits": "1",
    "LongName": "GRAINDOR Acatenango gemalen 500g",
    "AlcoholVolume": "0",
    "FicCode": "I",
    "EcoscoreValue": "61"
  },
  {
    "productId": "792362",
    "technicalArticleNumber": "4599421",
    "commercialArticleNumber": "3377",
    "name": "Vodka Pink 18%",
    "brand": "ERISTOFF",
    "seoBrand": "Eristoff",
    "thumbNail": "https://static.colruytgroup.com/images/200x200/std.lang.all/83/48/asset-2788348.jpg",
    "fullImage": "https://static.colruytgroup.com/images/500x500/std.lang.all/83/48/asset-2788348.jpg",
    "squareImage": "https://static.colruytgroup.com/images/500x500sq/std.lang.all/83/48/asset-2788348.jpg",
    "content": "70cl",
    "walkRouteSequenceNumber": 834,
    "price": {
      "basicPrice": 16.99,
      "recommendedQuantity": "1.0",
      "measurementUnitPrice": 24.28,
      "measurementUnit": "L",
      "isRedPrice": false,
      "pricePerUOM": 24.28,
      "activationDate": "01-03-2024",
      "recordSource": "Offline",
      "isPromoActive": "N",
      "priceChangeCode": "H"
    },
    "isAvailable": true,
    "isPriceAvailable": true,
    "inPromo": false,
    "gtin": [
      "07610113014455",
      "07610113014448"
    ],
    "topCategoryName": "Dranken",
    "topCategoryId": "354",
    "businessDomain": "RETAIL_BE",
    "IsPrivateLabel": false,
    "IsBiffe": false,
    "WeightconversionFactor": "0",
    "IsWeightArticle": false,
    "IsBio": false,
    "CountryOfOrigin": "FRANKRIJK",
    "IsExclusivelySoldInLuxembourg": false,
    "OrderUnit": "P",
    "ShortName": "ERIS PINK 18% 70CL",
    "IsNew": false,
    "EcoscoreLabel": "D",
    "RecentQuanityOfStockUnits": "1",
    "LongName": "ERISTOFF Vodka Pink 18% 70cl",
    "AlcoholVolume": "18",
    "FicCode": "E",
    "EcoscoreValue": "38"
  },
  {
    "productId": "199546",
    "technicalArticleNumber": "3445961",
    "commercialArticleNumber": "24348",
    "name": "6 7,5%vol",
    "description": "*7,5 % vol\n*Trappistenbier\n*Nagisting op fles",
    "brand": "TRAPPISTES ROCHEFORT",
    "seoBrand": "Trappistes Rochefort",
    "thumbNail": "https://static.colruytgroup.com/images/200x200/std.lang.all/41/97/asset-834197.jpg",
    "fullImage": "https://static.colruytgroup.com/images/500x500/std.lang.all/41/97/asset-834197.jpg",
    "squareImage": "https://static.colruytgroup.com/images/500x500sq/std.lang.all/41/97/asset-834197.jpg",
    "content": "33cl",
    "walkRouteSequenceNumber": 3618,
    "price": {
      "basicPrice": 10.32,
      "recommendedQuantity": "1.0",
      "quantityPrice": 9.91,
      "quantityPriceQuantity": "3.0",
      "measurementUnitPrice": 5.22,
      "measurementUnitQuantityPrice": 5.01,
      "measurementUnit": "L",
      "isRedPrice": false,
      "pricePerUOM": 5.22,
      "activationDate": "23-12-2023",
      "recordSource": "Online",
      "isPromoActive": "N",
      "priceChangeCode": "H",
      "quantityPricePerUOM": 5.01,
      "quantityActivationDate": "23-12-2023",
      "quantityPriceChangeCode": "H"
    },
    "isAvailable": true,
    "isPriceAvailable": true,
    "inPromo": false,
    "gtin": [
      "05412858000067",
      "05400141378399"
    ],
    "topCategoryName": "Dranken",
    "topCategoryId": "354",
    "businessDomain": "RETAIL_BE",
    "IsPrivateLabel": false,
    "IsBiffe": false,
    "WeightconversionFactor": "0",
    "IsWeightArticle": false,
    "IsBio": false,
    "CountryOfOrigin": "BELGIË",
    "IsExclusivelySoldInLuxembourg": false,
    "OrderUnit": "P",
    "ShortName": "RE ROCHEFORT 6 6X33CL",
    "IsNew": false,
    "EcoscoreLabel": "B",
    "RecentQuanityOfStockUnits": "1",
    "LongName": "TRAPPISTES ROCHEFORT 6 7,5%vol 33cl",
    "AlcoholVolume": "7.5",
    "FicCode": "I",
    "DepositValue": [
      0.6
    ],
    "EcoscoreValue": "72"
  },
  {
    "productId": "599718",
    "technicalArticleNumber": "4264561",
    "commercialArticleNumber": "14628",
    "name": "Ess. sinaas&framboos",
    "brand": "SAN PELLEGRINO",
    "seoBrand": "San Pellegrino",
    "thumbNail": "https://static.colruytgroup.com/images/200x200/nl_be/62/52/asset-2356252.jpg",
    "fullImage": "https://static.colruytgroup.com/images/500x500/nl_be/62/52/asset-2356252.jpg",
    "squareImage": "https://static.colruytgroup.com/images/500x500sq/nl_be/62/52/asset-2356252.jpg",
    "content": "50cl",
    "walkRouteSequenceNumber": 4057,
    "price": {
      "basicPrice": 1.16,
      "recommendedQuantity": "6.0",
      "quantityPrice": 1.07,
      "quantityPriceQuantity": "24.0",
      "measurementUnitPrice": 2.32,
      "measurementUnitQuantityPrice": 2.14,
      "measurementUnit": "L",
      "isRedPrice": false,
      "pricePerUOM": 2.32,
      "activationDate": "29-02-2024",
      "recordSource": "Offline",
      "isPromoActive": "N",
      "priceChangeCode": "H",
      "quantityPricePerUOM": 2.14,
      "quantityActivationDate": "29-02-2024",
      "quantityPriceChangeCode": "H"
    },
    "isAvailable": true,
    "isPriceAvailable": true,
    "inPromo": false,
    "gtin": [
      "08002270306686",
      "08002270316685",
      "08002270326684"
    ],
    "topCategoryName": "Dranken",
    "topCategoryId": "354",
    "businessDomain": "RETAIL_BE",
    "IsPrivateLabel": false,
    "IsBiffe": false,
    "WeightconversionFactor": "0",
    "IsWeightArticle": false,
    "nutriscoreLabel": "B",
    "IsBio": false,
    "CountryOfOrigin": "ITALIË",
    "IsExclusivelySoldInLuxembourg": false,
    "OrderUnit": "P",
    "ShortName": "SANP ES.BLOEDS&FRA.50CL",
    "InSeason": true,
    "IsNew": false,
    "RecentQuanityOfStockUnits": "1,6,24",
    "LongName": "SAN PELLEGRINO Ess. sinaas&framboos 50cl",
    "StartSeasonDate": "07/01/2021",
    "FicCode": "E"
  },
  {
    "productId": "293332",
    "technicalArticleNumber": "3700471",
    "commercialArticleNumber": "10533",
    "name": "Black Spiced Rum 40%",
    "description": "*Spiced rum\n*Traditionele rum\n*Trinidad",
    "brand": "THE KRAKEN",
    "seoBrand": "The Kraken",
    "thumbNail": "https://static.colruytgroup.com/images/200x200/std.lang.all/12/48/asset-1231248.jpg",
    "fullImage": "https://static.colruytgroup.com/images/500x500/std.lang.all/12/48/asset-1231248.jpg",
    "squareImage": "https://static.colruytgroup.com/images/500x500sq/std.lang.all/12/48/asset-1231248.jpg",
    "content": "70cl",
    "walkRouteSequenceNumber": 820,
    "price": {
      "basicPrice": 28.99,
      "recommendedQuantity": "1.0",
      "measurementUnitPrice": 41.42,
      "measurementUnit": "L",
      "isRedPrice": false,
      "pricePerUOM": 41.42,
      "activationDate": "21-11-2023",
      "recordSource": "Online",
      "isPromoActive": "N",
      "priceChangeCode": "E"
    },
    "isAvailable": true,
    "isPriceAvailable": true,
    "inPromo": false,
    "gtin": [
      "00811538013062",
      "10811538013069"
    ],
    "topCategoryName": "Dranken",
    "topCategoryId": "354",
    "businessDomain": "RETAIL_BE",
    "IsPrivateLabel": false,
    "IsBiffe": false,
    "WeightconversionFactor": "0",
    "IsWeightArticle": false,
    "IsBio": false,
    "CountryOfOrigin": "TRINIDAD EN TOBAGO",
    "IsExclusivelySoldInLuxembourg": false,
    "OrderUnit": "P",
    "ShortName": "KRAK BL.SPIC.RUM40% 70C",
    "IsNew": false,
    "EcoscoreLabel": "D",
    "RecentQuanityOfStockUnits": "1",
    "LongName": "THE KRAKEN Black Spiced Rum 40% 70cl",
    "AlcoholVolume": "40",
    "FicCode": "E",
    "EcoscoreValue": "38"
  },
  {
    "productId": "12621",
    "technicalArticleNumber": "1299764",
    "commercialArticleNumber": "5002",
    "name": "Tafelbier tripel 3,4% bak",
    "description": "*Tafelbier\n*Tripel\n*3,4 % vol",
    "brand": "BONI",
    "seoBrand": "Boni Selection",
    "thumbNail": "https://static.colruytgroup.com/images/200x200/std.lang.all/23/95/asset-3272395.jpg",
    "fullImage": "https://static.colruytgroup.com/images/500x500/std.lang.all/23/95/asset-3272395.jpg",
    "squareImage": "https://static.colruytgroup.com/images/500x500sq/std.lang.all/23/95/asset-3272395.jpg",
    "content": "12x75cl",
    "walkRouteSequenceNumber": 3934,
    "price": {
      "basicPrice": 21,
      "recommendedQuantity": "1.0",
      "quantityPrice": 19.32,
      "quantityPriceQuantity": "3.0",
      "measurementUnitPrice": 2.34,
      "measurementUnitQuantityPrice": 2.15,
      "measurementUnit": "L",
      "isRedPrice": false,
      "pricePerUOM": 2.34,
      "activationDate": "10-02-2024",
      "isPromoActive": "N",
      "priceChangeCode": "H",
      "quantityPricePerUOM": 2.15,
      "quantityActivationDate": "10-02-2024",
      "quantityPriceChangeCode": "H"
    },
    "isAvailable": true,
    "isPriceAvailable": true,
    "inPromo": false,
    "gtin": [
      "05400141664881",
      "05400141050028",
      "05400141079487",
      "05400141056327"
    ],
    "topCategoryName": "Dranken",
    "topCategoryId": "354",
    "businessDomain": "RETAIL_BE",
    "IsPrivateLabel": true,
    "IsBiffe": false,
    "WeightconversionFactor": "0",
    "IsWeightArticle": false,
    "IsBio": false,
    "CountryOfOrigin": "BELGIË",
    "IsExclusivelySoldInLuxembourg": false,
    "OrderUnit": "P",
    "ShortName": "BONI TAFELB.TRIPEL12X75",
    "IsNew": false,
    "RecentQuanityOfStockUnits": "1",
    "LongName": "BONI Tafelbier tripel 3,4% bak 12x75cl",
    "AlcoholVolume": "3.4",
    "FicCode": "I",
    "DepositValue": [
      4.5
    ]
  },
  {
    "productId": "14845",
    "technicalArticleNumber": "1462254",
    "commercialArticleNumber": "19347",
    "name": "Original 10%vol",
    "description": "*Ready to serve\n*Basis voor cocktail\n*10,0 % vol",
    "brand": "ZIZI COIN COIN",
    "seoBrand": "Zizi Coin Coin",
    "thumbNail": "https://static.colruytgroup.com/images/200x200/std.lang.all/51/21/asset-3175121.jpg",
    "fullImage": "https://static.colruytgroup.com/images/500x500/std.lang.all/51/21/asset-3175121.jpg",
    "squareImage": "https://static.colruytgroup.com/images/500x500sq/std.lang.all/51/21/asset-3175121.jpg",
    "content": "1L",
    "walkRouteSequenceNumber": 886,
    "price": {
      "basicPrice": 18.99,
      "recommendedQuantity": "1.0",
      "quantityPrice": 18.23,
      "quantityPriceQuantity": "6.0",
      "measurementUnitPrice": 18.99,
      "measurementUnitQuantityPrice": 18.23,
      "measurementUnit": "L",
      "isRedPrice": false,
      "pricePerUOM": 18.99,
      "activationDate": "23-03-2024",
      "recordSource": "Offline",
      "isPromoActive": "N",
      "priceChangeCode": "H",
      "quantityPricePerUOM": 18.23,
      "quantityActivationDate": "23-03-2024",
      "quantityPriceChangeCode": "H"
    },
    "isAvailable": true,
    "isPriceAvailable": true,
    "inPromo": false,
    "gtin": [
      "05425002710033",
      "05410293620031",
      "15410293620038",
      "05425002713218",
      "15410293620229",
      "15410293620250"
    ],
    "topCategoryName": "Dranken",
    "topCategoryId": "354",
    "businessDomain": "RETAIL_BE",
    "IsPrivateLabel": false,
    "IsBiffe": false,
    "WeightconversionFactor": "0",
    "IsWeightArticle": false,
    "IsBio": false,
    "CountryOfOrigin": "BELGIË",
    "IsExclusivelySoldInLuxembourg": false,
    "OrderUnit": "P",
    "ShortName": "ZIZI ORIGINAL 10% 1L",
    "IsNew": false,
    "EcoscoreLabel": "E",
    "RecentQuanityOfStockUnits": "1,6,6",
    "LongName": "ZIZI COIN COIN Original 10%vol 1L",
    "AlcoholVolume": "10",
    "FicCode": "E",
    "EcoscoreValue": "18"
  },
  {
    "productId": "638621",
    "technicalArticleNumber": "4329970",
    "commercialArticleNumber": "7822",
    "name": "Salted Caramel 17%",
    "description": "*Likeur\n*Digestief\n*17 % vol",
    "brand": "BAILEYS",
    "seoBrand": "Baileys",
    "thumbNail": "https://static.colruytgroup.com/images/200x200/std.lang.all/20/55/asset-3222055.jpg",
    "fullImage": "https://static.colruytgroup.com/images/500x500/std.lang.all/20/55/asset-3222055.jpg",
    "squareImage": "https://static.colruytgroup.com/images/500x500sq/std.lang.all/20/55/asset-3222055.jpg",
    "content": "70cl",
    "walkRouteSequenceNumber": 935,
    "price": {
      "basicPrice": 16.5,
      "recommendedQuantity": "1.0",
      "measurementUnitPrice": 23.58,
      "measurementUnit": "L",
      "isRedPrice": false,
      "pricePerUOM": 23.58,
      "activationDate": "02-02-2024",
      "recordSource": "Online",
      "isPromoActive": "N",
      "priceChangeCode": "E"
    },
    "isAvailable": true,
    "isPriceAvailable": true,
    "inPromo": false,
    "gtin": [
      "05011013934539",
      "05011013934546"
    ],
    "topCategoryName": "Dranken",
    "topCategoryId": "354",
    "businessDomain": "RETAIL_BE",
    "IsPrivateLabel": false,
    "IsBiffe": false,
    "WeightconversionFactor": "0",
    "IsWeightArticle": false,
    "IsBio": false,
    "CountryOfOrigin": "IERLAND",
    "IsExclusivelySoldInLuxembourg": false,
    "OrderUnit": "P",
    "ShortName": "BAIL SALTED CARAMEL70CL",
    "IsNew": false,
    "EcoscoreLabel": "E",
    "RecentQuanityOfStockUnits": "1",
    "LongName": "BAILEYS Salted Caramel 17% 70cl",
    "AlcoholVolume": "17",
    "FicCode": "E",
    "EcoscoreValue": "18"
  },
  {
    "productId": "335931",
    "technicalArticleNumber": "3814357",
    "commercialArticleNumber": "51208",
    "name": "Cerrado RF gemalen",
    "description": "*Heel zachte koffie\n*Fluweelzacht, vol,\nbody, zoet, krachtig\n*Brazilië\n*Gemalen koffie",
    "brand": "GRAINDOR",
    "seoBrand": "Graindor",
    "thumbNail": "https://static.colruytgroup.com/images/200x200/std.lang.all/36/25/asset-3123625.jpg",
    "fullImage": "https://static.colruytgroup.com/images/500x500/std.lang.all/36/25/asset-3123625.jpg",
    "squareImage": "https://static.colruytgroup.com/images/500x500sq/std.lang.all/36/25/asset-3123625.jpg",
    "content": "500g",
    "walkRouteSequenceNumber": 1083,
    "price": {
      "basicPrice": 9.27,
      "recommendedQuantity": "1.0",
      "quantityPrice": 8.53,
      "quantityPriceQuantity": "3.0",
      "measurementUnitPrice": 18.54,
      "measurementUnitQuantityPrice": 17.06,
      "measurementUnit": "K",
      "isRedPrice": false,
      "pricePerUOM": 18.54,
      "activationDate": "14-02-2024",
      "isPromoActive": "N",
      "priceChangeCode": "H",
      "quantityPricePerUOM": 17.06,
      "quantityActivationDate": "14-02-2024",
      "quantityPriceChangeCode": "H"
    },
    "isAvailable": true,
    "isPriceAvailable": true,
    "inPromo": false,
    "gtin": [
      "05400141033977"
    ],
    "topCategoryName": "Dranken",
    "topCategoryId": "354",
    "businessDomain": "RETAIL_BE",
    "IsPrivateLabel": true,
    "IsBiffe": false,
    "WeightconversionFactor": "0",
    "IsWeightArticle": false,
    "nutriscoreLabel": "B",
    "IsBio": false,
    "CountryOfOrigin": "BELGIË",
    "IsExclusivelySoldInLuxembourg": false,
    "OrderUnit": "P",
    "ShortName": "GRAI CERRADO RF 500G",
    "IsNew": false,
    "EcoscoreLabel": "B",
    "RecentQuanityOfStockUnits": "1",
    "LongName": "GRAINDOR Cerrado RF gemalen 500g",
    "AlcoholVolume": "0",
    "FicCode": "I",
    "EcoscoreValue": "61"
  },
  {
    "productId": "848939",
    "technicalArticleNumber": "4696288",
    "commercialArticleNumber": "30745",
    "name": "Margarita Str.Alc.Free",
    "description": "*Aperitief\n*Alcoholvrij",
    "brand": "NIGHT ORIENT",
    "seoBrand": "Night Orient",
    "thumbNail": "https://static.colruytgroup.com/images/200x200/std.lang.all/33/92/asset-3143392.jpg",
    "fullImage": "https://static.colruytgroup.com/images/500x500/std.lang.all/33/92/asset-3143392.jpg",
    "squareImage": "https://static.colruytgroup.com/images/500x500sq/std.lang.all/33/92/asset-3143392.jpg",
    "content": "70cl",
    "walkRouteSequenceNumber": 614,
    "price": {
      "basicPrice": 4.99,
      "recommendedQuantity": "1.0",
      "measurementUnitPrice": 7.13,
      "measurementUnit": "L",
      "isRedPrice": false,
      "pricePerUOM": 7.13,
      "activationDate": "28-02-2024",
      "recordSource": "Offline",
      "isPromoActive": "N",
      "priceChangeCode": "E"
    },
    "isAvailable": true,
    "isPriceAvailable": true,
    "inPromo": false,
    "gtin": [
      "05425030341971",
      "05425030341964"
    ],
    "topCategoryName": "Dranken",
    "topCategoryId": "354",
    "businessDomain": "RETAIL_BE",
    "IsPrivateLabel": false,
    "IsBiffe": false,
    "WeightconversionFactor": "0",
    "IsWeightArticle": false,
    "IsBio": false,
    "CountryOfOrigin": "BELGIË",
    "IsExclusivelySoldInLuxembourg": false,
    "OrderUnit": "P",
    "ShortName": "NIOR MARGA.STRAW0% 70CL",
    "IsNew": false,
    "RecentQuanityOfStockUnits": "1",
    "LongName": "NIGHT ORIENT Margarita Str.Alc.Free 70cl",
    "AlcoholVolume": "0",
    "FicCode": "E"
  },
  {
    "productId": "839697",
    "technicalArticleNumber": "4683073",
    "commercialArticleNumber": "1472",
    "name": "0,0%",
    "brand": "TANQUERAY",
    "seoBrand": "Tanqueray",
    "thumbNail": "https://static.colruytgroup.com/images/200x200/std.lang.all/53/99/asset-3285399.jpg",
    "fullImage": "https://static.colruytgroup.com/images/500x500/std.lang.all/53/99/asset-3285399.jpg",
    "squareImage": "https://static.colruytgroup.com/images/500x500sq/std.lang.all/53/99/asset-3285399.jpg",
    "content": "70cl",
    "walkRouteSequenceNumber": 631,
    "price": {
      "basicPrice": 17.5,
      "recommendedQuantity": "1.0",
      "measurementUnitPrice": 25,
      "measurementUnit": "L",
      "isRedPrice": false,
      "pricePerUOM": 25,
      "activationDate": "14-02-2024",
      "recordSource": "Online",
      "isPromoActive": "N",
      "priceChangeCode": "E"
    },
    "isAvailable": true,
    "isPriceAvailable": true,
    "inPromo": false,
    "gtin": [
      "05000291025527",
      "05000291025510"
    ],
    "topCategoryName": "Dranken",
    "topCategoryId": "354",
    "businessDomain": "RETAIL_BE",
    "IsPrivateLabel": false,
    "IsBiffe": false,
    "WeightconversionFactor": "0",
    "IsWeightArticle": false,
    "IsBio": false,
    "CountryOfOrigin": "ITALIË",
    "IsExclusivelySoldInLuxembourg": false,
    "OrderUnit": "P",
    "ShortName": "TANQ 0% 70CL",
    "IsNew": false,
    "RecentQuanityOfStockUnits": "1",
    "LongName": "TANQUERAY 0,0% 70cl",
    "AlcoholVolume": "0",
    "FicCode": "E"
  },
  {
    "productId": "197425",
    "technicalArticleNumber": "3422024",
    "commercialArticleNumber": "40411",
    "name": "whisky Finest 40,0%vol",
    "description": "*Scotch blend.whisky\n*Schotland",
    "brand": "SIR EDWARD'S",
    "seoBrand": "Sir Edward's",
    "thumbNail": "https://static.colruytgroup.com/images/200x200/std.lang.all/27/21/asset-822721.jpg",
    "fullImage": "https://static.colruytgroup.com/images/500x500/std.lang.all/27/21/asset-822721.jpg",
    "squareImage": "https://static.colruytgroup.com/images/500x500sq/std.lang.all/27/21/asset-822721.jpg",
    "content": "70cl",
    "walkRouteSequenceNumber": 977,
    "price": {
      "basicPrice": 17.09,
      "recommendedQuantity": "1.0",
      "measurementUnitPrice": 24.42,
      "measurementUnit": "L",
      "isRedPrice": false,
      "pricePerUOM": 24.42,
      "activationDate": "23-09-2023",
      "isPromoActive": "N",
      "priceChangeCode": "H"
    },
    "isAvailable": true,
    "isPriceAvailable": true,
    "inPromo": false,
    "gtin": [
      "03012998329558",
      "03012992422002"
    ],
    "topCategoryName": "Dranken",
    "topCategoryId": "354",
    "businessDomain": "RETAIL_BE",
    "IsPrivateLabel": false,
    "IsBiffe": false,
    "WeightconversionFactor": "0",
    "IsWeightArticle": false,
    "IsBio": false,
    "CountryOfOrigin": "VERENIGD KONINKRIJK",
    "IsExclusivelySoldInLuxembourg": false,
    "OrderUnit": "P",
    "ShortName": "SIR EDWARDS WHISKY 40GR",
    "IsNew": false,
    "EcoscoreLabel": "D",
    "RecentQuanityOfStockUnits": "1,6",
    "LongName": "SIR EDWARD'S whisky Finest 40,0%vol 70cl",
    "AlcoholVolume": "40",
    "FicCode": "E",
    "EcoscoreValue": "38"
  },
  {
    "productId": "1512",
    "technicalArticleNumber": "19162",
    "commercialArticleNumber": "19162",
    "name": "citroenjenever 20,0%vol",
    "description": "*Jenever\n*20,0 % vol\n*Smaak: citroen",
    "brand": "FILLIERS",
    "seoBrand": "Filliers",
    "thumbNail": "https://static.colruytgroup.com/images/200x200/std.lang.all/37/98/asset-3193798.jpg",
    "fullImage": "https://static.colruytgroup.com/images/500x500/std.lang.all/37/98/asset-3193798.jpg",
    "squareImage": "https://static.colruytgroup.com/images/500x500sq/std.lang.all/37/98/asset-3193798.jpg",
    "content": "70cl",
    "walkRouteSequenceNumber": 926,
    "price": {
      "basicPrice": 14.99,
      "recommendedQuantity": "1.0",
      "measurementUnitPrice": 21.42,
      "measurementUnit": "L",
      "isRedPrice": false,
      "pricePerUOM": 21.42,
      "activationDate": "07-03-2024",
      "recordSource": "Offline",
      "isPromoActive": "N",
      "priceChangeCode": "H"
    },
    "isAvailable": true,
    "isPriceAvailable": true,
    "inPromo": false,
    "gtin": [
      "05412166070202",
      "05412166070707",
      "05412166070714"
    ],
    "topCategoryName": "Dranken",
    "topCategoryId": "354",
    "businessDomain": "RETAIL_BE",
    "IsPrivateLabel": false,
    "IsBiffe": false,
    "WeightconversionFactor": "0",
    "IsWeightArticle": false,
    "IsBio": false,
    "CountryOfOrigin": "BELGIË",
    "IsExclusivelySoldInLuxembourg": false,
    "OrderUnit": "P",
    "ShortName": "FILLIER CITROEN 20G 70C",
    "IsNew": false,
    "EcoscoreLabel": "B",
    "RecentQuanityOfStockUnits": "1",
    "LongName": "FILLIERS citroenjenever 20,0%vol 70cl",
    "AlcoholVolume": "20",
    "FicCode": "E",
    "EcoscoreValue": "73"
  },
  {
    "productId": "852715",
    "technicalArticleNumber": "4701021",
    "commercialArticleNumber": "31104",
    "name": "bier dubbel 6,5% blik",
    "description": "*Abdijbier\n*Donker\n*6,5 % vol",
    "brand": "GRIMBERGEN",
    "seoBrand": "Grimbergen",
    "thumbNail": "https://static.colruytgroup.com/images/200x200/std.lang.all/78/21/asset-3137821.jpg",
    "fullImage": "https://static.colruytgroup.com/images/500x500/std.lang.all/78/21/asset-3137821.jpg",
    "squareImage": "https://static.colruytgroup.com/images/500x500sq/std.lang.all/78/21/asset-3137821.jpg",
    "content": "50cl",
    "walkRouteSequenceNumber": 3646,
    "price": {
      "basicPrice": 2.28,
      "recommendedQuantity": "4.0",
      "measurementUnitPrice": 4.56,
      "measurementUnit": "L",
      "isRedPrice": false,
      "pricePerUOM": 4.56,
      "activationDate": "14-03-2024",
      "recordSource": "Offline",
      "isPromoActive": "N",
      "priceChangeCode": "E"
    },
    "isAvailable": true,
    "isPriceAvailable": true,
    "inPromo": false,
    "gtin": [
      "05410263928150",
      "05410263928136",
      "05410263928143"
    ],
    "topCategoryName": "Dranken",
    "topCategoryId": "354",
    "businessDomain": "RETAIL_BE",
    "IsPrivateLabel": false,
    "IsBiffe": false,
    "WeightconversionFactor": "0",
    "IsWeightArticle": false,
    "IsBio": false,
    "CountryOfOrigin": "BELGIË",
    "IsExclusivelySoldInLuxembourg": false,
    "OrderUnit": "P",
    "ShortName": "GRIM DUBBEL BLIK 50CL",
    "IsNew": false,
    "EcoscoreLabel": "B",
    "RecentQuanityOfStockUnits": "4,1",
    "LongName": "GRIMBERGEN bier dubbel 6,5% blik 50cl",
    "AlcoholVolume": "6.5",
    "FicCode": "E",
    "EcoscoreValue": "67"
  },
  {
    "productId": "609104",
    "technicalArticleNumber": "4281015",
    "commercialArticleNumber": "11932",
    "name": "43%",
    "description": "*Floraal-gekruid\n*Met mediterr. tonic\n*Garn. gember\n*Japan",
    "brand": "ROKU GIN",
    "seoBrand": "Roku Gin",
    "thumbNail": "https://static.colruytgroup.com/images/200x200/std.lang.all/83/11/asset-2178311.jpg",
    "fullImage": "https://static.colruytgroup.com/images/500x500/std.lang.all/83/11/asset-2178311.jpg",
    "squareImage": "https://static.colruytgroup.com/images/500x500sq/std.lang.all/83/11/asset-2178311.jpg",
    "content": "70cl",
    "walkRouteSequenceNumber": 755,
    "price": {
      "basicPrice": 34.99,
      "recommendedQuantity": "1.0",
      "quantityPrice": 26.24,
      "quantityPriceQuantity": "2.0",
      "measurementUnitPrice": 49.99,
      "measurementUnitQuantityPrice": 37.49,
      "measurementUnit": "L",
      "isRedPrice": false,
      "pricePerUOM": 49.99,
      "activationDate": "14-03-2024",
      "recordSource": "Offline",
      "isPromoActive": "N",
      "priceChangeCode": "H",
      "quantityPricePerUOM": 37.49,
      "quantityActivationDate": "14-03-2024",
      "quantityPriceChangeCode": "E"
    },
    "isAvailable": true,
    "isPriceAvailable": true,
    "inPromo": false,
    "gtin": [
      "15010496107093",
      "04901777305359",
      "04901777305366",
      "05010496006559",
      "15010278101028",
      "05010278101021"
    ],
    "topCategoryName": "Dranken",
    "topCategoryId": "354",
    "businessDomain": "RETAIL_BE",
    "IsPrivateLabel": false,
    "IsBiffe": false,
    "WeightconversionFactor": "0",
    "IsWeightArticle": false,
    "IsBio": false,
    "CountryOfOrigin": "JAPAN",
    "IsExclusivelySoldInLuxembourg": false,
    "OrderUnit": "P",
    "ShortName": "ROKU GIN 43% 70CL",
    "IsNew": false,
    "EcoscoreLabel": "D",
    "RecentQuanityOfStockUnits": "6,1",
    "LongName": "ROKU GIN 43% 70cl",
    "AlcoholVolume": "43",
    "FicCode": "E",
    "EcoscoreValue": "38"
  },
  {
    "productId": "886200",
    "technicalArticleNumber": "4745310",
    "commercialArticleNumber": "32647",
    "name": "Blond 8%",
    "description": "*Blond bier\n*8 % vol",
    "brand": "QUINTINE",
    "seoBrand": "Quintine",
    "thumbNail": "https://static.colruytgroup.com/images/200x200/std.lang.all/83/30/asset-3258330.jpg",
    "fullImage": "https://static.colruytgroup.com/images/500x500/std.lang.all/83/30/asset-3258330.jpg",
    "squareImage": "https://static.colruytgroup.com/images/500x500sq/std.lang.all/83/30/asset-3258330.jpg",
    "content": "4x33cl",
    "walkRouteSequenceNumber": 1567,
    "price": {
      "basicPrice": 8.48,
      "recommendedQuantity": "1.0",
      "measurementUnitPrice": 6.43,
      "measurementUnit": "L",
      "isRedPrice": false,
      "pricePerUOM": 6.43,
      "activationDate": "16-03-2024",
      "recordSource": "Online",
      "isPromoActive": "N",
      "priceChangeCode": "L"
    },
    "isAvailable": true,
    "isPriceAvailable": true,
    "inPromo": false,
    "gtin": [
      "05400141427714",
      "05425005660601"
    ],
    "topCategoryName": "Dranken",
    "topCategoryId": "354",
    "businessDomain": "RETAIL_BE",
    "IsPrivateLabel": false,
    "IsBiffe": false,
    "WeightconversionFactor": "0",
    "IsWeightArticle": false,
    "IsBio": false,
    "CountryOfOrigin": "BELGIË",
    "IsExclusivelySoldInLuxembourg": false,
    "OrderUnit": "P",
    "ShortName": "QUIN BLOND 8% 4X33CL",
    "IsNew": false,
    "RecentQuanityOfStockUnits": "1",
    "LongName": "QUINTINE Blond 8% 4x33cl",
    "AlcoholVolume": "8",
    "FicCode": "E",
    "DepositValue": [
      1.6
    ]
  },
  {
    "productId": "782460",
    "technicalArticleNumber": "4579587",
    "commercialArticleNumber": "2397",
    "name": "Spritz Premium Non-Alc. Spirit",
    "description": "*Alcoholvrij",
    "brand": "NONA",
    "seoBrand": "Nona",
    "thumbNail": "https://static.colruytgroup.com/images/200x200/std.lang.all/46/30/asset-2764630.jpg",
    "fullImage": "https://static.colruytgroup.com/images/500x500/std.lang.all/46/30/asset-2764630.jpg",
    "squareImage": "https://static.colruytgroup.com/images/500x500sq/std.lang.all/46/30/asset-2764630.jpg",
    "content": "70cl",
    "walkRouteSequenceNumber": 636,
    "price": {
      "basicPrice": 29.89,
      "recommendedQuantity": "1.0",
      "measurementUnitPrice": 42.7,
      "measurementUnit": "L",
      "isRedPrice": false,
      "pricePerUOM": 42.7,
      "activationDate": "20-02-2024",
      "recordSource": "Offline",
      "isPromoActive": "N",
      "priceChangeCode": "E"
    },
    "isAvailable": true,
    "isPriceAvailable": true,
    "inPromo": false,
    "gtin": [
      "05430001512106",
      "05430001512120"
    ],
    "topCategoryName": "Dranken",
    "topCategoryId": "354",
    "businessDomain": "RETAIL_BE",
    "IsPrivateLabel": false,
    "IsBiffe": false,
    "WeightconversionFactor": "0",
    "IsWeightArticle": false,
    "nutriscoreLabel": "B",
    "IsBio": false,
    "CountryOfOrigin": "BELGIË",
    "IsExclusivelySoldInLuxembourg": false,
    "OrderUnit": "P",
    "ShortName": "NONA SPRITZ ALC.VRIJ70C",
    "IsNew": false,
    "RecentQuanityOfStockUnits": "1",
    "LongName": "NONA Spritz Premium Non-Alc. Spirit 70cl",
    "FicCode": "E"
  },
  {
    "productId": "12034",
    "technicalArticleNumber": "1393599",
    "commercialArticleNumber": "19188",
    "name": "chocoladejenever 17,0%vol",
    "description": "*Jenever\n*17,0 % vol\n*Smaak: chocolade",
    "brand": "FILLIERS",
    "seoBrand": "Filliers",
    "thumbNail": "https://static.colruytgroup.com/images/200x200/std.lang.all/37/37/asset-3193737.jpg",
    "fullImage": "https://static.colruytgroup.com/images/500x500/std.lang.all/37/37/asset-3193737.jpg",
    "squareImage": "https://static.colruytgroup.com/images/500x500sq/std.lang.all/37/37/asset-3193737.jpg",
    "content": "70cl",
    "walkRouteSequenceNumber": 923,
    "price": {
      "basicPrice": 15.5,
      "recommendedQuantity": "1.0",
      "measurementUnitPrice": 22.15,
      "measurementUnit": "L",
      "isRedPrice": false,
      "pricePerUOM": 22.15,
      "activationDate": "16-03-2024",
      "recordSource": "Online",
      "isPromoActive": "N",
      "priceChangeCode": "L"
    },
    "isAvailable": true,
    "isPriceAvailable": true,
    "inPromo": false,
    "gtin": [
      "05412166230170",
      "05412166230071"
    ],
    "topCategoryName": "Dranken",
    "topCategoryId": "354",
    "businessDomain": "RETAIL_BE",
    "IsPrivateLabel": false,
    "IsBiffe": false,
    "WeightconversionFactor": "0",
    "IsWeightArticle": false,
    "IsBio": false,
    "CountryOfOrigin": "BELGIË",
    "IsExclusivelySoldInLuxembourg": false,
    "OrderUnit": "P",
    "ShortName": "FILL CHOCOLADE 70CL 17",
    "IsNew": false,
    "EcoscoreLabel": "B",
    "RecentQuanityOfStockUnits": "1",
    "LongName": "FILLIERS chocoladejenever 17,0%vol 70cl",
    "AlcoholVolume": "17",
    "FicCode": "E",
    "EcoscoreValue": "71"
  },
  {
    "productId": "327231",
    "technicalArticleNumber": "3820453",
    "commercialArticleNumber": "19200",
    "name": "Rum Añejo Cuatro 4Y 40%",
    "description": "*Rum\n*4 jaar gerijpt\n*40,0 % vol",
    "brand": "BACARDÍ",
    "seoBrand": "Bacardí",
    "thumbNail": "https://static.colruytgroup.com/images/200x200/std.lang.all/14/18/asset-2791418.jpg",
    "fullImage": "https://static.colruytgroup.com/images/500x500/std.lang.all/14/18/asset-2791418.jpg",
    "squareImage": "https://static.colruytgroup.com/images/500x500sq/std.lang.all/14/18/asset-2791418.jpg",
    "content": "70cl",
    "walkRouteSequenceNumber": 811,
    "price": {
      "basicPrice": 24.99,
      "recommendedQuantity": "1.0",
      "measurementUnitPrice": 35.7,
      "measurementUnit": "L",
      "isRedPrice": false,
      "pricePerUOM": 35.7,
      "activationDate": "13-03-2024",
      "recordSource": "Offline",
      "isPromoActive": "N",
      "priceChangeCode": "E"
    },
    "isAvailable": true,
    "isPriceAvailable": true,
    "inPromo": true,
    "promotion": [
      {
        "techPromoId": "100908COLR",
        "promotionId": "100908",
        "promotionType": "0",
        "isPersonalized": "N",
        "publicationStartDate": "13-03-2024",
        "publicationEndDate": "26-03-2024"
      }
    ],
    "gtin": [
      "07610113001417",
      "07610113001424",
      "04013400521422"
    ],
    "topCategoryName": "Dranken",
    "topCategoryId": "354",
    "businessDomain": "RETAIL_BE",
    "IsPrivateLabel": false,
    "IsBiffe": false,
    "WeightconversionFactor": "0",
    "IsWeightArticle": false,
    "IsBio": false,
    "CountryOfOrigin": "DUITSLAND",
    "IsExclusivelySoldInLuxembourg": false,
    "OrderUnit": "P",
    "ShortName": "BACA ANEJO 4 40% 70CL",
    "InSeason": true,
    "IsNew": false,
    "EcoscoreLabel": "D",
    "RecentQuanityOfStockUnits": "1,6",
    "LongName": "BACARDÍ Rum Añejo Cuatro 4Y 40% 70cl",
    "AlcoholVolume": "40",
    "StartSeasonDate": "09/02/2022",
    "FicCode": "E",
    "EcoscoreValue": "38"
  },
  {
    "productId": "291001",
    "technicalArticleNumber": "3693328",
    "commercialArticleNumber": "16180",
    "name": "15,0%vol",
    "description": "*Witte likeurwijn\n*Aperitief\n*15,0 % vol",
    "brand": "MUSCAT BEAUMES DE VENISE",
    "seoBrand": "Muscat Beaumes De Venise",
    "thumbNail": "https://static.colruytgroup.com/images/200x200/std.lang.all/87/34/asset-1228734.jpg",
    "fullImage": "https://static.colruytgroup.com/images/500x500/std.lang.all/87/34/asset-1228734.jpg",
    "squareImage": "https://static.colruytgroup.com/images/500x500sq/std.lang.all/87/34/asset-1228734.jpg",
    "content": "75cl",
    "walkRouteSequenceNumber": 671,
    "price": {
      "basicPrice": 9.99,
      "recommendedQuantity": "1.0",
      "measurementUnitPrice": 13.32,
      "measurementUnit": "L",
      "isRedPrice": false,
      "pricePerUOM": 13.32,
      "activationDate": "03-01-2024",
      "recordSource": "Offline",
      "isPromoActive": "N",
      "priceChangeCode": "H"
    },
    "isAvailable": true,
    "isPriceAvailable": true,
    "inPromo": false,
    "gtin": [
      "03280796000058",
      "03280790000054"
    ],
    "topCategoryName": "Dranken",
    "topCategoryId": "354",
    "businessDomain": "RETAIL_BE",
    "IsPrivateLabel": false,
    "IsBiffe": false,
    "WeightconversionFactor": "0",
    "IsWeightArticle": false,
    "IsBio": false,
    "CountryOfOrigin": "BELGIË",
    "IsExclusivelySoldInLuxembourg": false,
    "OrderUnit": "P",
    "ShortName": "MUSC BEAUMES VENISE 75C",
    "IsNew": false,
    "RecentQuanityOfStockUnits": "1",
    "LongName": "MUSCAT BEAUMES DE VENISE 15,0%vol 75cl",
    "AlcoholVolume": "15",
    "FicCode": "E"
  },
  {
    "productId": "863101",
    "technicalArticleNumber": "4714545",
    "commercialArticleNumber": "31901",
    "name": "Ice Raspberry 4% blik",
    "description": "*Vodka based\n*Ready to drink\n*4 % vol",
    "brand": "SMIRNOFF",
    "seoBrand": "Smirnoff",
    "thumbNail": "https://static.colruytgroup.com/images/200x200/std.lang.all/70/66/asset-3147066.jpg",
    "fullImage": "https://static.colruytgroup.com/images/500x500/std.lang.all/70/66/asset-3147066.jpg",
    "squareImage": "https://static.colruytgroup.com/images/500x500sq/std.lang.all/70/66/asset-3147066.jpg",
    "content": "25cl",
    "walkRouteSequenceNumber": 784,
    "price": {
      "basicPrice": 2.19,
      "recommendedQuantity": "1.0",
      "quantityPrice": 2.1,
      "quantityPriceQuantity": "12.0",
      "measurementUnitPrice": 8.76,
      "measurementUnitQuantityPrice": 8.4,
      "measurementUnit": "L",
      "isRedPrice": false,
      "pricePerUOM": 8.76,
      "activationDate": "12-03-2024",
      "recordSource": "Offline",
      "isPromoActive": "N",
      "priceChangeCode": "H",
      "quantityPricePerUOM": 8.4,
      "quantityActivationDate": "12-03-2024",
      "quantityPriceChangeCode": "L"
    },
    "isAvailable": true,
    "isPriceAvailable": true,
    "inPromo": false,
    "gtin": [
      "08711300000004",
      "08711300999964",
      "08711300999872"
    ],
    "topCategoryName": "Dranken",
    "topCategoryId": "354",
    "businessDomain": "RETAIL_BE",
    "IsPrivateLabel": false,
    "IsBiffe": false,
    "WeightconversionFactor": "0",
    "IsWeightArticle": false,
    "IsBio": false,
    "CountryOfOrigin": "ITALIË",
    "IsExclusivelySoldInLuxembourg": false,
    "OrderUnit": "P",
    "ShortName": "SMIR ICE RASPBERRY 25CL",
    "IsNew": false,
    "EcoscoreLabel": "D",
    "RecentQuanityOfStockUnits": "1,12",
    "LongName": "SMIRNOFF Ice Raspberry 4% blik 25cl",
    "AlcoholVolume": "4",
    "FicCode": "E",
    "EcoscoreValue": "38"
  },
  {
    "productId": "97179",
    "technicalArticleNumber": "2811312",
    "commercialArticleNumber": "46124",
    "name": "Fine White Port 19,0%vol",
    "description": "*Porto wit\n*Aperitief\n*19,0 % vol",
    "brand": "COCKBURN'S",
    "seoBrand": "Cockburn's",
    "thumbNail": "https://static.colruytgroup.com/images/200x200/std.lang.all/15/16/asset-2471516.jpg",
    "fullImage": "https://static.colruytgroup.com/images/500x500/std.lang.all/15/16/asset-2471516.jpg",
    "squareImage": "https://static.colruytgroup.com/images/500x500sq/std.lang.all/15/16/asset-2471516.jpg",
    "content": "75cl",
    "walkRouteSequenceNumber": 715,
    "price": {
      "basicPrice": 7.54,
      "recommendedQuantity": "1.0",
      "measurementUnitPrice": 10.06,
      "measurementUnit": "L",
      "isRedPrice": false,
      "pricePerUOM": 10.06,
      "activationDate": "29-11-2023",
      "isPromoActive": "N",
      "priceChangeCode": "H"
    },
    "isAvailable": true,
    "isPriceAvailable": true,
    "inPromo": false,
    "gtin": [
      "05010867801240",
      "05010867801233",
      "05608309010222"
    ],
    "topCategoryName": "Dranken",
    "topCategoryId": "354",
    "businessDomain": "RETAIL_BE",
    "IsPrivateLabel": false,
    "IsBiffe": false,
    "WeightconversionFactor": "0",
    "IsWeightArticle": false,
    "IsBio": false,
    "CountryOfOrigin": "BELGIË",
    "IsExclusivelySoldInLuxembourg": false,
    "OrderUnit": "P",
    "ShortName": "COCKBURNS PORTO WIT75C",
    "IsNew": false,
    "EcoscoreLabel": "C",
    "RecentQuanityOfStockUnits": "1",
    "LongName": "COCKBURN'S Fine White Port 19,0%vol 75cl",
    "AlcoholVolume": "19",
    "FicCode": "E",
    "EcoscoreValue": "54"
  },
  {
    "productId": "839722",
    "technicalArticleNumber": "4683419",
    "commercialArticleNumber": "5319",
    "name": "Mojito Royal 0,0%",
    "brand": "VINTENSE",
    "seoBrand": "Vintense",
    "thumbNail": "https://static.colruytgroup.com/images/200x200/std.lang.all/06/59/asset-3030659.jpg",
    "fullImage": "https://static.colruytgroup.com/images/500x500/std.lang.all/06/59/asset-3030659.jpg",
    "squareImage": "https://static.colruytgroup.com/images/500x500sq/std.lang.all/06/59/asset-3030659.jpg",
    "content": "20cl",
    "walkRouteSequenceNumber": 606,
    "price": {
      "basicPrice": 2.49,
      "recommendedQuantity": "1.0",
      "quantityPrice": 2.29,
      "quantityPriceQuantity": "12.0",
      "measurementUnitPrice": 12.45,
      "measurementUnitQuantityPrice": 11.45,
      "measurementUnit": "L",
      "isRedPrice": false,
      "pricePerUOM": 12.45,
      "activationDate": "14-03-2024",
      "isPromoActive": "N",
      "priceChangeCode": "H",
      "quantityPricePerUOM": 11.45,
      "quantityActivationDate": "14-03-2024",
      "quantityPriceChangeCode": "H"
    },
    "isAvailable": true,
    "isPriceAvailable": true,
    "inPromo": false,
    "gtin": [
      "05415270101206",
      "05415270202248"
    ],
    "topCategoryName": "Dranken",
    "topCategoryId": "354",
    "businessDomain": "RETAIL_BE",
    "IsPrivateLabel": false,
    "IsBiffe": false,
    "WeightconversionFactor": "0",
    "IsWeightArticle": false,
    "nutriscoreLabel": "D",
    "IsBio": false,
    "CountryOfOrigin": "FRANKRIJK",
    "IsExclusivelySoldInLuxembourg": false,
    "OrderUnit": "P",
    "ShortName": "VINT MOJITO ROYAL 0%20C",
    "IsNew": false,
    "RecentQuanityOfStockUnits": "1",
    "LongName": "VINTENSE Mojito Royal 0,0% 20cl",
    "AlcoholVolume": "0",
    "FicCode": "E"
  },
  {
    "productId": "687319",
    "technicalArticleNumber": "4411391",
    "commercialArticleNumber": "25435",
    "name": "Bio 4,5%",
    "description": "*4,5 % vol",
    "brand": "TARAS BOULBA",
    "seoBrand": "Taras Boulba",
    "thumbNail": "https://static.colruytgroup.com/images/200x200/std.lang.all/92/58/asset-2369258.jpg",
    "fullImage": "https://static.colruytgroup.com/images/500x500/std.lang.all/92/58/asset-2369258.jpg",
    "squareImage": "https://static.colruytgroup.com/images/500x500sq/std.lang.all/92/58/asset-2369258.jpg",
    "content": "4x33cl",
    "walkRouteSequenceNumber": 3667,
    "price": {
      "basicPrice": 7.49,
      "recommendedQuantity": "1.0",
      "quantityPrice": 6.89,
      "quantityPriceQuantity": "3.0",
      "measurementUnitPrice": 5.68,
      "measurementUnitQuantityPrice": 5.22,
      "measurementUnit": "L",
      "isRedPrice": false,
      "pricePerUOM": 5.68,
      "activationDate": "20-02-2024",
      "isPromoActive": "N",
      "priceChangeCode": "H",
      "quantityPricePerUOM": 5.22,
      "quantityActivationDate": "20-02-2024",
      "quantityPriceChangeCode": "L"
    },
    "isAvailable": true,
    "isPriceAvailable": true,
    "inPromo": false,
    "gtin": [
      "05425029020795",
      "05400141914252",
      "05425029020016"
    ],
    "topCategoryName": "Dranken",
    "topCategoryId": "354",
    "businessDomain": "RETAIL_BE",
    "IsPrivateLabel": false,
    "IsBiffe": false,
    "WeightconversionFactor": "0",
    "IsWeightArticle": false,
    "IsBio": true,
    "CountryOfOrigin": "BELGIË",
    "IsExclusivelySoldInLuxembourg": false,
    "OrderUnit": "P",
    "ShortName": "TARA 4.5% BIO 4X33CL",
    "IsNew": false,
    "RecentQuanityOfStockUnits": "1",
    "LongName": "TARAS BOULBA Bio 4,5% 4x33cl",
    "AlcoholVolume": "4.5",
    "FicCode": "E",
    "DepositValue": [
      0.4
    ]
  },
  {
    "productId": "186422",
    "technicalArticleNumber": "3437320",
    "commercialArticleNumber": "20169",
    "name": "oude jenever 35%",
    "description": "*Jenever\n*35 % vol\n*Smaak: graan",
    "brand": "HERTEKAMP",
    "seoBrand": "Hertekamp",
    "thumbNail": "https://static.colruytgroup.com/images/200x200/std.lang.all/21/10/asset-2272110.jpg",
    "fullImage": "https://static.colruytgroup.com/images/500x500/std.lang.all/21/10/asset-2272110.jpg",
    "squareImage": "https://static.colruytgroup.com/images/500x500sq/std.lang.all/21/10/asset-2272110.jpg",
    "content": "70cl",
    "walkRouteSequenceNumber": 905,
    "price": {
      "basicPrice": 20.49,
      "recommendedQuantity": "1.0",
      "quantityPrice": 19.67,
      "quantityPriceQuantity": "3.0",
      "measurementUnitPrice": 29.28,
      "measurementUnitQuantityPrice": 28.1,
      "measurementUnit": "L",
      "isRedPrice": false,
      "pricePerUOM": 29.28,
      "activationDate": "15-03-2024",
      "recordSource": "Offline",
      "isPromoActive": "N",
      "priceChangeCode": "H",
      "quantityPricePerUOM": 28.1,
      "quantityActivationDate": "15-03-2024",
      "quantityPriceChangeCode": "H"
    },
    "isAvailable": true,
    "isPriceAvailable": true,
    "inPromo": false,
    "gtin": [
      "15410293002865",
      "15410293002278",
      "15410293002872",
      "15410293002285",
      "05410293002288"
    ],
    "topCategoryName": "Dranken",
    "topCategoryId": "354",
    "businessDomain": "RETAIL_BE",
    "IsPrivateLabel": false,
    "IsBiffe": false,
    "WeightconversionFactor": "0",
    "IsWeightArticle": false,
    "IsBio": false,
    "CountryOfOrigin": "BELGIË",
    "IsExclusivelySoldInLuxembourg": false,
    "OrderUnit": "P",
    "ShortName": "HERT OUDE JENEV35% 70CL",
    "IsNew": false,
    "EcoscoreLabel": "D",
    "RecentQuanityOfStockUnits": "1",
    "LongName": "HERTEKAMP oude jenever 35% 70cl",
    "AlcoholVolume": "35",
    "FicCode": "E",
    "EcoscoreValue": "38"
  },
  {
    "productId": "19490",
    "technicalArticleNumber": "1671295",
    "commercialArticleNumber": "5100",
    "name": "Pils 4,0%",
    "description": "*Pilsbier\n*4,0 % vol",
    "brand": "JUPILER BLUE",
    "seoBrand": "Jupiler Blue",
    "thumbNail": "https://static.colruytgroup.com/images/200x200/std.lang.all/39/62/asset-3453962.jpg",
    "fullImage": "https://static.colruytgroup.com/images/500x500/std.lang.all/39/62/asset-3453962.jpg",
    "squareImage": "https://static.colruytgroup.com/images/500x500sq/std.lang.all/39/62/asset-3453962.jpg",
    "content": "24x25cl",
    "walkRouteSequenceNumber": 3895,
    "price": {
      "basicPrice": 23.96,
      "recommendedQuantity": "1.0",
      "measurementUnitPrice": 4,
      "measurementUnit": "L",
      "isRedPrice": false,
      "pricePerUOM": 4,
      "activationDate": "07-03-2024",
      "recordSource": "Offline",
      "isPromoActive": "N",
      "priceChangeCode": "H"
    },
    "isAvailable": true,
    "isPriceAvailable": true,
    "inPromo": false,
    "gtin": [
      "05410228321231",
      "05410228188704",
      "05410228188650"
    ],
    "topCategoryName": "Dranken",
    "topCategoryId": "354",
    "businessDomain": "RETAIL_BE",
    "IsPrivateLabel": false,
    "IsBiffe": false,
    "WeightconversionFactor": "0",
    "IsWeightArticle": false,
    "IsBio": false,
    "CountryOfOrigin": "BELGIË",
    "IsExclusivelySoldInLuxembourg": false,
    "OrderUnit": "P",
    "ShortName": "JUPILER BLUE 24X25CL",
    "IsNew": false,
    "RecentQuanityOfStockUnits": "1",
    "LongName": "JUPILER BLUE Pils 4,0% 24x25cl",
    "AlcoholVolume": "4",
    "FicCode": "E",
    "DepositValue": [
      4.5
    ]
  },
  {
    "productId": "268830",
    "technicalArticleNumber": "3634454",
    "commercialArticleNumber": "19837",
    "name": "5,5% Bio",
    "description": "*Speciaalbier\n*5,5 % vol\n*Nagisting op fles",
    "brand": "SAISON DUPONT",
    "seoBrand": "Saison Dupont",
    "thumbNail": "https://static.colruytgroup.com/images/200x200/std.lang.all/86/21/asset-3038621.jpg",
    "fullImage": "https://static.colruytgroup.com/images/500x500/std.lang.all/86/21/asset-3038621.jpg",
    "squareImage": "https://static.colruytgroup.com/images/500x500sq/std.lang.all/86/21/asset-3038621.jpg",
    "content": "6x33cl",
    "walkRouteSequenceNumber": 3773,
    "price": {
      "basicPrice": 10.87,
      "recommendedQuantity": "1.0",
      "quantityPrice": 10.44,
      "quantityPriceQuantity": "3.0",
      "measurementUnitPrice": 5.49,
      "measurementUnitQuantityPrice": 5.28,
      "measurementUnit": "L",
      "isRedPrice": false,
      "pricePerUOM": 5.49,
      "activationDate": "28-02-2024",
      "recordSource": "Offline",
      "isPromoActive": "N",
      "priceChangeCode": "H",
      "quantityPricePerUOM": 5.28,
      "quantityActivationDate": "28-02-2024",
      "quantityPriceChangeCode": "H"
    },
    "isAvailable": true,
    "isPriceAvailable": true,
    "inPromo": false,
    "gtin": [
      "05400141029918",
      "05410702030833"
    ],
    "topCategoryName": "Dranken",
    "topCategoryId": "354",
    "businessDomain": "RETAIL_BE",
    "IsPrivateLabel": false,
    "IsBiffe": false,
    "WeightconversionFactor": "0",
    "IsWeightArticle": false,
    "IsBio": true,
    "CountryOfOrigin": "BELGIË",
    "IsExclusivelySoldInLuxembourg": false,
    "OrderUnit": "P",
    "ShortName": "RE SAISON BIO 6X33CL",
    "IsNew": false,
    "EcoscoreLabel": "D",
    "RecentQuanityOfStockUnits": "1",
    "LongName": "SAISON DUPONT 5,5% Bio 6x33cl",
    "AlcoholVolume": "5.5",
    "FicCode": "E",
    "DepositValue": [
      0.6
    ],
    "EcoscoreValue": "37"
  },
  {
    "productId": "463",
    "technicalArticleNumber": "5252",
    "commercialArticleNumber": "5252",
    "name": "Agnus blond 7,5%vol",
    "description": "*Abdijbier\n*7,5 % vol",
    "brand": "CORSENDONK",
    "seoBrand": "Corsendonk",
    "thumbNail": "https://static.colruytgroup.com/images/200x200/std.lang.all/81/97/asset-3308197.jpg",
    "fullImage": "https://static.colruytgroup.com/images/500x500/std.lang.all/81/97/asset-3308197.jpg",
    "squareImage": "https://static.colruytgroup.com/images/500x500sq/std.lang.all/81/97/asset-3308197.jpg",
    "content": "6x33cl",
    "walkRouteSequenceNumber": 3673,
    "price": {
      "basicPrice": 7.49,
      "recommendedQuantity": "1.0",
      "quantityPrice": 7.19,
      "quantityPriceQuantity": "3.0",
      "measurementUnitPrice": 3.79,
      "measurementUnitQuantityPrice": 3.64,
      "measurementUnit": "L",
      "isRedPrice": false,
      "pricePerUOM": 3.79,
      "activationDate": "03-02-2024",
      "isPromoActive": "N",
      "priceChangeCode": "L",
      "quantityPricePerUOM": 3.64,
      "quantityActivationDate": "03-02-2024",
      "quantityPriceChangeCode": "L"
    },
    "isAvailable": true,
    "isPriceAvailable": true,
    "inPromo": false,
    "gtin": [
      "00000025052527",
      "00000054069022",
      "05400141052527"
    ],
    "topCategoryName": "Dranken",
    "topCategoryId": "354",
    "businessDomain": "RETAIL_BE",
    "IsPrivateLabel": false,
    "IsBiffe": false,
    "WeightconversionFactor": "0",
    "IsWeightArticle": false,
    "IsBio": false,
    "CountryOfOrigin": "BELGIË",
    "IsExclusivelySoldInLuxembourg": false,
    "OrderUnit": "P",
    "ShortName": "CORSEND AGNUS 6X33CL",
    "InSeason": true,
    "IsNew": false,
    "EcoscoreLabel": "D",
    "RecentQuanityOfStockUnits": "1",
    "LongName": "CORSENDONK Agnus blond 7,5%vol 6x33cl",
    "AlcoholVolume": "7.5",
    "StartSeasonDate": "17/03/2022",
    "FicCode": "E",
    "DepositValue": [
      0.6
    ],
    "EcoscoreValue": "37"
  },
  {
    "productId": "822876",
    "technicalArticleNumber": "4658015",
    "commercialArticleNumber": "451002",
    "name": "kr.drank nat.stoelgang",
    "description": "*Vanaf 12 jaar",
    "brand": "JACOB HOOY",
    "seoBrand": "Jacob Hooy",
    "thumbNail": "https://static.colruytgroup.com/images/200x200/std.lang.all/15/49/asset-2411549.jpg",
    "fullImage": "https://static.colruytgroup.com/images/500x500/std.lang.all/15/49/asset-2411549.jpg",
    "squareImage": "https://static.colruytgroup.com/images/500x500sq/std.lang.all/15/49/asset-2411549.jpg",
    "content": "20st",
    "walkRouteSequenceNumber": 13887,
    "price": {
      "basicPrice": 2.99,
      "recommendedQuantity": "1.0",
      "measurementUnitPrice": 0.15,
      "measurementUnit": "S",
      "isRedPrice": false,
      "pricePerUOM": 0.15,
      "activationDate": "15-03-2024",
      "isPromoActive": "N",
      "priceChangeCode": "H"
    },
    "isAvailable": true,
    "isPriceAvailable": true,
    "inPromo": false,
    "gtin": [
      "18712053307300",
      "08712053307303"
    ],
    "topCategoryName": "Dranken",
    "topCategoryId": "354",
    "businessDomain": "NON_FOOD",
    "IsPrivateLabel": false,
    "IsBiffe": false,
    "IsWeightArticle": false,
    "RecentQuanityOfStockUnits": "1,12",
    "LongName": "JACOB HOOY kr.drank nat.stoelgang 20st",
    "IsBio": false,
    "CountryOfOrigin": "DUITSLAND",
    "FicCode": "E",
    "OrderUnit": "P",
    "ShortName": "HOOY STOELGANG 20ST",
    "IsNew": false
  },
  {
    "productId": "621522",
    "technicalArticleNumber": "4301292",
    "commercialArticleNumber": "23592",
    "name": "14%",
    "description": "*Wodka\n*Gesuikerd\n*14% vol",
    "brand": "ROCKETSHOT",
    "seoBrand": "Rocketshot",
    "thumbNail": "https://static.colruytgroup.com/images/200x200/std.lang.all/30/73/asset-2943073.jpg",
    "fullImage": "https://static.colruytgroup.com/images/500x500/std.lang.all/30/73/asset-2943073.jpg",
    "squareImage": "https://static.colruytgroup.com/images/500x500sq/std.lang.all/30/73/asset-2943073.jpg",
    "content": "70cl",
    "walkRouteSequenceNumber": 871,
    "price": {
      "basicPrice": 12.5,
      "recommendedQuantity": "1.0",
      "measurementUnitPrice": 17.86,
      "measurementUnit": "L",
      "isRedPrice": false,
      "pricePerUOM": 17.86,
      "activationDate": "02-01-2024",
      "recordSource": "Online",
      "isPromoActive": "N",
      "priceChangeCode": "H"
    },
    "isAvailable": true,
    "isPriceAvailable": true,
    "inPromo": false,
    "gtin": [
      "08714432170102",
      "08714432170119"
    ],
    "topCategoryName": "Dranken",
    "topCategoryId": "354",
    "businessDomain": "RETAIL_BE",
    "IsPrivateLabel": false,
    "IsBiffe": false,
    "WeightconversionFactor": "0",
    "IsWeightArticle": false,
    "IsBio": false,
    "CountryOfOrigin": "NEDERLAND",
    "IsExclusivelySoldInLuxembourg": false,
    "OrderUnit": "P",
    "ShortName": "ROCKETSHOT 14% 70CL",
    "InSeason": true,
    "IsNew": false,
    "EcoscoreLabel": "D",
    "RecentQuanityOfStockUnits": "1",
    "LongName": "ROCKETSHOT 14% 70cl",
    "AlcoholVolume": "14",
    "StartSeasonDate": "25/08/2022",
    "FicCode": "E",
    "EcoscoreValue": "38"
  },
  {
    "productId": "284574",
    "technicalArticleNumber": "3654688",
    "commercialArticleNumber": "41787",
    "name": "bier Red 8%",
    "description": "*8 % vol\n*Fruitige smaak\n*Goed dessertbier",
    "brand": "DELIRIUM",
    "seoBrand": "Delirium",
    "thumbNail": "https://static.colruytgroup.com/images/200x200/std.lang.all/17/66/asset-2661766.jpg",
    "fullImage": "https://static.colruytgroup.com/images/500x500/std.lang.all/17/66/asset-2661766.jpg",
    "squareImage": "https://static.colruytgroup.com/images/500x500sq/std.lang.all/17/66/asset-2661766.jpg",
    "content": "6x33cl",
    "walkRouteSequenceNumber": 3766,
    "price": {
      "basicPrice": 10.33,
      "recommendedQuantity": "1.0",
      "quantityPrice": 9.92,
      "quantityPriceQuantity": "3.0",
      "measurementUnitPrice": 5.22,
      "measurementUnitQuantityPrice": 5.02,
      "measurementUnit": "L",
      "isRedPrice": false,
      "pricePerUOM": 5.22,
      "activationDate": "13-03-2024",
      "recordSource": "Offline",
      "isPromoActive": "N",
      "priceChangeCode": "E",
      "quantityPricePerUOM": 5.02,
      "quantityActivationDate": "13-03-2024",
      "quantityPriceChangeCode": "E"
    },
    "isAvailable": true,
    "isPriceAvailable": true,
    "inPromo": true,
    "promotion": [
      {
        "techPromoId": "100953COLR",
        "promotionId": "100953",
        "promotionType": "0",
        "isPersonalized": "N",
        "publicationStartDate": "13-03-2024",
        "publicationEndDate": "26-03-2024"
      }
    ],
    "gtin": [
      "05412186002436",
      "05400141030310"
    ],
    "topCategoryName": "Dranken",
    "topCategoryId": "354",
    "businessDomain": "RETAIL_BE",
    "IsPrivateLabel": false,
    "IsBiffe": false,
    "WeightconversionFactor": "0",
    "IsWeightArticle": false,
    "IsBio": false,
    "CountryOfOrigin": "BELGIË",
    "IsExclusivelySoldInLuxembourg": false,
    "OrderUnit": "P",
    "ShortName": "DELIRIUM RED 6X33CL",
    "IsNew": false,
    "EcoscoreLabel": "D",
    "RecentQuanityOfStockUnits": "1",
    "LongName": "DELIRIUM bier Red 8% 6x33cl",
    "AlcoholVolume": "8",
    "FicCode": "I",
    "DepositValue": [
      1.8
    ],
    "EcoscoreValue": "37"
  },
  {
    "productId": "385",
    "technicalArticleNumber": "5288",
    "commercialArticleNumber": "5288",
    "name": "abdijbier tripel 9%",
    "description": "*Abdijbier\n*9 % vol\n*Nagisting op fles",
    "brand": "GRIMBERGEN",
    "seoBrand": "Grimbergen",
    "thumbNail": "https://static.colruytgroup.com/images/200x200/std.lang.all/33/80/asset-1793380.jpg",
    "fullImage": "https://static.colruytgroup.com/images/500x500/std.lang.all/33/80/asset-1793380.jpg",
    "squareImage": "https://static.colruytgroup.com/images/500x500sq/std.lang.all/33/80/asset-1793380.jpg",
    "content": "6x33cl",
    "walkRouteSequenceNumber": 3645,
    "price": {
      "basicPrice": 8.34,
      "recommendedQuantity": "1.0",
      "measurementUnitPrice": 4.22,
      "measurementUnit": "L",
      "isRedPrice": false,
      "pricePerUOM": 4.22,
      "activationDate": "14-03-2024",
      "recordSource": "Offline",
      "isPromoActive": "N",
      "priceChangeCode": "H"
    },
    "isAvailable": true,
    "isPriceAvailable": true,
    "inPromo": false,
    "gtin": [
      "05400141052886",
      "05410263011661",
      "05410263911664",
      "05410263914238"
    ],
    "topCategoryName": "Dranken",
    "topCategoryId": "354",
    "businessDomain": "RETAIL_BE",
    "IsPrivateLabel": false,
    "IsBiffe": false,
    "WeightconversionFactor": "0",
    "IsWeightArticle": false,
    "IsBio": false,
    "CountryOfOrigin": "BELGIË",
    "IsExclusivelySoldInLuxembourg": false,
    "OrderUnit": "P",
    "ShortName": "GRIMB TRIP 6X33C",
    "IsNew": false,
    "EcoscoreLabel": "D",
    "RecentQuanityOfStockUnits": "1",
    "LongName": "GRIMBERGEN abdijbier tripel 9% 6x33cl",
    "AlcoholVolume": "9",
    "FicCode": "I",
    "DepositValue": [
      0.6
    ],
    "EcoscoreValue": "37"
  },
  {
    "productId": "878717",
    "technicalArticleNumber": "4734983",
    "commercialArticleNumber": "19165",
    "name": "Bruis. water glas",
    "description": "*Natuurlijk mineraalwater\n*Bruisend",
    "brand": "CHAUDFONTAINE",
    "seoBrand": "Chaudfontaine",
    "thumbNail": "https://ecgproductmw.colruytgroup.com/ecgproductmw/noPicForArticle_2.jpg",
    "fullImage": "https://ecgproductmw.colruytgroup.com/ecgproductmw/noPicForArticle_5.jpg",
    "squareImage": "https://ecgproductmw.colruytgroup.com/ecgproductmw/noPicForArticle_5.jpg",
    "content": "24x25cl",
    "walkRouteSequenceNumber": 3869,
    "price": {
      "basicPrice": 10.99,
      "recommendedQuantity": "1.0",
      "quantityPrice": 10.55,
      "quantityPriceQuantity": "3.0",
      "measurementUnitPrice": 1.84,
      "measurementUnitQuantityPrice": 1.76,
      "measurementUnit": "L",
      "isRedPrice": false,
      "pricePerUOM": 1.84,
      "activationDate": "02-06-2023",
      "isPromoActive": "N",
      "priceChangeCode": "E",
      "quantityPricePerUOM": 1.76,
      "quantityActivationDate": "02-06-2023",
      "quantityPriceChangeCode": "E"
    },
    "isAvailable": true,
    "isPriceAvailable": true,
    "inPromo": false,
    "gtin": [
      "05449000127884",
      "00000042117513"
    ],
    "topCategoryName": "Dranken",
    "topCategoryId": "354",
    "businessDomain": "RETAIL_BE",
    "IsPrivateLabel": false,
    "IsBiffe": false,
    "WeightconversionFactor": "0",
    "IsWeightArticle": false,
    "nutriscoreLabel": "A",
    "IsBio": false,
    "CountryOfOrigin": "BELGIË",
    "IsExclusivelySoldInLuxembourg": false,
    "OrderUnit": "P",
    "ShortName": "CHAU BRUIS.WATER24X25CL",
    "IsNew": false,
    "RecentQuanityOfStockUnits": "1",
    "LongName": "CHAUDFONTAINE Bruis. water glas 24x25cl",
    "AlcoholVolume": "0",
    "FicCode": "E",
    "DepositValue": [
      5
    ]
  },
  {
    "productId": "224735",
    "technicalArticleNumber": "3551552",
    "commercialArticleNumber": "13929",
    "name": "pastis de Marseille 45,0%vol",
    "description": "*Pastis\n*45,0 % vol",
    "brand": "DUVAL",
    "seoBrand": "Duval",
    "thumbNail": "https://static.colruytgroup.com/images/200x200/std.lang.all/54/39/asset-975439.jpg",
    "fullImage": "https://static.colruytgroup.com/images/500x500/std.lang.all/54/39/asset-975439.jpg",
    "squareImage": "https://static.colruytgroup.com/images/500x500sq/std.lang.all/54/39/asset-975439.jpg",
    "content": "70cl",
    "walkRouteSequenceNumber": 894,
    "price": {
      "basicPrice": 19.99,
      "recommendedQuantity": "1.0",
      "measurementUnitPrice": 28.56,
      "measurementUnit": "L",
      "isRedPrice": false,
      "pricePerUOM": 28.56,
      "activationDate": "14-03-2024",
      "recordSource": "Offline",
      "isPromoActive": "N",
      "priceChangeCode": "H"
    },
    "isAvailable": true,
    "isPriceAvailable": true,
    "inPromo": false,
    "gtin": [
      "03147691208883",
      "03147691265367",
      "03394210003751"
    ],
    "topCategoryName": "Dranken",
    "topCategoryId": "354",
    "businessDomain": "RETAIL_BE",
    "IsPrivateLabel": false,
    "IsBiffe": false,
    "WeightconversionFactor": "0",
    "IsWeightArticle": false,
    "IsBio": false,
    "CountryOfOrigin": "FRANKRIJK",
    "IsExclusivelySoldInLuxembourg": false,
    "OrderUnit": "P",
    "ShortName": "DUVAL PASTIS 45% 70CL",
    "IsNew": false,
    "EcoscoreLabel": "D",
    "RecentQuanityOfStockUnits": "1,6",
    "LongName": "DUVAL pastis de Marseille 45,0%vol 70cl",
    "AlcoholVolume": "45",
    "FicCode": "E",
    "EcoscoreValue": "38"
  },
  {
    "productId": "322166",
    "technicalArticleNumber": "3783211",
    "commercialArticleNumber": "18352",
    "name": "Caipirinha 15%",
    "description": "*Ready to serve\n*15,0 % vol",
    "brand": "MARIE GALANTE",
    "seoBrand": "Marie Galante",
    "thumbNail": "https://static.colruytgroup.com/images/200x200/std.lang.all/01/93/asset-1470193.jpg",
    "fullImage": "https://static.colruytgroup.com/images/500x500/std.lang.all/01/93/asset-1470193.jpg",
    "squareImage": "https://static.colruytgroup.com/images/500x500sq/std.lang.all/01/93/asset-1470193.jpg",
    "content": "70cl",
    "walkRouteSequenceNumber": 888,
    "price": {
      "basicPrice": 7.99,
      "recommendedQuantity": "1.0",
      "measurementUnitPrice": 11.42,
      "measurementUnit": "L",
      "isRedPrice": false,
      "pricePerUOM": 11.42,
      "activationDate": "13-11-2023",
      "isPromoActive": "N",
      "priceChangeCode": "E"
    },
    "isAvailable": true,
    "isPriceAvailable": true,
    "inPromo": false,
    "gtin": [
      "05400141104752",
      "15400141104759"
    ],
    "topCategoryName": "Dranken",
    "topCategoryId": "354",
    "businessDomain": "RETAIL_BE",
    "IsPrivateLabel": true,
    "IsBiffe": false,
    "WeightconversionFactor": "0",
    "IsWeightArticle": false,
    "IsBio": false,
    "CountryOfOrigin": "BELGIË",
    "IsExclusivelySoldInLuxembourg": false,
    "OrderUnit": "P",
    "ShortName": "MGAL CAIPIRIN.15% 70CL",
    "IsNew": false,
    "EcoscoreLabel": "D",
    "RecentQuanityOfStockUnits": "6,1",
    "LongName": "MARIE GALANTE Caipirinha 15% 70cl",
    "AlcoholVolume": "15",
    "FicCode": "I",
    "EcoscoreValue": "30"
  },
  {
    "productId": "16541",
    "technicalArticleNumber": "1469707",
    "commercialArticleNumber": "5078",
    "name": "bier kriek 3,5% bak",
    "description": "*Fruitbier\n*3,5 % vol\n*Smaak: kriek",
    "brand": "LINDEMANS",
    "seoBrand": "Lindemans",
    "thumbNail": "https://static.colruytgroup.com/images/200x200/std.lang.all/89/46/asset-858946.jpg",
    "fullImage": "https://static.colruytgroup.com/images/500x500/std.lang.all/89/46/asset-858946.jpg",
    "squareImage": "https://static.colruytgroup.com/images/500x500sq/std.lang.all/89/46/asset-858946.jpg",
    "content": "24x25cl",
    "walkRouteSequenceNumber": 3931,
    "price": {
      "basicPrice": 28.48,
      "recommendedQuantity": "1.0",
      "measurementUnitPrice": 4.75,
      "measurementUnit": "L",
      "isRedPrice": false,
      "pricePerUOM": 4.75,
      "activationDate": "03-02-2024",
      "isPromoActive": "N",
      "priceChangeCode": "H"
    },
    "isAvailable": true,
    "isPriceAvailable": true,
    "inPromo": false,
    "gtin": [
      "05411223030081"
    ],
    "topCategoryName": "Dranken",
    "topCategoryId": "354",
    "businessDomain": "RETAIL_BE",
    "IsPrivateLabel": false,
    "IsBiffe": false,
    "WeightconversionFactor": "0",
    "IsWeightArticle": false,
    "IsBio": false,
    "CountryOfOrigin": "BELGIË",
    "IsExclusivelySoldInLuxembourg": false,
    "OrderUnit": "P",
    "ShortName": "RE LINDEMANS KRIEK24X25",
    "IsNew": false,
    "EcoscoreLabel": "B",
    "RecentQuanityOfStockUnits": "1",
    "LongName": "LINDEMANS bier kriek 3,5% bak 24x25cl",
    "AlcoholVolume": "3.5",
    "FicCode": "I",
    "DepositValue": [
      4.5
    ],
    "EcoscoreValue": "72"
  },
  {
    "productId": "859271",
    "technicalArticleNumber": "4709677",
    "commercialArticleNumber": "31820",
    "name": "Vodka Black 18%",
    "description": "*Vodka\n*18 % vol",
    "brand": "ERISTOFF",
    "seoBrand": "Eristoff",
    "thumbNail": "https://static.colruytgroup.com/images/200x200/std.lang.all/95/09/asset-3169509.jpg",
    "fullImage": "https://static.colruytgroup.com/images/500x500/std.lang.all/95/09/asset-3169509.jpg",
    "squareImage": "https://static.colruytgroup.com/images/500x500sq/std.lang.all/95/09/asset-3169509.jpg",
    "content": "70cl",
    "walkRouteSequenceNumber": 833,
    "price": {
      "basicPrice": 16.99,
      "recommendedQuantity": "1.0",
      "measurementUnitPrice": 24.28,
      "measurementUnit": "L",
      "isRedPrice": false,
      "pricePerUOM": 24.28,
      "activationDate": "28-02-2024",
      "recordSource": "Offline",
      "isPromoActive": "N",
      "priceChangeCode": "E"
    },
    "isAvailable": true,
    "isPriceAvailable": true,
    "inPromo": false,
    "gtin": [
      "07610113005644",
      "05010677801553"
    ],
    "topCategoryName": "Dranken",
    "topCategoryId": "354",
    "businessDomain": "RETAIL_BE",
    "IsPrivateLabel": false,
    "IsBiffe": false,
    "WeightconversionFactor": "0",
    "IsWeightArticle": false,
    "IsBio": false,
    "CountryOfOrigin": "FRANKRIJK",
    "IsExclusivelySoldInLuxembourg": false,
    "OrderUnit": "P",
    "ShortName": "ERIS BLACK 18% 70CL",
    "IsNew": false,
    "EcoscoreLabel": "D",
    "RecentQuanityOfStockUnits": "1,6",
    "LongName": "ERISTOFF Vodka Black 18% 70cl",
    "AlcoholVolume": "18",
    "FicCode": "E",
    "EcoscoreValue": "38"
  },
  {
    "productId": "851988",
    "technicalArticleNumber": "4700165",
    "commercialArticleNumber": "31031",
    "name": "Ice 4% blik",
    "description": "*Aperitief\n*Vodka based\n*Kant- en klaar\n*4,0 % vol",
    "brand": "SMIRNOFF",
    "seoBrand": "Smirnoff",
    "thumbNail": "https://static.colruytgroup.com/images/200x200/std.lang.all/74/04/asset-3197404.jpg",
    "fullImage": "https://static.colruytgroup.com/images/500x500/std.lang.all/74/04/asset-3197404.jpg",
    "squareImage": "https://static.colruytgroup.com/images/500x500sq/std.lang.all/74/04/asset-3197404.jpg",
    "content": "25cl",
    "walkRouteSequenceNumber": 783,
    "price": {
      "basicPrice": 1.99,
      "recommendedQuantity": "1.0",
      "measurementUnitPrice": 7.96,
      "measurementUnit": "L",
      "isRedPrice": false,
      "pricePerUOM": 7.96,
      "activationDate": "19-01-2024",
      "recordSource": "Offline",
      "isPromoActive": "N",
      "priceChangeCode": "L"
    },
    "isAvailable": true,
    "isPriceAvailable": true,
    "inPromo": false,
    "gtin": [
      "08711300999728",
      "08711300999933",
      "05410316997980",
      "05410316997997"
    ],
    "topCategoryName": "Dranken",
    "topCategoryId": "354",
    "businessDomain": "RETAIL_BE",
    "IsPrivateLabel": false,
    "IsBiffe": false,
    "WeightconversionFactor": "0",
    "IsWeightArticle": false,
    "IsBio": false,
    "CountryOfOrigin": "ITALIË",
    "IsExclusivelySoldInLuxembourg": false,
    "OrderUnit": "P",
    "ShortName": "SMIR ICE 4% BLIK 25CL",
    "IsNew": false,
    "EcoscoreLabel": "D",
    "RecentQuanityOfStockUnits": "1,1,12,12",
    "LongName": "SMIRNOFF Ice 4% blik 25cl",
    "AlcoholVolume": "4",
    "FicCode": "E",
    "EcoscoreValue": "38"
  },
  {
    "productId": "857015",
    "technicalArticleNumber": "4706898",
    "commercialArticleNumber": "31464",
    "name": "IPA 4,9%",
    "description": "*Abdijbier\n*IPA\n*Blond\n*4,9 % vol",
    "brand": "LA CAMBRE",
    "seoBrand": "La cambre",
    "thumbNail": "https://static.colruytgroup.com/images/200x200/std.lang.all/50/50/asset-3455050.jpg",
    "fullImage": "https://static.colruytgroup.com/images/500x500/std.lang.all/50/50/asset-3455050.jpg",
    "squareImage": "https://static.colruytgroup.com/images/500x500sq/std.lang.all/50/50/asset-3455050.jpg",
    "content": "6x33cl",
    "walkRouteSequenceNumber": 1531,
    "price": {
      "basicPrice": 8.3,
      "recommendedQuantity": "1.0",
      "measurementUnitPrice": 4.2,
      "measurementUnit": "L",
      "isRedPrice": false,
      "pricePerUOM": 4.2,
      "activationDate": "27-02-2024",
      "isPromoActive": "N",
      "priceChangeCode": "E"
    },
    "isAvailable": true,
    "isPriceAvailable": true,
    "inPromo": false,
    "gtin": [
      "05425006246248",
      "05400141479775"
    ],
    "topCategoryName": "Dranken",
    "topCategoryId": "354",
    "businessDomain": "RETAIL_BE",
    "IsPrivateLabel": false,
    "IsBiffe": false,
    "WeightconversionFactor": "0",
    "IsWeightArticle": false,
    "IsBio": false,
    "CountryOfOrigin": "BELGIË",
    "IsExclusivelySoldInLuxembourg": false,
    "OrderUnit": "P",
    "ShortName": "LACA IPA 4.9% 6X33CL",
    "IsNew": false,
    "EcoscoreLabel": "B",
    "RecentQuanityOfStockUnits": "1",
    "LongName": "LA CAMBRE IPA 4,9% 6x33cl",
    "AlcoholVolume": "4.9",
    "FicCode": "E",
    "DepositValue": [
      0.6
    ],
    "EcoscoreValue": "72"
  },
  {
    "productId": "874469",
    "technicalArticleNumber": "4729331",
    "commercialArticleNumber": "32114",
    "name": "Bitter 25%",
    "brand": "MARTINI",
    "seoBrand": "Martini",
    "thumbNail": "https://static.colruytgroup.com/images/200x200/std.lang.all/46/48/asset-3284648.jpg",
    "fullImage": "https://static.colruytgroup.com/images/500x500/std.lang.all/46/48/asset-3284648.jpg",
    "squareImage": "https://static.colruytgroup.com/images/500x500sq/std.lang.all/46/48/asset-3284648.jpg",
    "content": "70cl",
    "walkRouteSequenceNumber": 859,
    "price": {
      "basicPrice": 16.31,
      "recommendedQuantity": "1.0",
      "measurementUnitPrice": 23.3,
      "measurementUnit": "L",
      "isRedPrice": false,
      "pricePerUOM": 23.3,
      "activationDate": "27-02-2024",
      "isPromoActive": "N",
      "priceChangeCode": "H"
    },
    "isAvailable": true,
    "isPriceAvailable": true,
    "inPromo": true,
    "promotion": [
      {
        "techPromoId": "100907COLR",
        "promotionId": "100907",
        "promotionType": "3",
        "isPersonalized": "N",
        "publicationStartDate": "13-03-2024",
        "publicationEndDate": "26-03-2024"
      }
    ],
    "gtin": [
      "08000570097006",
      "08000570954231"
    ],
    "topCategoryName": "Dranken",
    "topCategoryId": "354",
    "businessDomain": "RETAIL_BE",
    "IsPrivateLabel": false,
    "IsBiffe": false,
    "WeightconversionFactor": "0",
    "IsWeightArticle": false,
    "IsBio": false,
    "CountryOfOrigin": "ITALIË",
    "IsExclusivelySoldInLuxembourg": false,
    "OrderUnit": "P",
    "ShortName": "MART BITTER 25% 70CL",
    "IsNew": false,
    "EcoscoreLabel": "E",
    "RecentQuanityOfStockUnits": "1",
    "LongName": "MARTINI Bitter 25% 70cl",
    "AlcoholVolume": "25",
    "FicCode": "E",
    "EcoscoreValue": "18"
  },
  {
    "productId": "598968",
    "technicalArticleNumber": "4263292",
    "commercialArticleNumber": "12707",
    "name": "Italian Style blik",
    "description": "*Intense koffie\n*Gemalen koffie",
    "brand": "ROMBOUTS",
    "seoBrand": "Rombouts",
    "thumbNail": "https://static.colruytgroup.com/images/200x200/std.lang.all/20/66/asset-2112066.jpg",
    "fullImage": "https://static.colruytgroup.com/images/500x500/std.lang.all/20/66/asset-2112066.jpg",
    "squareImage": "https://static.colruytgroup.com/images/500x500sq/std.lang.all/20/66/asset-2112066.jpg",
    "content": "500g",
    "walkRouteSequenceNumber": 1137,
    "price": {
      "basicPrice": 11.25,
      "recommendedQuantity": "1.0",
      "measurementUnitPrice": 22.5,
      "measurementUnit": "K",
      "isRedPrice": false,
      "pricePerUOM": 22.5,
      "activationDate": "12-03-2024",
      "recordSource": "Online",
      "isPromoActive": "N",
      "priceChangeCode": "H"
    },
    "isAvailable": true,
    "isPriceAvailable": true,
    "inPromo": false,
    "gtin": [
      "05410173000465",
      "15410173000462"
    ],
    "topCategoryName": "Dranken",
    "topCategoryId": "354",
    "businessDomain": "RETAIL_BE",
    "IsPrivateLabel": false,
    "IsBiffe": false,
    "WeightconversionFactor": "0",
    "IsWeightArticle": false,
    "nutriscoreLabel": "B",
    "IsBio": false,
    "CountryOfOrigin": "BELGIË",
    "IsExclusivelySoldInLuxembourg": false,
    "OrderUnit": "P",
    "ShortName": "ROMB ITALIAN STYLE 500G",
    "IsNew": false,
    "EcoscoreLabel": "C",
    "RecentQuanityOfStockUnits": "1",
    "LongName": "ROMBOUTS Italian Style blik 500g",
    "FicCode": "E",
    "EcoscoreValue": "40"
  },
  {
    "productId": "17598",
    "technicalArticleNumber": "1441419",
    "commercialArticleNumber": "5092",
    "name": "3,5%",
    "description": "*Fruitbier\n*3,5 % vol\n*Smaak: kriek",
    "brand": "KRIEK MAX",
    "seoBrand": "Kriek Max",
    "thumbNail": "https://static.colruytgroup.com/images/200x200/std.lang.all/89/43/asset-858943.jpg",
    "fullImage": "https://static.colruytgroup.com/images/500x500/std.lang.all/89/43/asset-858943.jpg",
    "squareImage": "https://static.colruytgroup.com/images/500x500sq/std.lang.all/89/43/asset-858943.jpg",
    "content": "8x25cl",
    "walkRouteSequenceNumber": 3768,
    "price": {
      "basicPrice": 12.58,
      "recommendedQuantity": "1.0",
      "quantityPrice": 11.57,
      "quantityPriceQuantity": "3.0",
      "measurementUnitPrice": 6.29,
      "measurementUnitQuantityPrice": 5.79,
      "measurementUnit": "L",
      "isRedPrice": false,
      "pricePerUOM": 6.29,
      "activationDate": "14-03-2024",
      "recordSource": "Offline",
      "isPromoActive": "N",
      "priceChangeCode": "E",
      "quantityPricePerUOM": 5.79,
      "quantityActivationDate": "14-03-2024",
      "quantityPriceChangeCode": "E"
    },
    "isAvailable": true,
    "isPriceAvailable": true,
    "inPromo": true,
    "promotion": [
      {
        "techPromoId": "100949COLR",
        "promotionId": "100949",
        "promotionType": "0",
        "isPersonalized": "N",
        "publicationStartDate": "13-03-2024",
        "publicationEndDate": "26-03-2024"
      }
    ],
    "gtin": [
      "05411858000107",
      "00000025050929",
      "05400141050929"
    ],
    "topCategoryName": "Dranken",
    "topCategoryId": "354",
    "businessDomain": "RETAIL_BE",
    "IsPrivateLabel": false,
    "IsBiffe": false,
    "WeightconversionFactor": "0",
    "IsWeightArticle": false,
    "IsBio": false,
    "CountryOfOrigin": "BELGIË",
    "IsExclusivelySoldInLuxembourg": false,
    "OrderUnit": "P",
    "ShortName": "KMAX 3.5% 8X25CL",
    "InSeason": true,
    "IsNew": false,
    "EcoscoreLabel": "B",
    "RecentQuanityOfStockUnits": "1",
    "LongName": "KRIEK MAX 3,5% 8x25cl",
    "AlcoholVolume": "3.5",
    "StartSeasonDate": "20/12/2004",
    "FicCode": "E",
    "DepositValue": [
      0.8
    ],
    "EcoscoreValue": "70"
  },
  {
    "productId": "534391",
    "technicalArticleNumber": "4128973",
    "commercialArticleNumber": "9423",
    "name": "Grand Cru 6,0%vol",
    "description": "*Roodbruin bier\n*6,0 % vol\n*Gemengde gisting",
    "brand": "RODENBACH",
    "seoBrand": "Rodenbach",
    "thumbNail": "https://static.colruytgroup.com/images/200x200/std.lang.all/80/93/asset-1988093.jpg",
    "fullImage": "https://static.colruytgroup.com/images/500x500/std.lang.all/80/93/asset-1988093.jpg",
    "squareImage": "https://static.colruytgroup.com/images/500x500sq/std.lang.all/80/93/asset-1988093.jpg",
    "content": "4x33cl",
    "walkRouteSequenceNumber": 3805,
    "price": {
      "basicPrice": 6.8,
      "recommendedQuantity": "1.0",
      "measurementUnitPrice": 5.16,
      "measurementUnit": "L",
      "isRedPrice": false,
      "pricePerUOM": 5.16,
      "activationDate": "18-07-2023",
      "recordSource": "Online",
      "isPromoActive": "N",
      "priceChangeCode": "E"
    },
    "isAvailable": true,
    "isPriceAvailable": true,
    "inPromo": false,
    "gtin": [
      "05410583803106",
      "05410583800389"
    ],
    "topCategoryName": "Dranken",
    "topCategoryId": "354",
    "businessDomain": "RETAIL_BE",
    "IsPrivateLabel": false,
    "IsBiffe": false,
    "WeightconversionFactor": "0",
    "IsWeightArticle": false,
    "IsBio": false,
    "CountryOfOrigin": "BELGIË",
    "IsExclusivelySoldInLuxembourg": false,
    "OrderUnit": "P",
    "ShortName": "RODE GRAND CRU 4X33CL",
    "InSeason": true,
    "IsNew": false,
    "EcoscoreLabel": "D",
    "RecentQuanityOfStockUnits": "1",
    "LongName": "RODENBACH Grand Cru 6,0%vol 4x33cl",
    "AlcoholVolume": "6",
    "StartSeasonDate": "13/09/2023",
    "FicCode": "E",
    "DepositValue": [
      0.4
    ],
    "EcoscoreValue": "37"
  },
  {
    "productId": "378",
    "technicalArticleNumber": "5049",
    "commercialArticleNumber": "5049",
    "name": "tafelb. bl. 1,5%vol",
    "description": "*Tafelbier\n*1,5 % vol",
    "brand": "PIEDBOEUF",
    "seoBrand": "Piedboeuf",
    "thumbNail": "https://static.colruytgroup.com/images/200x200/std.lang.all/50/93/asset-1075093.jpg",
    "fullImage": "https://static.colruytgroup.com/images/500x500/std.lang.all/50/93/asset-1075093.jpg",
    "squareImage": "https://static.colruytgroup.com/images/500x500sq/std.lang.all/50/93/asset-1075093.jpg",
    "content": "12x75cl",
    "walkRouteSequenceNumber": 3911,
    "price": {
      "basicPrice": 23.88,
      "recommendedQuantity": "1.0",
      "measurementUnitPrice": 2.66,
      "measurementUnit": "L",
      "isRedPrice": false,
      "pricePerUOM": 2.66,
      "activationDate": "02-02-2024",
      "recordSource": "Offline",
      "isPromoActive": "N",
      "priceChangeCode": "E"
    },
    "isAvailable": true,
    "isPriceAvailable": true,
    "inPromo": false,
    "gtin": [
      "05410228141150",
      "05410228858652"
    ],
    "topCategoryName": "Dranken",
    "topCategoryId": "354",
    "businessDomain": "RETAIL_BE",
    "IsPrivateLabel": false,
    "IsBiffe": false,
    "WeightconversionFactor": "0",
    "IsWeightArticle": false,
    "IsBio": false,
    "CountryOfOrigin": "BELGIË",
    "IsExclusivelySoldInLuxembourg": false,
    "OrderUnit": "P",
    "ShortName": "PIEDB BLOND 12X75CL",
    "InSeason": true,
    "IsNew": false,
    "RecentQuanityOfStockUnits": "1",
    "LongName": "PIEDBOEUF tafelb. bl. 1,5%vol 12x75cl",
    "AlcoholVolume": "1.1",
    "StartSeasonDate": "26/09/2003",
    "FicCode": "E",
    "DepositValue": [
      4.5
    ]
  },
  {
    "productId": "680861",
    "technicalArticleNumber": "4399913",
    "commercialArticleNumber": "24603",
    "name": "Refined Lager 5,2% blik",
    "description": "*Pilsbier\n*5,2 % vol",
    "brand": "ESTAMINET",
    "seoBrand": "Estaminet",
    "thumbNail": "https://static.colruytgroup.com/images/200x200/std.lang.all/91/97/asset-2999197.jpg",
    "fullImage": "https://static.colruytgroup.com/images/500x500/std.lang.all/91/97/asset-2999197.jpg",
    "squareImage": "https://static.colruytgroup.com/images/500x500sq/std.lang.all/91/97/asset-2999197.jpg",
    "content": "33cl",
    "walkRouteSequenceNumber": 3835,
    "price": {
      "basicPrice": 0.99,
      "recommendedQuantity": "6.0",
      "measurementUnitPrice": 3,
      "measurementUnit": "L",
      "isRedPrice": false,
      "pricePerUOM": 3,
      "activationDate": "09-08-2023",
      "isPromoActive": "N",
      "priceChangeCode": "E"
    },
    "isAvailable": true,
    "isPriceAvailable": true,
    "inPromo": false,
    "gtin": [
      "00000054057203",
      "05410783008219",
      "05410783008233"
    ],
    "topCategoryName": "Dranken",
    "topCategoryId": "354",
    "businessDomain": "RETAIL_BE",
    "IsPrivateLabel": false,
    "IsBiffe": false,
    "WeightconversionFactor": "0",
    "IsWeightArticle": false,
    "IsBio": false,
    "CountryOfOrigin": "BELGIË",
    "IsExclusivelySoldInLuxembourg": false,
    "OrderUnit": "P",
    "ShortName": "ESTA PREM.PILS BLIK33CL",
    "IsNew": false,
    "EcoscoreLabel": "D",
    "RecentQuanityOfStockUnits": "6,1,24",
    "LongName": "ESTAMINET Refined Lager 5,2% blik 33cl",
    "AlcoholVolume": "5.2",
    "FicCode": "E",
    "EcoscoreValue": "37"
  },
  {
    "productId": "400",
    "technicalArticleNumber": "5345",
    "commercialArticleNumber": "5345",
    "name": "Classic 10,5%",
    "description": "*Speciaalbier\n*10,5 % vol",
    "brand": "GULDEN DRAAK",
    "seoBrand": "Gulden Draak",
    "thumbNail": "https://static.colruytgroup.com/images/200x200/std.lang.all/87/81/asset-1838781.jpg",
    "fullImage": "https://static.colruytgroup.com/images/500x500/std.lang.all/87/81/asset-1838781.jpg",
    "squareImage": "https://static.colruytgroup.com/images/500x500sq/std.lang.all/87/81/asset-1838781.jpg",
    "content": "6x33cl",
    "walkRouteSequenceNumber": 3650,
    "price": {
      "basicPrice": 10.5,
      "recommendedQuantity": "1.0",
      "measurementUnitPrice": 5.31,
      "measurementUnit": "L",
      "isRedPrice": false,
      "pricePerUOM": 5.31,
      "activationDate": "22-03-2024",
      "recordSource": "Online",
      "isPromoActive": "N",
      "priceChangeCode": "H"
    },
    "isAvailable": true,
    "isPriceAvailable": true,
    "inPromo": false,
    "gtin": [
      "00000025053456",
      "05400141053456",
      "05411663002716"
    ],
    "topCategoryName": "Dranken",
    "topCategoryId": "354",
    "businessDomain": "RETAIL_BE",
    "IsPrivateLabel": false,
    "IsBiffe": false,
    "WeightconversionFactor": "0",
    "IsWeightArticle": false,
    "IsBio": false,
    "CountryOfOrigin": "BELGIË",
    "IsExclusivelySoldInLuxembourg": false,
    "OrderUnit": "P",
    "ShortName": "GULDEN DRAAK 6X33CL",
    "IsNew": false,
    "EcoscoreLabel": "D",
    "RecentQuanityOfStockUnits": "1",
    "LongName": "GULDEN DRAAK Classic 10,5% 6x33cl",
    "AlcoholVolume": "10.5",
    "FicCode": "E",
    "DepositValue": [
      0.6
    ],
    "EcoscoreValue": "37"
  },
  {
    "productId": "345227",
    "technicalArticleNumber": "3826035",
    "commercialArticleNumber": "21561",
    "name": "Irish whisky 43,0%vol",
    "description": "*Single malt whisky\n*Ierland\n*Licht en floraal",
    "brand": "TYRCONNELL",
    "seoBrand": "Tyrconnell",
    "thumbNail": "https://static.colruytgroup.com/images/200x200/std.lang.all/67/61/asset-1466761.jpg",
    "fullImage": "https://static.colruytgroup.com/images/500x500/std.lang.all/67/61/asset-1466761.jpg",
    "squareImage": "https://static.colruytgroup.com/images/500x500sq/std.lang.all/67/61/asset-1466761.jpg",
    "content": "70cl",
    "walkRouteSequenceNumber": 959,
    "price": {
      "basicPrice": 27.25,
      "recommendedQuantity": "1.0",
      "measurementUnitPrice": 38.93,
      "measurementUnit": "L",
      "isRedPrice": true,
      "redPriceReason": "Promo",
      "referencePrice": 32.25,
      "retentionPeriod": 30,
      "pricePerUOM": 38.93,
      "activationDate": "13-03-2024",
      "isPromoActive": "Y",
      "priceChangeCode": "L"
    },
    "isAvailable": true,
    "isPriceAvailable": true,
    "inPromo": false,
    "gtin": [
      "05099357091422",
      "05099357091439"
    ],
    "topCategoryName": "Dranken",
    "topCategoryId": "354",
    "businessDomain": "RETAIL_BE",
    "IsPrivateLabel": false,
    "IsBiffe": false,
    "WeightconversionFactor": "0",
    "IsWeightArticle": false,
    "IsBio": false,
    "CountryOfOrigin": "IERLAND",
    "IsExclusivelySoldInLuxembourg": false,
    "OrderUnit": "P",
    "ShortName": "/TYRC SINGLE M.43% 70CL",
    "IsNew": false,
    "EcoscoreLabel": "D",
    "RecentQuanityOfStockUnits": "1",
    "LongName": "TYRCONNELL Irish whisky 43,0%vol 70cl",
    "AlcoholVolume": "43",
    "FicCode": "E",
    "EcoscoreValue": "38"
  },
  {
    "productId": "878722",
    "technicalArticleNumber": "4734988",
    "commercialArticleNumber": "19226",
    "name": "Plat water glas",
    "description": "*Natuurlijk mineraalwater\n*Niet-bruisend",
    "brand": "CHAUDFONTAINE",
    "seoBrand": "Chaudfontaine",
    "thumbNail": "https://ecgproductmw.colruytgroup.com/ecgproductmw/noPicForArticle_2.jpg",
    "fullImage": "https://ecgproductmw.colruytgroup.com/ecgproductmw/noPicForArticle_5.jpg",
    "squareImage": "https://ecgproductmw.colruytgroup.com/ecgproductmw/noPicForArticle_5.jpg",
    "content": "24x25cl",
    "walkRouteSequenceNumber": 4078,
    "price": {
      "basicPrice": 10.99,
      "recommendedQuantity": "1.0",
      "quantityPrice": 10.55,
      "quantityPriceQuantity": "3.0",
      "measurementUnitPrice": 1.84,
      "measurementUnitQuantityPrice": 1.76,
      "measurementUnit": "L",
      "isRedPrice": false,
      "pricePerUOM": 1.84,
      "activationDate": "02-06-2023",
      "isPromoActive": "N",
      "priceChangeCode": "E",
      "quantityPricePerUOM": 1.76,
      "quantityActivationDate": "02-06-2023",
      "quantityPriceChangeCode": "E"
    },
    "isAvailable": true,
    "isPriceAvailable": true,
    "inPromo": false,
    "gtin": [
      "00000042117506",
      "05449000127877"
    ],
    "topCategoryName": "Dranken",
    "topCategoryId": "354",
    "businessDomain": "RETAIL_BE",
    "IsPrivateLabel": false,
    "IsBiffe": false,
    "WeightconversionFactor": "0",
    "IsWeightArticle": false,
    "nutriscoreLabel": "A",
    "IsBio": false,
    "CountryOfOrigin": "BELGIË",
    "IsExclusivelySoldInLuxembourg": false,
    "OrderUnit": "P",
    "ShortName": "CHAU PLAT GLAS 24X25CL",
    "IsNew": false,
    "RecentQuanityOfStockUnits": "1",
    "LongName": "CHAUDFONTAINE Plat water glas 24x25cl",
    "AlcoholVolume": "0",
    "FicCode": "E",
    "DepositValue": [
      5
    ]
  },
  {
    "productId": "851991",
    "technicalArticleNumber": "4700168",
    "commercialArticleNumber": "31032",
    "name": "Vodka Raspberry Crush 25%",
    "description": "*Flavoured vodka\n*25% vol",
    "brand": "SMIRNOFF",
    "seoBrand": "Smirnoff",
    "thumbNail": "https://static.colruytgroup.com/images/200x200/std.lang.all/74/05/asset-3197405.jpg",
    "fullImage": "https://static.colruytgroup.com/images/500x500/std.lang.all/74/05/asset-3197405.jpg",
    "squareImage": "https://static.colruytgroup.com/images/500x500sq/std.lang.all/74/05/asset-3197405.jpg",
    "content": "70cl",
    "walkRouteSequenceNumber": 844,
    "price": {
      "basicPrice": 14.95,
      "recommendedQuantity": "1.0",
      "measurementUnitPrice": 21.36,
      "measurementUnit": "L",
      "isRedPrice": false,
      "pricePerUOM": 21.36,
      "activationDate": "17-02-2024",
      "recordSource": "Online",
      "isPromoActive": "N",
      "priceChangeCode": "E"
    },
    "isAvailable": true,
    "isPriceAvailable": true,
    "inPromo": false,
    "gtin": [
      "05410316967396",
      "05410316967402"
    ],
    "topCategoryName": "Dranken",
    "topCategoryId": "354",
    "businessDomain": "RETAIL_BE",
    "IsPrivateLabel": false,
    "IsBiffe": false,
    "WeightconversionFactor": "0",
    "IsWeightArticle": false,
    "IsBio": false,
    "CountryOfOrigin": "VERENIGD KONINKRIJK",
    "IsExclusivelySoldInLuxembourg": false,
    "OrderUnit": "P",
    "ShortName": "SMIR RASPBERRY CRUSH70C",
    "IsNew": false,
    "EcoscoreLabel": "D",
    "RecentQuanityOfStockUnits": "1",
    "LongName": "SMIRNOFF Vodka Raspberry Crush 25% 70cl",
    "AlcoholVolume": "25",
    "FicCode": "E",
    "EcoscoreValue": "38"
  },
  {
    "productId": "382",
    "technicalArticleNumber": "5275",
    "commercialArticleNumber": "5275",
    "name": "8,7%",
    "description": "*Speciaalbier\n*8,7 % vol\n*Nagisting op fles",
    "brand": "BRUGGE",
    "seoBrand": "Brugge Tripel",
    "thumbNail": "https://static.colruytgroup.com/images/200x200/std.lang.all/58/63/asset-1275863.jpg",
    "fullImage": "https://static.colruytgroup.com/images/500x500/std.lang.all/58/63/asset-1275863.jpg",
    "squareImage": "https://static.colruytgroup.com/images/500x500sq/std.lang.all/58/63/asset-1275863.jpg",
    "content": "6x33cl",
    "walkRouteSequenceNumber": 3684,
    "price": {
      "basicPrice": 6.6,
      "recommendedQuantity": "1.0",
      "measurementUnitPrice": 3.34,
      "measurementUnit": "L",
      "isRedPrice": false,
      "pricePerUOM": 3.34,
      "activationDate": "22-03-2024",
      "recordSource": "Folder",
      "isPromoActive": "N",
      "priceChangeCode": "L"
    },
    "isAvailable": true,
    "isPriceAvailable": true,
    "inPromo": false,
    "gtin": [
      "00000054112018",
      "05400141052756"
    ],
    "topCategoryName": "Dranken",
    "topCategoryId": "354",
    "businessDomain": "RETAIL_BE",
    "IsPrivateLabel": false,
    "IsBiffe": false,
    "WeightconversionFactor": "0",
    "IsWeightArticle": false,
    "IsBio": false,
    "CountryOfOrigin": "BELGIË",
    "IsExclusivelySoldInLuxembourg": false,
    "OrderUnit": "P",
    "ShortName": "BRUGGE TRIPEL 6X33CL",
    "IsNew": false,
    "EcoscoreLabel": "D",
    "RecentQuanityOfStockUnits": "1",
    "LongName": "BRUGGE 8,7% 6x33cl",
    "AlcoholVolume": "8.7",
    "FicCode": "E",
    "DepositValue": [
      0.6
    ],
    "EcoscoreValue": "37"
  },
  {
    "productId": "14310",
    "technicalArticleNumber": "1607839",
    "commercialArticleNumber": "19257",
    "name": "cactus jenever 20%",
    "description": "*Jenever\n*20,0 % vol\n*Smaak: cactus",
    "brand": "SMEETS",
    "seoBrand": "Smeets",
    "thumbNail": "https://static.colruytgroup.com/images/200x200/std.lang.all/53/52/asset-1335352.jpg",
    "fullImage": "https://static.colruytgroup.com/images/500x500/std.lang.all/53/52/asset-1335352.jpg",
    "squareImage": "https://static.colruytgroup.com/images/500x500sq/std.lang.all/53/52/asset-1335352.jpg",
    "content": "70cl",
    "walkRouteSequenceNumber": 907,
    "price": {
      "basicPrice": 14.7,
      "recommendedQuantity": "1.0",
      "quantityPrice": 14.11,
      "quantityPriceQuantity": "3.0",
      "measurementUnitPrice": 21,
      "measurementUnitQuantityPrice": 20.16,
      "measurementUnit": "L",
      "isRedPrice": false,
      "pricePerUOM": 21,
      "activationDate": "12-03-2024",
      "recordSource": "Online",
      "isPromoActive": "N",
      "priceChangeCode": "H",
      "quantityPricePerUOM": 20.16,
      "quantityActivationDate": "12-03-2024",
      "quantityPriceChangeCode": "H"
    },
    "isAvailable": true,
    "isPriceAvailable": true,
    "inPromo": false,
    "gtin": [
      "15410293803134",
      "15410293803318",
      "15410746003135",
      "05410293803137"
    ],
    "topCategoryName": "Dranken",
    "topCategoryId": "354",
    "businessDomain": "RETAIL_BE",
    "IsPrivateLabel": false,
    "IsBiffe": false,
    "WeightconversionFactor": "0",
    "IsWeightArticle": false,
    "IsBio": false,
    "CountryOfOrigin": "BELGIË",
    "IsExclusivelySoldInLuxembourg": false,
    "OrderUnit": "P",
    "ShortName": "SMEETS CACTUS JENEVER70",
    "IsNew": false,
    "EcoscoreLabel": "D",
    "RecentQuanityOfStockUnits": "1,6",
    "LongName": "SMEETS cactus jenever 20% 70cl",
    "AlcoholVolume": "20",
    "FicCode": "E",
    "EcoscoreValue": "38"
  },
  {
    "productId": "688371",
    "technicalArticleNumber": "4413274",
    "commercialArticleNumber": "5337",
    "name": "magma 9%",
    "description": "*9% vol",
    "brand": "TROUBADOUR",
    "seoBrand": "Troubadour",
    "thumbNail": "https://static.colruytgroup.com/images/200x200/std.lang.all/94/63/asset-2449463.jpg",
    "fullImage": "https://static.colruytgroup.com/images/500x500/std.lang.all/94/63/asset-2449463.jpg",
    "squareImage": "https://static.colruytgroup.com/images/500x500sq/std.lang.all/94/63/asset-2449463.jpg",
    "content": "4x33cl",
    "walkRouteSequenceNumber": 3718,
    "price": {
      "basicPrice": 7.99,
      "recommendedQuantity": "1.0",
      "measurementUnitPrice": 6.06,
      "measurementUnit": "L",
      "isRedPrice": false,
      "pricePerUOM": 6.06,
      "activationDate": "13-01-2024",
      "recordSource": "Online",
      "isPromoActive": "N",
      "priceChangeCode": "E"
    },
    "isAvailable": true,
    "isPriceAvailable": true,
    "inPromo": false,
    "gtin": [
      "05400141933086",
      "05425006700139",
      "05425006700283"
    ],
    "topCategoryName": "Dranken",
    "topCategoryId": "354",
    "businessDomain": "RETAIL_BE",
    "IsPrivateLabel": false,
    "IsBiffe": false,
    "WeightconversionFactor": "0",
    "IsWeightArticle": false,
    "IsBio": false,
    "CountryOfOrigin": "BELGIË",
    "IsExclusivelySoldInLuxembourg": false,
    "OrderUnit": "P",
    "ShortName": "TROU MAGMA 9% 4X33CL",
    "IsNew": false,
    "EcoscoreLabel": "B",
    "RecentQuanityOfStockUnits": "1",
    "LongName": "TROUBADOUR magma 9% 4x33cl",
    "AlcoholVolume": "9.8",
    "FicCode": "E",
    "DepositValue": [
      0.4
    ],
    "EcoscoreValue": "71"
  },
  {
    "productId": "1024135",
    "technicalArticleNumber": "4791183",
    "commercialArticleNumber": "33460",
    "name": "Sambuca 38%",
    "description": "*Sambuca\n*Digestief\n*38,0 % vol",
    "brand": "GAGLIANO",
    "seoBrand": "Gagliano",
    "thumbNail": "https://static.colruytgroup.com/images/200x200/std.lang.all/48/68/asset-3424868.jpg",
    "fullImage": "https://static.colruytgroup.com/images/500x500/std.lang.all/48/68/asset-3424868.jpg",
    "squareImage": "https://static.colruytgroup.com/images/500x500sq/std.lang.all/48/68/asset-3424868.jpg",
    "content": "70cl",
    "walkRouteSequenceNumber": 914,
    "price": {
      "basicPrice": 18.59,
      "recommendedQuantity": "1.0",
      "quantityPrice": 17.85,
      "quantityPriceQuantity": "6.0",
      "measurementUnitPrice": 26.56,
      "measurementUnitQuantityPrice": 25.5,
      "measurementUnit": "L",
      "isRedPrice": false,
      "pricePerUOM": 26.56,
      "activationDate": "06-03-2024",
      "isPromoActive": "N",
      "priceChangeCode": "E",
      "quantityPricePerUOM": 25.5,
      "quantityActivationDate": "06-03-2024",
      "quantityPriceChangeCode": "E"
    },
    "isAvailable": true,
    "isPriceAvailable": true,
    "inPromo": false,
    "gtin": [
      "08001305333321",
      "08001305333314"
    ],
    "topCategoryName": "Dranken",
    "topCategoryId": "354",
    "businessDomain": "RETAIL_BE",
    "IsPrivateLabel": false,
    "IsBiffe": false,
    "WeightconversionFactor": "0",
    "IsWeightArticle": false,
    "IsBio": false,
    "CountryOfOrigin": "ITALIË",
    "IsExclusivelySoldInLuxembourg": false,
    "OrderUnit": "P",
    "ShortName": "GAGL SAMBUCA 38% 70CL",
    "IsNew": true,
    "RecentQuanityOfStockUnits": "1",
    "LongName": "GAGLIANO Sambuca 38% 70cl",
    "AlcoholVolume": "38",
    "FicCode": "E"
  },
  {
    "productId": "589009",
    "technicalArticleNumber": "4246479",
    "commercialArticleNumber": "20520",
    "name": "Cognac VS 40%vol",
    "description": "*40% vol\n*Cognac\n*Digestief",
    "brand": "BISQUIT DUBOUCHÉ",
    "seoBrand": "Bisquit Dubouché",
    "thumbNail": "https://static.colruytgroup.com/images/200x200/std.lang.all/37/59/asset-2043759.jpg",
    "fullImage": "https://static.colruytgroup.com/images/500x500/std.lang.all/37/59/asset-2043759.jpg",
    "squareImage": "https://static.colruytgroup.com/images/500x500sq/std.lang.all/37/59/asset-2043759.jpg",
    "content": "70cl",
    "walkRouteSequenceNumber": 993,
    "price": {
      "basicPrice": 37.99,
      "recommendedQuantity": "1.0",
      "measurementUnitPrice": 54.28,
      "measurementUnit": "L",
      "isRedPrice": false,
      "pricePerUOM": 54.28,
      "activationDate": "02-03-2024",
      "recordSource": "Online",
      "isPromoActive": "N",
      "priceChangeCode": "L"
    },
    "isAvailable": true,
    "isPriceAvailable": true,
    "inPromo": false,
    "gtin": [
      "13700637900660",
      "03700637900663"
    ],
    "topCategoryName": "Dranken",
    "topCategoryId": "354",
    "businessDomain": "RETAIL_BE",
    "IsPrivateLabel": false,
    "IsBiffe": false,
    "WeightconversionFactor": "0",
    "IsWeightArticle": false,
    "IsBio": false,
    "CountryOfOrigin": "FRANKRIJK",
    "IsExclusivelySoldInLuxembourg": false,
    "OrderUnit": "P",
    "ShortName": "BIDU COGNAC VS 40% 70CL",
    "IsNew": false,
    "EcoscoreLabel": "B",
    "RecentQuanityOfStockUnits": "1,6",
    "LongName": "BISQUIT DUBOUCHÉ Cognac VS 40%vol 70cl",
    "AlcoholVolume": "40",
    "FicCode": "E",
    "EcoscoreValue": "72"
  },
  {
    "productId": "698516",
    "technicalArticleNumber": "4429684",
    "commercialArticleNumber": "5210",
    "name": "Orange glas",
    "description": "*Bruisende limonade\n*Smaak: sinaasappel",
    "brand": "FANTA",
    "seoBrand": "Fanta",
    "thumbNail": "https://static.colruytgroup.com/images/200x200/std.lang.all/52/20/asset-2675220.jpg",
    "fullImage": "https://static.colruytgroup.com/images/500x500/std.lang.all/52/20/asset-2675220.jpg",
    "squareImage": "https://static.colruytgroup.com/images/500x500sq/std.lang.all/52/20/asset-2675220.jpg",
    "content": "24x20cl",
    "walkRouteSequenceNumber": 4338,
    "price": {
      "basicPrice": 16.99,
      "recommendedQuantity": "1.0",
      "measurementUnitPrice": 3.54,
      "measurementUnit": "L",
      "isRedPrice": false,
      "pricePerUOM": 3.54,
      "activationDate": "02-08-2023",
      "recordSource": "Online",
      "isPromoActive": "N",
      "priceChangeCode": "E"
    },
    "isAvailable": true,
    "isPriceAvailable": true,
    "inPromo": false,
    "gtin": [
      "05449000011893",
      "00000090495090"
    ],
    "topCategoryName": "Dranken",
    "topCategoryId": "354",
    "businessDomain": "RETAIL_BE",
    "IsPrivateLabel": false,
    "IsBiffe": false,
    "WeightconversionFactor": "0",
    "IsWeightArticle": false,
    "IsBio": false,
    "CountryOfOrigin": "BELGIË",
    "IsExclusivelySoldInLuxembourg": false,
    "OrderUnit": "P",
    "ShortName": "FANT ORANGE GLAS24X20CL",
    "IsNew": false,
    "RecentQuanityOfStockUnits": "1",
    "LongName": "FANTA Orange glas 24x20cl",
    "FicCode": "E",
    "DepositValue": [
      5
    ]
  },
  {
    "productId": "523490",
    "technicalArticleNumber": "4108994",
    "commercialArticleNumber": "8683",
    "name": "rosé 17%",
    "description": "*17% vol",
    "brand": "LILLET",
    "seoBrand": "Lillet",
    "thumbNail": "https://static.colruytgroup.com/images/200x200/std.lang.all/93/32/asset-3169332.jpg",
    "fullImage": "https://static.colruytgroup.com/images/500x500/std.lang.all/93/32/asset-3169332.jpg",
    "squareImage": "https://static.colruytgroup.com/images/500x500sq/std.lang.all/93/32/asset-3169332.jpg",
    "content": "75cl",
    "walkRouteSequenceNumber": 867,
    "price": {
      "basicPrice": 14.99,
      "recommendedQuantity": "1.0",
      "measurementUnitPrice": 19.99,
      "measurementUnit": "L",
      "isRedPrice": false,
      "pricePerUOM": 19.99,
      "activationDate": "16-03-2024",
      "recordSource": "Offline",
      "isPromoActive": "N",
      "priceChangeCode": "L"
    },
    "isAvailable": true,
    "isPriceAvailable": true,
    "inPromo": false,
    "gtin": [
      "13057230000267",
      "03057230000277"
    ],
    "topCategoryName": "Dranken",
    "topCategoryId": "354",
    "businessDomain": "RETAIL_BE",
    "IsPrivateLabel": false,
    "IsBiffe": false,
    "WeightconversionFactor": "0",
    "IsWeightArticle": false,
    "IsBio": false,
    "CountryOfOrigin": "FRANKRIJK",
    "IsExclusivelySoldInLuxembourg": false,
    "OrderUnit": "P",
    "ShortName": "LILL ROSE 17% 75CL",
    "IsNew": false,
    "EcoscoreLabel": "B",
    "RecentQuanityOfStockUnits": "1",
    "LongName": "LILLET rosé 17% 75cl",
    "AlcoholVolume": "17",
    "FicCode": "E",
    "EcoscoreValue": "62"
  },
  {
    "productId": "1334",
    "technicalArticleNumber": "18414",
    "commercialArticleNumber": "18414",
    "name": "likeur 38%",
    "description": "*Likeur\n*38,0 % vol",
    "brand": "MANDARINE NAPOLÉON",
    "seoBrand": "Mandarine Napoléon",
    "thumbNail": "https://static.colruytgroup.com/images/200x200/std.lang.all/39/84/asset-343984.jpg",
    "fullImage": "https://static.colruytgroup.com/images/500x500/std.lang.all/39/84/asset-343984.jpg",
    "squareImage": "https://static.colruytgroup.com/images/500x500sq/std.lang.all/39/84/asset-343984.jpg",
    "content": "70cl",
    "walkRouteSequenceNumber": 944,
    "price": {
      "basicPrice": 28.5,
      "recommendedQuantity": "1.0",
      "measurementUnitPrice": 40.72,
      "measurementUnit": "L",
      "isRedPrice": false,
      "pricePerUOM": 40.72,
      "activationDate": "13-01-2024",
      "recordSource": "Online",
      "isPromoActive": "N",
      "priceChangeCode": "H"
    },
    "isAvailable": true,
    "isPriceAvailable": true,
    "inPromo": false,
    "gtin": [
      "08710625300035",
      "08710625300431",
      "08710625700026",
      "08710625700392",
      "05425030390900"
    ],
    "topCategoryName": "Dranken",
    "topCategoryId": "354",
    "businessDomain": "RETAIL_BE",
    "IsPrivateLabel": false,
    "IsBiffe": false,
    "WeightconversionFactor": "0",
    "IsWeightArticle": false,
    "IsBio": false,
    "CountryOfOrigin": "BELGIË",
    "IsExclusivelySoldInLuxembourg": false,
    "OrderUnit": "P",
    "ShortName": "MANDARINE NAP 38% 70CL",
    "IsNew": false,
    "EcoscoreLabel": "E",
    "RecentQuanityOfStockUnits": "1",
    "LongName": "MANDARINE NAPOLÉON likeur 38% 70cl",
    "AlcoholVolume": "38",
    "FicCode": "E",
    "EcoscoreValue": "18"
  },
  {
    "productId": "892843",
    "technicalArticleNumber": "4754799",
    "commercialArticleNumber": "4153",
    "name": "Precious IPA 5,9 %",
    "brand": "JACK'S",
    "seoBrand": "Jack's",
    "thumbNail": "https://static.colruytgroup.com/images/200x200/std.lang.all/71/98/asset-3377198.jpg",
    "fullImage": "https://static.colruytgroup.com/images/500x500/std.lang.all/71/98/asset-3377198.jpg",
    "squareImage": "https://static.colruytgroup.com/images/500x500sq/std.lang.all/71/98/asset-3377198.jpg",
    "content": "4x33cl",
    "walkRouteSequenceNumber": 1548,
    "price": {
      "basicPrice": 6.99,
      "recommendedQuantity": "1.0",
      "measurementUnitPrice": 5.3,
      "measurementUnit": "L",
      "isRedPrice": false,
      "pricePerUOM": 5.3,
      "activationDate": "14-02-2024",
      "isPromoActive": "N",
      "priceChangeCode": "E"
    },
    "isAvailable": true,
    "isPriceAvailable": true,
    "inPromo": false,
    "gtin": [
      "05425006701426",
      "05400141610505"
    ],
    "topCategoryName": "Dranken",
    "topCategoryId": "354",
    "businessDomain": "RETAIL_BE",
    "IsPrivateLabel": false,
    "IsBiffe": false,
    "WeightconversionFactor": "0",
    "IsWeightArticle": false,
    "IsBio": false,
    "CountryOfOrigin": "BELGIË",
    "IsExclusivelySoldInLuxembourg": false,
    "OrderUnit": "P",
    "ShortName": "JACK PRECIOUS IPA4X33CL",
    "IsNew": false,
    "RecentQuanityOfStockUnits": "1",
    "LongName": "JACK'S Precious IPA 5,9 % 4x33cl",
    "AlcoholVolume": "5.9",
    "FicCode": "E",
    "DepositValue": [
      0.4
    ]
  },
  {
    "productId": "606279",
    "technicalArticleNumber": "4276633",
    "commercialArticleNumber": "23126",
    "name": "Pink 19%",
    "description": "*Porto rosé\n*Aperitief\n*19 % vol",
    "brand": "PORTO CRUZ",
    "seoBrand": "Porto Cruz",
    "thumbNail": "https://static.colruytgroup.com/images/200x200/std.lang.all/65/92/asset-3256592.jpg",
    "fullImage": "https://static.colruytgroup.com/images/500x500/std.lang.all/65/92/asset-3256592.jpg",
    "squareImage": "https://static.colruytgroup.com/images/500x500sq/std.lang.all/65/92/asset-3256592.jpg",
    "content": "75cl",
    "walkRouteSequenceNumber": 709,
    "price": {
      "basicPrice": 11.69,
      "recommendedQuantity": "1.0",
      "quantityPrice": 9.35,
      "quantityPriceQuantity": "2.0",
      "measurementUnitPrice": 15.59,
      "measurementUnitQuantityPrice": 12.47,
      "measurementUnit": "L",
      "isRedPrice": false,
      "pricePerUOM": 15.59,
      "activationDate": "23-03-2024",
      "recordSource": "Offline",
      "isPromoActive": "N",
      "priceChangeCode": "E",
      "quantityPricePerUOM": 12.47,
      "quantityActivationDate": "23-03-2024",
      "quantityPriceChangeCode": "E"
    },
    "isAvailable": true,
    "isPriceAvailable": true,
    "inPromo": false,
    "gtin": [
      "03147691281664",
      "03147699106525",
      "03147691240579"
    ],
    "topCategoryName": "Dranken",
    "topCategoryId": "354",
    "businessDomain": "RETAIL_BE",
    "IsPrivateLabel": false,
    "IsBiffe": false,
    "WeightconversionFactor": "0",
    "IsWeightArticle": false,
    "IsBio": false,
    "CountryOfOrigin": "PORTUGAL",
    "IsExclusivelySoldInLuxembourg": false,
    "OrderUnit": "P",
    "ShortName": "CRUZ PINK 19% 75CL",
    "IsNew": false,
    "EcoscoreLabel": "D",
    "RecentQuanityOfStockUnits": "1,6",
    "LongName": "PORTO CRUZ Pink 19% 75cl",
    "AlcoholVolume": "19",
    "FicCode": "E",
    "EcoscoreValue": "27"
  },
  {
    "productId": "522400",
    "technicalArticleNumber": "4107688",
    "commercialArticleNumber": "8632",
    "name": "Jungle Joy",
    "description": "*Fruitbier\n*Mango&passievrucht\n*Blond\n*5,9 % vol\n*Hoge gisting",
    "brand": "BRUSSELS BP",
    "seoBrand": "Brussels Beer Project",
    "thumbNail": "https://static.colruytgroup.com/images/200x200/std.lang.all/80/54/asset-1838054.jpg",
    "fullImage": "https://static.colruytgroup.com/images/500x500/std.lang.all/80/54/asset-1838054.jpg",
    "squareImage": "https://static.colruytgroup.com/images/500x500sq/std.lang.all/80/54/asset-1838054.jpg",
    "content": "4x33cl",
    "walkRouteSequenceNumber": 3777,
    "price": {
      "basicPrice": 9.15,
      "recommendedQuantity": "1.0",
      "measurementUnitPrice": 6.94,
      "measurementUnit": "L",
      "isRedPrice": false,
      "pricePerUOM": 6.94,
      "activationDate": "02-01-2024",
      "recordSource": "Offline",
      "isPromoActive": "N",
      "priceChangeCode": "E"
    },
    "isAvailable": true,
    "isPriceAvailable": true,
    "inPromo": false,
    "gtin": [
      "05400141289510",
      "05411283000246",
      "05411283002240",
      "05430000829076"
    ],
    "topCategoryName": "Dranken",
    "topCategoryId": "354",
    "businessDomain": "RETAIL_BE",
    "IsPrivateLabel": false,
    "IsBiffe": false,
    "WeightconversionFactor": "0",
    "IsWeightArticle": false,
    "IsBio": false,
    "CountryOfOrigin": "BELGIË",
    "IsExclusivelySoldInLuxembourg": false,
    "OrderUnit": "P",
    "ShortName": "BBPR JUNGLE JOY 4X33CL",
    "IsNew": false,
    "EcoscoreLabel": "C",
    "RecentQuanityOfStockUnits": "1",
    "LongName": "BRUSSELS BP Jungle Joy 4x33cl",
    "AlcoholVolume": "5.9",
    "FicCode": "E",
    "DepositValue": [
      0.4
    ],
    "EcoscoreValue": "50"
  },
  {
    "productId": "14499",
    "technicalArticleNumber": "1590787",
    "commercialArticleNumber": "5028",
    "name": "abdijbier dubbel 6,3%",
    "description": "*Abdijbier\n*6,3 % vol",
    "brand": "FLOREFFE",
    "seoBrand": "Floreffe",
    "thumbNail": "https://static.colruytgroup.com/images/200x200/std.lang.all/26/88/asset-1932688.jpg",
    "fullImage": "https://static.colruytgroup.com/images/500x500/std.lang.all/26/88/asset-1932688.jpg",
    "squareImage": "https://static.colruytgroup.com/images/500x500sq/std.lang.all/26/88/asset-1932688.jpg",
    "content": "6x33cl",
    "walkRouteSequenceNumber": 3609,
    "price": {
      "basicPrice": 6.3,
      "recommendedQuantity": "1.0",
      "quantityPrice": 6.05,
      "quantityPriceQuantity": "3.0",
      "measurementUnitPrice": 3.19,
      "measurementUnitQuantityPrice": 3.06,
      "measurementUnit": "L",
      "isRedPrice": false,
      "pricePerUOM": 3.19,
      "activationDate": "13-01-2024",
      "recordSource": "Online",
      "isPromoActive": "N",
      "priceChangeCode": "H",
      "quantityPricePerUOM": 3.06,
      "quantityActivationDate": "13-01-2024",
      "quantityPriceChangeCode": "H"
    },
    "isAvailable": true,
    "isPriceAvailable": true,
    "inPromo": false,
    "gtin": [
      "00000025050288",
      "05400141050288",
      "05411276100540",
      "05400141111460"
    ],
    "topCategoryName": "Dranken",
    "topCategoryId": "354",
    "businessDomain": "RETAIL_BE",
    "IsPrivateLabel": false,
    "IsBiffe": false,
    "WeightconversionFactor": "0",
    "IsWeightArticle": false,
    "IsBio": false,
    "CountryOfOrigin": "BELGIË",
    "IsExclusivelySoldInLuxembourg": false,
    "OrderUnit": "P",
    "ShortName": "FLOR DUBBEL 6X33CL",
    "IsNew": false,
    "EcoscoreLabel": "D",
    "RecentQuanityOfStockUnits": "1",
    "LongName": "FLOREFFE abdijbier dubbel 6,3% 6x33cl",
    "AlcoholVolume": "6.3",
    "FicCode": "I",
    "DepositValue": [
      2.4
    ],
    "EcoscoreValue": "37"
  },
  {
    "productId": "148937",
    "technicalArticleNumber": "3327390",
    "commercialArticleNumber": "7661",
    "name": "Tawny Port 10Y 20,0%vol",
    "description": "*Porto Old Tawny\n*10 jaar gerijpt\n*Aperitief\n*20,0 % vol",
    "brand": "COCKBURN'S",
    "seoBrand": "Cockburn's",
    "thumbNail": "https://static.colruytgroup.com/images/200x200/std.lang.all/14/12/asset-2791412.jpg",
    "fullImage": "https://static.colruytgroup.com/images/500x500/std.lang.all/14/12/asset-2791412.jpg",
    "squareImage": "https://static.colruytgroup.com/images/500x500sq/std.lang.all/14/12/asset-2791412.jpg",
    "content": "75cl",
    "walkRouteSequenceNumber": 719,
    "price": {
      "basicPrice": 15.57,
      "recommendedQuantity": "1.0",
      "measurementUnitPrice": 20.76,
      "measurementUnit": "L",
      "isRedPrice": false,
      "pricePerUOM": 20.76,
      "activationDate": "29-11-2023",
      "isPromoActive": "N",
      "priceChangeCode": "H"
    },
    "isAvailable": true,
    "isPriceAvailable": true,
    "inPromo": false,
    "gtin": [
      "05010867801967",
      "05010867801073",
      "05010867801066"
    ],
    "topCategoryName": "Dranken",
    "topCategoryId": "354",
    "businessDomain": "RETAIL_BE",
    "IsPrivateLabel": false,
    "IsBiffe": false,
    "WeightconversionFactor": "0",
    "IsWeightArticle": false,
    "IsBio": false,
    "CountryOfOrigin": "PORTUGAL",
    "IsExclusivelySoldInLuxembourg": false,
    "OrderUnit": "P",
    "ShortName": "/COCKBURN S 10Y 75CL",
    "IsNew": false,
    "EcoscoreLabel": "C",
    "RecentQuanityOfStockUnits": "1,6",
    "LongName": "COCKBURN'S Tawny Port 10Y 20,0%vol 75cl",
    "AlcoholVolume": "20",
    "FicCode": "E",
    "EcoscoreValue": "54"
  },
  {
    "productId": "320290",
    "technicalArticleNumber": "3773372",
    "commercialArticleNumber": "13317",
    "name": "Dark rum 40 % vol",
    "description": "*Donkere rum\n*Traditionele rum\n*Jamaïca\n*7 jaar gerijpt",
    "brand": "CAPTAIN MORGAN",
    "seoBrand": "Captain Morgan",
    "thumbNail": "https://static.colruytgroup.com/images/200x200/std.lang.all/98/34/asset-1919834.jpg",
    "fullImage": "https://static.colruytgroup.com/images/500x500/std.lang.all/98/34/asset-1919834.jpg",
    "squareImage": "https://static.colruytgroup.com/images/500x500sq/std.lang.all/98/34/asset-1919834.jpg",
    "content": "70cl",
    "walkRouteSequenceNumber": 817,
    "price": {
      "basicPrice": 19.49,
      "recommendedQuantity": "1.0",
      "measurementUnitPrice": 27.85,
      "measurementUnit": "L",
      "isRedPrice": false,
      "pricePerUOM": 27.85,
      "activationDate": "20-03-2024",
      "recordSource": "Folder",
      "isPromoActive": "N",
      "priceChangeCode": "L"
    },
    "isAvailable": true,
    "isPriceAvailable": true,
    "inPromo": false,
    "gtin": [
      "05000281017280",
      "05000281022482"
    ],
    "topCategoryName": "Dranken",
    "topCategoryId": "354",
    "businessDomain": "RETAIL_BE",
    "IsPrivateLabel": false,
    "IsBiffe": false,
    "WeightconversionFactor": "0",
    "IsWeightArticle": false,
    "IsBio": false,
    "CountryOfOrigin": "VERENIGD KONINKRIJK",
    "IsExclusivelySoldInLuxembourg": false,
    "OrderUnit": "P",
    "ShortName": "CAMO DARK RUM 40% 70CL",
    "IsNew": false,
    "EcoscoreLabel": "C",
    "RecentQuanityOfStockUnits": "1",
    "LongName": "CAPTAIN MORGAN Dark rum 40 % vol 70cl",
    "AlcoholVolume": "40",
    "FicCode": "E",
    "EcoscoreValue": "51"
  },
  {
    "productId": "383",
    "technicalArticleNumber": "5276",
    "commercialArticleNumber": "5276",
    "name": "bier blond 7,5%vol",
    "description": "*Speciaalbier\n*7,5 % vol\n*Nagisting op fles",
    "brand": "HOMMELBIER",
    "seoBrand": "Hommelbier",
    "thumbNail": "https://static.colruytgroup.com/images/200x200/std.lang.all/20/58/asset-2172058.jpg",
    "fullImage": "https://static.colruytgroup.com/images/500x500/std.lang.all/20/58/asset-2172058.jpg",
    "squareImage": "https://static.colruytgroup.com/images/500x500sq/std.lang.all/20/58/asset-2172058.jpg",
    "content": "8x25cl",
    "walkRouteSequenceNumber": 3728,
    "price": {
      "basicPrice": 9.68,
      "recommendedQuantity": "1.0",
      "quantityPrice": 9.29,
      "quantityPriceQuantity": "3.0",
      "measurementUnitPrice": 4.84,
      "measurementUnitQuantityPrice": 4.65,
      "measurementUnit": "L",
      "isRedPrice": false,
      "pricePerUOM": 4.84,
      "activationDate": "14-11-2023",
      "recordSource": "Online",
      "isPromoActive": "N",
      "priceChangeCode": "E",
      "quantityPricePerUOM": 4.65,
      "quantityActivationDate": "14-11-2023",
      "quantityPriceChangeCode": "E"
    },
    "isAvailable": true,
    "isPriceAvailable": true,
    "inPromo": false,
    "gtin": [
      "05400141052763",
      "05412896000012"
    ],
    "topCategoryName": "Dranken",
    "topCategoryId": "354",
    "businessDomain": "RETAIL_BE",
    "IsPrivateLabel": false,
    "IsBiffe": false,
    "WeightconversionFactor": "0",
    "IsWeightArticle": false,
    "IsBio": false,
    "CountryOfOrigin": "BELGIË",
    "IsExclusivelySoldInLuxembourg": false,
    "OrderUnit": "P",
    "ShortName": "RE HOMMELBIER 8X25 CL",
    "IsNew": false,
    "EcoscoreLabel": "D",
    "RecentQuanityOfStockUnits": "1",
    "LongName": "HOMMELBIER bier blond 7,5%vol 8x25cl",
    "AlcoholVolume": "7.5",
    "FicCode": "E",
    "DepositValue": [
      0.8
    ],
    "EcoscoreValue": "37"
  },
  {
    "productId": "67542",
    "technicalArticleNumber": "2781378",
    "commercialArticleNumber": "19462",
    "name": "bier blond 6,9%vol",
    "description": "*Speciaalbier\n*6,9 % vol\n*Nagisting op fles",
    "brand": "GENTSE STROP",
    "seoBrand": "Gentse Strop",
    "thumbNail": "https://static.colruytgroup.com/images/200x200/std.lang.all/50/84/asset-2685084.jpg",
    "fullImage": "https://static.colruytgroup.com/images/500x500/std.lang.all/50/84/asset-2685084.jpg",
    "squareImage": "https://static.colruytgroup.com/images/500x500sq/std.lang.all/50/84/asset-2685084.jpg",
    "content": "6x33cl",
    "walkRouteSequenceNumber": 3704,
    "price": {
      "basicPrice": 8.34,
      "recommendedQuantity": "1.0",
      "quantityPrice": 8.01,
      "quantityPriceQuantity": "3.0",
      "measurementUnitPrice": 4.22,
      "measurementUnitQuantityPrice": 4.05,
      "measurementUnit": "L",
      "isRedPrice": false,
      "pricePerUOM": 4.22,
      "activationDate": "13-03-2024",
      "isPromoActive": "Y",
      "priceChangeCode": "E",
      "quantityPricePerUOM": 4.05,
      "quantityActivationDate": "13-03-2024",
      "quantityPriceChangeCode": "E"
    },
    "isAvailable": true,
    "isPriceAvailable": true,
    "inPromo": true,
    "promotion": [
      {
        "techPromoId": "100930COLR",
        "promotionId": "100930",
        "promotionType": "0",
        "isPersonalized": "N",
        "publicationStartDate": "13-03-2024",
        "publicationEndDate": "26-03-2024"
      }
    ],
    "gtin": [
      "05400141015676",
      "05412583204709"
    ],
    "topCategoryName": "Dranken",
    "topCategoryId": "354",
    "businessDomain": "RETAIL_BE",
    "IsPrivateLabel": false,
    "IsBiffe": false,
    "WeightconversionFactor": "0",
    "IsWeightArticle": false,
    "IsBio": false,
    "CountryOfOrigin": "BELGIË",
    "IsExclusivelySoldInLuxembourg": false,
    "OrderUnit": "P",
    "ShortName": "GENTSE STROP 6X33CL",
    "IsNew": false,
    "EcoscoreLabel": "B",
    "RecentQuanityOfStockUnits": "1",
    "LongName": "GENTSE STROP bier blond 6,9%vol 6x33cl",
    "AlcoholVolume": "6.9",
    "FicCode": "E",
    "DepositValue": [
      0.6
    ],
    "EcoscoreValue": "72"
  },
  {
    "productId": "775354",
    "technicalArticleNumber": "4565886",
    "commercialArticleNumber": "3952",
    "name": "Apple 35%",
    "description": "*Tennessee bl.whisk.\n*USA",
    "brand": "JACK DANIEL'S",
    "seoBrand": "Jack Daniel's",
    "thumbNail": "https://static.colruytgroup.com/images/200x200/std.lang.all/52/49/asset-2755249.jpg",
    "fullImage": "https://static.colruytgroup.com/images/500x500/std.lang.all/52/49/asset-2755249.jpg",
    "squareImage": "https://static.colruytgroup.com/images/500x500sq/std.lang.all/52/49/asset-2755249.jpg",
    "content": "70cl",
    "walkRouteSequenceNumber": 983,
    "price": {
      "basicPrice": 29.99,
      "recommendedQuantity": "1.0",
      "measurementUnitPrice": 42.85,
      "measurementUnit": "L",
      "isRedPrice": false,
      "pricePerUOM": 42.85,
      "activationDate": "07-03-2024",
      "recordSource": "Offline",
      "isPromoActive": "N",
      "priceChangeCode": "H"
    },
    "isAvailable": true,
    "isPriceAvailable": true,
    "inPromo": false,
    "gtin": [
      "05099873224885",
      "05099873124888",
      "05099873226964",
      "05099873126967",
      "05099873017623",
      "05099873117620"
    ],
    "topCategoryName": "Dranken",
    "topCategoryId": "354",
    "businessDomain": "RETAIL_BE",
    "IsPrivateLabel": false,
    "IsBiffe": false,
    "WeightconversionFactor": "0",
    "IsWeightArticle": false,
    "IsBio": false,
    "CountryOfOrigin": "VERENIGDE STATEN VAN AMERIKA",
    "IsExclusivelySoldInLuxembourg": false,
    "OrderUnit": "P",
    "ShortName": "JADA APPLE 35% 70CL",
    "InSeason": true,
    "IsNew": false,
    "EcoscoreLabel": "D",
    "RecentQuanityOfStockUnits": "1,6,1",
    "LongName": "JACK DANIEL'S Apple 35% 70cl",
    "AlcoholVolume": "35",
    "StartSeasonDate": "09/12/2022",
    "FicCode": "E",
    "EcoscoreValue": "38"
  },
  {
    "productId": "166424",
    "technicalArticleNumber": "3419069",
    "commercialArticleNumber": "40595",
    "name": "LBV Port 20%",
    "description": "*Porto rood\n*Late Bottled\nVintage\n*Aperitief\n*20,0 % vol",
    "brand": "COCKBURN'S",
    "seoBrand": "Cockburn's",
    "thumbNail": "https://static.colruytgroup.com/images/200x200/std.lang.all/34/47/asset-2523447.jpg",
    "fullImage": "https://static.colruytgroup.com/images/500x500/std.lang.all/34/47/asset-2523447.jpg",
    "squareImage": "https://static.colruytgroup.com/images/500x500sq/std.lang.all/34/47/asset-2523447.jpg",
    "content": "75cl",
    "walkRouteSequenceNumber": 720,
    "price": {
      "basicPrice": 11.2,
      "recommendedQuantity": "1.0",
      "measurementUnitPrice": 14.94,
      "measurementUnit": "L",
      "isRedPrice": false,
      "pricePerUOM": 14.94,
      "activationDate": "13-12-2023",
      "isPromoActive": "N",
      "priceChangeCode": "H"
    },
    "isAvailable": true,
    "isPriceAvailable": true,
    "inPromo": false,
    "gtin": [
      "05608309003033",
      "05010867801103",
      "05608309003040",
      "05608309010253"
    ],
    "topCategoryName": "Dranken",
    "topCategoryId": "354",
    "businessDomain": "RETAIL_BE",
    "IsPrivateLabel": false,
    "IsBiffe": false,
    "WeightconversionFactor": "0",
    "IsWeightArticle": false,
    "IsBio": false,
    "CountryOfOrigin": "PORTUGAL",
    "IsExclusivelySoldInLuxembourg": false,
    "OrderUnit": "P",
    "ShortName": "COCKBURNS LATE BOT VINT",
    "InSeason": true,
    "IsNew": false,
    "EcoscoreLabel": "C",
    "RecentQuanityOfStockUnits": "1",
    "LongName": "COCKBURN'S LBV Port 20% 75cl",
    "AlcoholVolume": "20",
    "StartSeasonDate": "20/06/2016",
    "FicCode": "E",
    "EcoscoreValue": "54"
  },
  {
    "productId": "312507",
    "technicalArticleNumber": "3749217",
    "commercialArticleNumber": "11267",
    "name": "cactusjenever 20,0 % vol",
    "description": "*Jenever\n*20,0 % vol\n*Smaak:cactus",
    "brand": "FILLIERS",
    "seoBrand": "Filliers",
    "thumbNail": "https://static.colruytgroup.com/images/200x200/std.lang.all/83/27/asset-3188327.jpg",
    "fullImage": "https://static.colruytgroup.com/images/500x500/std.lang.all/83/27/asset-3188327.jpg",
    "squareImage": "https://static.colruytgroup.com/images/500x500sq/std.lang.all/83/27/asset-3188327.jpg",
    "content": "70cl",
    "walkRouteSequenceNumber": 924,
    "price": {
      "basicPrice": 13.55,
      "recommendedQuantity": "1.0",
      "measurementUnitPrice": 19.36,
      "measurementUnit": "L",
      "isRedPrice": false,
      "pricePerUOM": 19.36,
      "activationDate": "13-12-2023",
      "recordSource": "Offline",
      "isPromoActive": "N",
      "priceChangeCode": "E"
    },
    "isAvailable": true,
    "isPriceAvailable": true,
    "inPromo": false,
    "gtin": [
      "05415200002603",
      "05415200002597"
    ],
    "topCategoryName": "Dranken",
    "topCategoryId": "354",
    "businessDomain": "RETAIL_BE",
    "IsPrivateLabel": false,
    "IsBiffe": false,
    "WeightconversionFactor": "0",
    "IsWeightArticle": false,
    "IsBio": false,
    "CountryOfOrigin": "BELGIË",
    "IsExclusivelySoldInLuxembourg": false,
    "OrderUnit": "P",
    "ShortName": "RE FILL JEN.CACTUS 70CL",
    "InSeason": true,
    "IsNew": false,
    "EcoscoreLabel": "B",
    "RecentQuanityOfStockUnits": "1",
    "LongName": "FILLIERS cactusjenever 20,0 % vol 70cl",
    "AlcoholVolume": "20",
    "StartSeasonDate": "23/01/2018",
    "FicCode": "E",
    "EcoscoreValue": "73"
  },
  {
    "productId": "1289",
    "technicalArticleNumber": "19046",
    "commercialArticleNumber": "19046",
    "name": "Fino Sherry droog 15%",
    "description": "*Sherry\n*Aperitief\n*15 % vol",
    "brand": "TIO PEPE",
    "seoBrand": "Tio Pepe",
    "thumbNail": "https://static.colruytgroup.com/images/200x200/std.lang.all/06/91/asset-1500691.jpg",
    "fullImage": "https://static.colruytgroup.com/images/500x500/std.lang.all/06/91/asset-1500691.jpg",
    "squareImage": "https://static.colruytgroup.com/images/500x500sq/std.lang.all/06/91/asset-1500691.jpg",
    "content": "75cl",
    "walkRouteSequenceNumber": 706,
    "price": {
      "basicPrice": 14.49,
      "recommendedQuantity": "1.0",
      "quantityPrice": 13.91,
      "quantityPriceQuantity": "6.0",
      "measurementUnitPrice": 19.32,
      "measurementUnitQuantityPrice": 18.55,
      "measurementUnit": "L",
      "isRedPrice": false,
      "pricePerUOM": 19.32,
      "activationDate": "14-02-2024",
      "recordSource": "Offline",
      "isPromoActive": "N",
      "priceChangeCode": "E",
      "quantityPricePerUOM": 18.55,
      "quantityActivationDate": "14-02-2024",
      "quantityPriceChangeCode": "E"
    },
    "isAvailable": true,
    "isPriceAvailable": true,
    "inPromo": false,
    "gtin": [
      "08410023000031",
      "08410023017831",
      "08410023810036",
      "08410023097499",
      "08410023097390"
    ],
    "topCategoryName": "Dranken",
    "topCategoryId": "354",
    "businessDomain": "RETAIL_BE",
    "IsPrivateLabel": false,
    "IsBiffe": false,
    "WeightconversionFactor": "0",
    "IsWeightArticle": false,
    "IsBio": false,
    "CountryOfOrigin": "SPANJE",
    "IsExclusivelySoldInLuxembourg": false,
    "OrderUnit": "P",
    "ShortName": "TIO PEPE SHERRY 75CL",
    "InSeason": true,
    "IsNew": false,
    "EcoscoreLabel": "D",
    "RecentQuanityOfStockUnits": "1",
    "LongName": "TIO PEPE Fino Sherry droog 15% 75cl",
    "AlcoholVolume": "15",
    "StartSeasonDate": "13/02/1998",
    "FicCode": "E",
    "EcoscoreValue": "27"
  },
  {
    "productId": "824798",
    "technicalArticleNumber": "4661371",
    "commercialArticleNumber": "451080",
    "name": "str.buik kam.venkel peperm.",
    "brand": "BIOVER",
    "seoBrand": "Biover",
    "thumbNail": "https://static.colruytgroup.com/images/200x200/std.lang.all/73/83/asset-757383.jpg",
    "fullImage": "https://static.colruytgroup.com/images/500x500/std.lang.all/73/83/asset-757383.jpg",
    "squareImage": "https://static.colruytgroup.com/images/500x500sq/std.lang.all/73/83/asset-757383.jpg",
    "content": "20st",
    "walkRouteSequenceNumber": 13526,
    "price": {
      "basicPrice": 5.49,
      "recommendedQuantity": "1.0",
      "measurementUnitPrice": 0.275,
      "measurementUnit": "S",
      "isRedPrice": false,
      "pricePerUOM": 0.275,
      "activationDate": "14-03-2024",
      "recordSource": "Offline",
      "isPromoActive": "N",
      "priceChangeCode": "E"
    },
    "isAvailable": true,
    "isPriceAvailable": true,
    "inPromo": false,
    "gtin": [
      "05412141200372",
      "05412141225740",
      "05412141206909"
    ],
    "topCategoryName": "Dranken",
    "topCategoryId": "354",
    "businessDomain": "NON_FOOD",
    "IsPrivateLabel": false,
    "IsBiffe": false,
    "IsWeightArticle": false,
    "RecentQuanityOfStockUnits": "1",
    "LongName": "BIOVER str.buik kam.venkel peperm. 20st",
    "IsBio": true,
    "AlcoholVolume": "0",
    "CountryOfOrigin": "SPANJE",
    "FicCode": "E",
    "OrderUnit": "P",
    "ShortName": "BIOV STR.B.THEE BIO 20P",
    "IsNew": false
  },
  {
    "productId": "189919",
    "technicalArticleNumber": "3471063",
    "commercialArticleNumber": "12245",
    "name": "bier blond 7,5%vol",
    "description": "*Speciaalbier\n*7,5 % vol\n*Nagisting op fles",
    "brand": "FAGNES",
    "seoBrand": "Fagnes",
    "thumbNail": "https://static.colruytgroup.com/images/200x200/std.lang.all/49/58/asset-3194958.jpg",
    "fullImage": "https://static.colruytgroup.com/images/500x500/std.lang.all/49/58/asset-3194958.jpg",
    "squareImage": "https://static.colruytgroup.com/images/500x500sq/std.lang.all/49/58/asset-3194958.jpg",
    "content": "6x33cl",
    "walkRouteSequenceNumber": 3672,
    "price": {
      "basicPrice": 10.28,
      "recommendedQuantity": "1.0",
      "quantityPrice": 9.87,
      "quantityPriceQuantity": "3.0",
      "measurementUnitPrice": 5.2,
      "measurementUnitQuantityPrice": 4.99,
      "measurementUnit": "L",
      "isRedPrice": true,
      "redPriceReason": "Promo",
      "referencePrice": 11.1,
      "retentionPeriod": 30,
      "pricePerUOM": 5.2,
      "activationDate": "13-03-2024",
      "isPromoActive": "Y",
      "priceChangeCode": "L",
      "quantityPricePerUOM": 4.99,
      "quantityActivationDate": "13-03-2024",
      "quantityPriceChangeCode": "L"
    },
    "isAvailable": true,
    "isPriceAvailable": true,
    "inPromo": false,
    "gtin": [
      "05400141392906",
      "05425032451319"
    ],
    "topCategoryName": "Dranken",
    "topCategoryId": "354",
    "businessDomain": "RETAIL_BE",
    "IsPrivateLabel": false,
    "IsBiffe": false,
    "WeightconversionFactor": "0",
    "IsWeightArticle": false,
    "IsBio": false,
    "CountryOfOrigin": "BELGIË",
    "IsExclusivelySoldInLuxembourg": false,
    "OrderUnit": "P",
    "ShortName": "RE SUPER FAGNES BL 6X33",
    "IsNew": false,
    "EcoscoreLabel": "D",
    "RecentQuanityOfStockUnits": "1",
    "LongName": "FAGNES bier blond 7,5%vol 6x33cl",
    "AlcoholVolume": "7.5",
    "FicCode": "E",
    "DepositValue": [
      0.6
    ],
    "EcoscoreValue": "37"
  },
  {
    "productId": "880038",
    "technicalArticleNumber": "4736789",
    "commercialArticleNumber": "32289",
    "name": "Mojito Royal 0,0%",
    "brand": "VINTENSE",
    "seoBrand": "Vintense",
    "thumbNail": "https://static.colruytgroup.com/images/200x200/std.lang.all/73/33/asset-3277333.jpg",
    "fullImage": "https://static.colruytgroup.com/images/500x500/std.lang.all/73/33/asset-3277333.jpg",
    "squareImage": "https://static.colruytgroup.com/images/500x500sq/std.lang.all/73/33/asset-3277333.jpg",
    "content": "75cl",
    "walkRouteSequenceNumber": 611,
    "price": {
      "basicPrice": 4.99,
      "recommendedQuantity": "1.0",
      "measurementUnitPrice": 6.66,
      "measurementUnit": "L",
      "isRedPrice": false,
      "pricePerUOM": 6.66,
      "activationDate": "14-02-2024",
      "isPromoActive": "N",
      "priceChangeCode": "E"
    },
    "isAvailable": true,
    "isPriceAvailable": true,
    "inPromo": false,
    "gtin": [
      "05415270202897",
      "05415270101305"
    ],
    "topCategoryName": "Dranken",
    "topCategoryId": "354",
    "businessDomain": "RETAIL_BE",
    "IsPrivateLabel": false,
    "IsBiffe": false,
    "WeightconversionFactor": "0",
    "IsWeightArticle": false,
    "nutriscoreLabel": "D",
    "IsBio": false,
    "CountryOfOrigin": "FRANKRIJK",
    "IsExclusivelySoldInLuxembourg": false,
    "OrderUnit": "P",
    "ShortName": "VINT MOJITO ROYAL 0%75C",
    "IsNew": false,
    "RecentQuanityOfStockUnits": "1",
    "LongName": "VINTENSE Mojito Royal 0,0% 75cl",
    "AlcoholVolume": "0",
    "FicCode": "E"
  },
  {
    "productId": "881391",
    "technicalArticleNumber": "4738779",
    "commercialArticleNumber": "1618",
    "name": "Groene appeljenever 20%",
    "description": "*Jenever\n*17,0 % vol\n*Smaak: groene appel",
    "brand": "FILLIERS",
    "seoBrand": "Filliers",
    "thumbNail": "https://static.colruytgroup.com/images/200x200/std.lang.all/45/50/asset-3324550.jpg",
    "fullImage": "https://static.colruytgroup.com/images/500x500/std.lang.all/45/50/asset-3324550.jpg",
    "squareImage": "https://static.colruytgroup.com/images/500x500sq/std.lang.all/45/50/asset-3324550.jpg",
    "content": "70cl",
    "walkRouteSequenceNumber": 900,
    "price": {
      "basicPrice": 14.49,
      "recommendedQuantity": "1.0",
      "measurementUnitPrice": 20.7,
      "measurementUnit": "L",
      "isRedPrice": false,
      "pricePerUOM": 20.7,
      "activationDate": "23-01-2024",
      "isPromoActive": "N",
      "priceChangeCode": "E"
    },
    "isAvailable": true,
    "isPriceAvailable": true,
    "inPromo": false,
    "gtin": [
      "05415200003921",
      "05415200003914"
    ],
    "topCategoryName": "Dranken",
    "topCategoryId": "354",
    "businessDomain": "RETAIL_BE",
    "IsPrivateLabel": false,
    "IsBiffe": false,
    "WeightconversionFactor": "0",
    "IsWeightArticle": false,
    "IsBio": false,
    "CountryOfOrigin": "BELGIË",
    "IsExclusivelySoldInLuxembourg": false,
    "OrderUnit": "P",
    "ShortName": "FILL GR.APPELJENEVER70C",
    "IsNew": false,
    "RecentQuanityOfStockUnits": "1",
    "LongName": "FILLIERS Groene appeljenever 20% 70cl",
    "AlcoholVolume": "20",
    "FicCode": "E"
  },
  {
    "productId": "138166",
    "technicalArticleNumber": "3189635",
    "commercialArticleNumber": "2352",
    "name": "tripel 8,0%vol",
    "description": "*Speciaalbier\n*8 % vol",
    "brand": "BERTINCHAMPS",
    "seoBrand": "Bertinchamps",
    "thumbNail": "https://static.colruytgroup.com/images/200x200/std.lang.all/23/12/asset-572312.jpg",
    "fullImage": "https://static.colruytgroup.com/images/500x500/std.lang.all/23/12/asset-572312.jpg",
    "squareImage": "https://static.colruytgroup.com/images/500x500sq/std.lang.all/23/12/asset-572312.jpg",
    "content": "4x50cl",
    "walkRouteSequenceNumber": 3678,
    "price": {
      "basicPrice": 15.4,
      "recommendedQuantity": "1.0",
      "quantityPrice": 14.17,
      "quantityPriceQuantity": "3.0",
      "measurementUnitPrice": 7.7,
      "measurementUnitQuantityPrice": 7.09,
      "measurementUnit": "L",
      "isRedPrice": false,
      "pricePerUOM": 7.7,
      "activationDate": "30-01-2024",
      "recordSource": "Offline",
      "isPromoActive": "N",
      "priceChangeCode": "H",
      "quantityPricePerUOM": 7.09,
      "quantityActivationDate": "30-01-2024",
      "quantityPriceChangeCode": "H"
    },
    "isAvailable": true,
    "isPriceAvailable": true,
    "inPromo": false,
    "gtin": [
      "05400141123692",
      "05425033241025",
      "05425033240028"
    ],
    "topCategoryName": "Dranken",
    "topCategoryId": "354",
    "businessDomain": "RETAIL_BE",
    "IsPrivateLabel": false,
    "IsBiffe": false,
    "WeightconversionFactor": "0",
    "IsWeightArticle": false,
    "IsBio": false,
    "CountryOfOrigin": "BELGIË",
    "IsExclusivelySoldInLuxembourg": false,
    "OrderUnit": "P",
    "ShortName": "BERT TRIPEL 4X50 V V",
    "IsNew": false,
    "EcoscoreLabel": "D",
    "RecentQuanityOfStockUnits": "1",
    "LongName": "BERTINCHAMPS tripel 8,0%vol 4x50cl",
    "AlcoholVolume": "8",
    "FicCode": "I",
    "EcoscoreValue": "37"
  },
  {
    "productId": "420962",
    "technicalArticleNumber": "3940878",
    "commercialArticleNumber": "1474",
    "name": "Oaked blond 8,5%",
    "description": "*Zwaar blond bier\n*8.5% vol\n*Nagisting op fles",
    "brand": "CORNET",
    "seoBrand": "Cornet",
    "thumbNail": "https://static.colruytgroup.com/images/200x200/std.lang.all/59/33/asset-2665933.jpg",
    "fullImage": "https://static.colruytgroup.com/images/500x500/std.lang.all/59/33/asset-2665933.jpg",
    "squareImage": "https://static.colruytgroup.com/images/500x500sq/std.lang.all/59/33/asset-2665933.jpg",
    "content": "75cl",
    "walkRouteSequenceNumber": 3600,
    "price": {
      "basicPrice": 6.09,
      "recommendedQuantity": "1.0",
      "quantityPrice": 5.85,
      "quantityPriceQuantity": "6.0",
      "measurementUnitPrice": 8.12,
      "measurementUnitQuantityPrice": 7.8,
      "measurementUnit": "L",
      "isRedPrice": false,
      "pricePerUOM": 8.12,
      "activationDate": "08-03-2024",
      "recordSource": "Offline",
      "isPromoActive": "N",
      "priceChangeCode": "L",
      "quantityPricePerUOM": 7.8,
      "quantityActivationDate": "08-03-2024",
      "quantityPriceChangeCode": "L"
    },
    "isAvailable": true,
    "isPriceAvailable": true,
    "inPromo": false,
    "gtin": [
      "05410783005850",
      "05410783004679"
    ],
    "topCategoryName": "Dranken",
    "topCategoryId": "354",
    "businessDomain": "RETAIL_BE",
    "IsPrivateLabel": false,
    "IsBiffe": false,
    "WeightconversionFactor": "0",
    "IsWeightArticle": false,
    "IsBio": false,
    "CountryOfOrigin": "BELGIË",
    "IsExclusivelySoldInLuxembourg": false,
    "OrderUnit": "P",
    "ShortName": "CORN OAKED BLOND 75CL",
    "IsNew": false,
    "EcoscoreLabel": "D",
    "RecentQuanityOfStockUnits": "1",
    "LongName": "CORNET Oaked blond 8,5% 75cl",
    "AlcoholVolume": "8.5",
    "FicCode": "E",
    "EcoscoreValue": "37"
  },
  {
    "productId": "1511",
    "technicalArticleNumber": "19161",
    "commercialArticleNumber": "19161",
    "name": "bessenjenever 20,0%vol",
    "description": "*Jenever\n*20,0 % vol\n*Smaak: zwarte bes",
    "brand": "FILLIERS",
    "seoBrand": "Filliers",
    "thumbNail": "https://static.colruytgroup.com/images/200x200/std.lang.all/83/11/asset-3188311.jpg",
    "fullImage": "https://static.colruytgroup.com/images/500x500/std.lang.all/83/11/asset-3188311.jpg",
    "squareImage": "https://static.colruytgroup.com/images/500x500sq/std.lang.all/83/11/asset-3188311.jpg",
    "content": "70cl",
    "walkRouteSequenceNumber": 925,
    "price": {
      "basicPrice": 14.99,
      "recommendedQuantity": "1.0",
      "measurementUnitPrice": 21.42,
      "measurementUnit": "L",
      "isRedPrice": false,
      "pricePerUOM": 21.42,
      "activationDate": "07-03-2024",
      "recordSource": "Offline",
      "isPromoActive": "N",
      "priceChangeCode": "H"
    },
    "isAvailable": true,
    "isPriceAvailable": true,
    "inPromo": false,
    "gtin": [
      "05412166060708",
      "05412166060715"
    ],
    "topCategoryName": "Dranken",
    "topCategoryId": "354",
    "businessDomain": "RETAIL_BE",
    "IsPrivateLabel": false,
    "IsBiffe": false,
    "WeightconversionFactor": "0",
    "IsWeightArticle": false,
    "IsBio": false,
    "CountryOfOrigin": "BELGIË",
    "IsExclusivelySoldInLuxembourg": false,
    "OrderUnit": "P",
    "ShortName": "RE FILLIERS BES 20G 70C",
    "IsNew": false,
    "EcoscoreLabel": "B",
    "RecentQuanityOfStockUnits": "1",
    "LongName": "FILLIERS bessenjenever 20,0%vol 70cl",
    "AlcoholVolume": "20",
    "FicCode": "E",
    "EcoscoreValue": "73"
  },
  {
    "productId": "696761",
    "technicalArticleNumber": "4426890",
    "commercialArticleNumber": "25980",
    "name": "oude gueuze Cuvée René 6%",
    "description": "*Oude geuze\n*6 % vol",
    "brand": "LINDEMANS",
    "seoBrand": "Lindemans",
    "thumbNail": "https://static.colruytgroup.com/images/200x200/std.lang.all/96/04/asset-3309604.jpg",
    "fullImage": "https://static.colruytgroup.com/images/500x500/std.lang.all/96/04/asset-3309604.jpg",
    "squareImage": "https://static.colruytgroup.com/images/500x500sq/std.lang.all/96/04/asset-3309604.jpg",
    "content": "75cl",
    "walkRouteSequenceNumber": 3593,
    "price": {
      "basicPrice": 5.79,
      "recommendedQuantity": "1.0",
      "measurementUnitPrice": 7.72,
      "measurementUnit": "L",
      "isRedPrice": false,
      "pricePerUOM": 7.72,
      "activationDate": "22-01-2024",
      "recordSource": "Online",
      "isPromoActive": "N",
      "priceChangeCode": "H"
    },
    "isAvailable": true,
    "isPriceAvailable": true,
    "inPromo": false,
    "gtin": [
      "05411223020709",
      "25411223020703",
      "25411223004079"
    ],
    "topCategoryName": "Dranken",
    "topCategoryId": "354",
    "businessDomain": "RETAIL_BE",
    "IsPrivateLabel": false,
    "IsBiffe": false,
    "WeightconversionFactor": "0",
    "IsWeightArticle": false,
    "IsBio": false,
    "CountryOfOrigin": "BELGIË",
    "IsExclusivelySoldInLuxembourg": false,
    "OrderUnit": "P",
    "ShortName": "LIND O.GEUZE C.RENEE75C",
    "IsNew": false,
    "EcoscoreLabel": "B",
    "RecentQuanityOfStockUnits": "1",
    "LongName": "LINDEMANS oude gueuze Cuvée René 6% 75cl",
    "AlcoholVolume": "6",
    "FicCode": "E",
    "EcoscoreValue": "72"
  },
  {
    "productId": "872214",
    "technicalArticleNumber": "4726408",
    "commercialArticleNumber": "16980",
    "name": "Basil & Elderflower",
    "description": "*Kant & klare\nmocktail\n*0 % vol",
    "brand": "THE MOCKTAIL CLUB",
    "seoBrand": "The mocktail club",
    "thumbNail": "https://static.colruytgroup.com/images/200x200/std.lang.all/74/12/asset-3217412.jpg",
    "fullImage": "https://static.colruytgroup.com/images/500x500/std.lang.all/74/12/asset-3217412.jpg",
    "squareImage": "https://static.colruytgroup.com/images/500x500sq/std.lang.all/74/12/asset-3217412.jpg",
    "content": "1L",
    "walkRouteSequenceNumber": 596,
    "price": {
      "basicPrice": 14.99,
      "recommendedQuantity": "1.0",
      "measurementUnitPrice": 14.99,
      "measurementUnit": "L",
      "isRedPrice": false,
      "pricePerUOM": 14.99,
      "activationDate": "14-02-2024",
      "isPromoActive": "N",
      "priceChangeCode": "E"
    },
    "isAvailable": true,
    "isPriceAvailable": true,
    "inPromo": false,
    "gtin": [
      "05430001854176",
      "05430001854060"
    ],
    "topCategoryName": "Dranken",
    "topCategoryId": "354",
    "businessDomain": "RETAIL_BE",
    "IsPrivateLabel": false,
    "IsBiffe": false,
    "WeightconversionFactor": "0",
    "IsWeightArticle": false,
    "nutriscoreLabel": "C",
    "IsBio": false,
    "CountryOfOrigin": "BELGIË",
    "IsExclusivelySoldInLuxembourg": false,
    "OrderUnit": "P",
    "ShortName": "MOCL BASIL&ELDERFLOW.1L",
    "IsNew": false,
    "RecentQuanityOfStockUnits": "1,6",
    "LongName": "THE MOCKTAIL CLUB Basil & Elderflower 1L",
    "AlcoholVolume": "0",
    "FicCode": "E"
  },
  {
    "productId": "980908",
    "technicalArticleNumber": "4778362",
    "commercialArticleNumber": "10922",
    "name": "Spiced Gold 0,0%",
    "brand": "CAPTAIN MORGAN",
    "seoBrand": "Captain Morgan",
    "thumbNail": "https://static.colruytgroup.com/images/200x200/std.lang.all/74/96/asset-3377496.jpg",
    "fullImage": "https://static.colruytgroup.com/images/500x500/std.lang.all/74/96/asset-3377496.jpg",
    "squareImage": "https://static.colruytgroup.com/images/500x500sq/std.lang.all/74/96/asset-3377496.jpg",
    "content": "70cl",
    "walkRouteSequenceNumber": 617,
    "price": {
      "basicPrice": 16.99,
      "recommendedQuantity": "1.0",
      "measurementUnitPrice": 24.28,
      "measurementUnit": "L",
      "isRedPrice": false,
      "pricePerUOM": 24.28,
      "activationDate": "02-02-2024",
      "recordSource": "Offline",
      "isPromoActive": "N",
      "priceChangeCode": "E"
    },
    "isAvailable": true,
    "isPriceAvailable": true,
    "inPromo": false,
    "gtin": [
      "05000281070759",
      "05000281070742"
    ],
    "topCategoryName": "Dranken",
    "topCategoryId": "354",
    "businessDomain": "RETAIL_BE",
    "IsPrivateLabel": false,
    "IsBiffe": false,
    "WeightconversionFactor": "0",
    "IsWeightArticle": false,
    "nutriscoreLabel": "C",
    "IsBio": false,
    "CountryOfOrigin": "ITALIË",
    "IsExclusivelySoldInLuxembourg": false,
    "OrderUnit": "P",
    "ShortName": "CAMO SPICED 0.0% 70CL",
    "IsNew": false,
    "RecentQuanityOfStockUnits": "1",
    "LongName": "CAPTAIN MORGAN Spiced Gold 0,0% 70cl",
    "AlcoholVolume": "0",
    "FicCode": "E"
  },
  {
    "productId": "275505",
    "technicalArticleNumber": "3658138",
    "commercialArticleNumber": "14695",
    "name": "bier blond 7,5%vol bio",
    "description": "*Speciaalbier\n*7,5 % vol\n*Nagisting op fles",
    "brand": "MOINETTE",
    "seoBrand": "Moinette",
    "thumbNail": "https://static.colruytgroup.com/images/200x200/std.lang.all/48/52/asset-3444852.jpg",
    "fullImage": "https://static.colruytgroup.com/images/500x500/std.lang.all/48/52/asset-3444852.jpg",
    "squareImage": "https://static.colruytgroup.com/images/500x500sq/std.lang.all/48/52/asset-3444852.jpg",
    "content": "6x33cl",
    "walkRouteSequenceNumber": 3677,
    "price": {
      "basicPrice": 13.98,
      "recommendedQuantity": "1.0",
      "quantityPrice": 13.52,
      "quantityPriceQuantity": "3.0",
      "measurementUnitPrice": 7.07,
      "measurementUnitQuantityPrice": 6.83,
      "measurementUnit": "L",
      "isRedPrice": false,
      "pricePerUOM": 7.07,
      "activationDate": "16-01-2024",
      "recordSource": "Offline",
      "isPromoActive": "N",
      "priceChangeCode": "E",
      "quantityPricePerUOM": 6.83,
      "quantityActivationDate": "16-01-2024",
      "quantityPriceChangeCode": "H"
    },
    "isAvailable": true,
    "isPriceAvailable": true,
    "inPromo": false,
    "gtin": [
      "05400141030778",
      "05410702030536"
    ],
    "topCategoryName": "Dranken",
    "topCategoryId": "354",
    "businessDomain": "RETAIL_BE",
    "IsPrivateLabel": false,
    "IsBiffe": false,
    "WeightconversionFactor": "0",
    "IsWeightArticle": false,
    "IsBio": true,
    "CountryOfOrigin": "BELGIË",
    "IsExclusivelySoldInLuxembourg": false,
    "OrderUnit": "P",
    "ShortName": "RE MOINETTE BIO 6X33CL",
    "IsNew": false,
    "EcoscoreLabel": "D",
    "RecentQuanityOfStockUnits": "1",
    "LongName": "MOINETTE bier blond 7,5%vol bio 6x33cl",
    "AlcoholVolume": "7.5",
    "FicCode": "E",
    "DepositValue": [
      0.6
    ],
    "EcoscoreValue": "37"
  },
  {
    "productId": "892863",
    "technicalArticleNumber": "4754819",
    "commercialArticleNumber": "4309",
    "name": "Ginger Premium Non-Alc. Spirit",
    "description": "*Alcoholvrij",
    "brand": "NONA",
    "seoBrand": "Nona",
    "thumbNail": "https://static.colruytgroup.com/images/200x200/std.lang.all/55/30/asset-3335530.jpg",
    "fullImage": "https://static.colruytgroup.com/images/500x500/std.lang.all/55/30/asset-3335530.jpg",
    "squareImage": "https://static.colruytgroup.com/images/500x500sq/std.lang.all/55/30/asset-3335530.jpg",
    "content": "70cl",
    "walkRouteSequenceNumber": 634,
    "price": {
      "basicPrice": 28.99,
      "recommendedQuantity": "1.0",
      "measurementUnitPrice": 41.42,
      "measurementUnit": "L",
      "isRedPrice": false,
      "pricePerUOM": 41.42,
      "activationDate": "13-03-2024",
      "recordSource": "Offline",
      "isPromoActive": "Y",
      "priceChangeCode": "E"
    },
    "isAvailable": true,
    "isPriceAvailable": true,
    "inPromo": false,
    "gtin": [
      "05430001512229",
      "05430001512205"
    ],
    "topCategoryName": "Dranken",
    "topCategoryId": "354",
    "businessDomain": "RETAIL_BE",
    "IsPrivateLabel": false,
    "IsBiffe": false,
    "WeightconversionFactor": "0",
    "IsWeightArticle": false,
    "nutriscoreLabel": "D",
    "IsBio": false,
    "CountryOfOrigin": "BELGIË",
    "IsExclusivelySoldInLuxembourg": false,
    "OrderUnit": "P",
    "ShortName": "NONA GINGER NON-ALC70CL",
    "IsNew": false,
    "RecentQuanityOfStockUnits": "1",
    "LongName": "NONA Ginger Premium Non-Alc. Spirit 70cl",
    "AlcoholVolume": "0",
    "FicCode": "E"
  },
  {
    "productId": "334342",
    "technicalArticleNumber": "3796470",
    "commercialArticleNumber": "41618",
    "name": "Cognac VSOP 4Y 40%",
    "description": "*Cognac\n*40% vol",
    "brand": "MARIE GALANTE",
    "seoBrand": "Marie Galante",
    "thumbNail": "https://static.colruytgroup.com/images/200x200/std.lang.all/20/72/asset-1622072.jpg",
    "fullImage": "https://static.colruytgroup.com/images/500x500/std.lang.all/20/72/asset-1622072.jpg",
    "squareImage": "https://static.colruytgroup.com/images/500x500sq/std.lang.all/20/72/asset-1622072.jpg",
    "content": "70cl",
    "walkRouteSequenceNumber": 991,
    "price": {
      "basicPrice": 28.99,
      "recommendedQuantity": "1.0",
      "measurementUnitPrice": 41.42,
      "measurementUnit": "L",
      "isRedPrice": false,
      "pricePerUOM": 41.42,
      "activationDate": "10-11-2023",
      "isPromoActive": "N",
      "priceChangeCode": "E"
    },
    "isAvailable": true,
    "isPriceAvailable": true,
    "inPromo": false,
    "gtin": [
      "05400141204247",
      "15400141204244"
    ],
    "topCategoryName": "Dranken",
    "topCategoryId": "354",
    "businessDomain": "RETAIL_BE",
    "IsPrivateLabel": true,
    "IsBiffe": false,
    "WeightconversionFactor": "0",
    "IsWeightArticle": false,
    "IsBio": false,
    "CountryOfOrigin": "BELGIË",
    "IsExclusivelySoldInLuxembourg": false,
    "OrderUnit": "P",
    "ShortName": "M.GAL COGNAC VSOP40%70C",
    "IsNew": false,
    "EcoscoreLabel": "C",
    "RecentQuanityOfStockUnits": "1",
    "LongName": "MARIE GALANTE Cognac VSOP 4Y 40% 70cl",
    "AlcoholVolume": "40",
    "FicCode": "I",
    "EcoscoreValue": "49"
  },
  {
    "productId": "619068",
    "technicalArticleNumber": "4296665",
    "commercialArticleNumber": "20106",
    "name": "Cosmopolitan 15%",
    "description": "*Ready to serve\n*Aperitief\n*15 % vol",
    "brand": "MARIE GALANTE",
    "seoBrand": "Marie Galante",
    "thumbNail": "https://static.colruytgroup.com/images/200x200/std.lang.all/27/00/asset-2452700.jpg",
    "fullImage": "https://static.colruytgroup.com/images/500x500/std.lang.all/27/00/asset-2452700.jpg",
    "squareImage": "https://static.colruytgroup.com/images/500x500sq/std.lang.all/27/00/asset-2452700.jpg",
    "content": "70cl",
    "walkRouteSequenceNumber": 885,
    "price": {
      "basicPrice": 7.99,
      "recommendedQuantity": "1.0",
      "measurementUnitPrice": 11.42,
      "measurementUnit": "L",
      "isRedPrice": false,
      "pricePerUOM": 11.42,
      "activationDate": "13-01-2023",
      "isPromoActive": "N",
      "priceChangeCode": "H"
    },
    "isAvailable": true,
    "isPriceAvailable": true,
    "inPromo": false,
    "gtin": [
      "15400141419471",
      "05400141419474"
    ],
    "topCategoryName": "Dranken",
    "topCategoryId": "354",
    "businessDomain": "RETAIL_BE",
    "IsPrivateLabel": true,
    "IsBiffe": false,
    "WeightconversionFactor": "0",
    "IsWeightArticle": false,
    "IsBio": false,
    "CountryOfOrigin": "FRANKRIJK",
    "IsExclusivelySoldInLuxembourg": false,
    "OrderUnit": "P",
    "ShortName": "MGAL COSMOPOLITAN 70CL",
    "IsNew": false,
    "EcoscoreLabel": "D",
    "RecentQuanityOfStockUnits": "1,6",
    "LongName": "MARIE GALANTE Cosmopolitan 15% 70cl",
    "AlcoholVolume": "15",
    "FicCode": "I",
    "EcoscoreValue": "38"
  },
  {
    "productId": "422142",
    "technicalArticleNumber": "3946354",
    "commercialArticleNumber": "1696",
    "name": "Grappa Ant.Cast38%",
    "description": "*Grappa\n*38% vol\n*Digestief",
    "brand": "ERCOLE GAGLIANO",
    "seoBrand": "Ercole Gagliano",
    "thumbNail": "https://static.colruytgroup.com/images/200x200/std.lang.all/44/00/asset-1684400.jpg",
    "fullImage": "https://static.colruytgroup.com/images/500x500/std.lang.all/44/00/asset-1684400.jpg",
    "squareImage": "https://static.colruytgroup.com/images/500x500sq/std.lang.all/44/00/asset-1684400.jpg",
    "content": "70cl",
    "walkRouteSequenceNumber": 943,
    "price": {
      "basicPrice": 19.99,
      "recommendedQuantity": "1.0",
      "quantityPrice": 19.19,
      "quantityPriceQuantity": "3.0",
      "measurementUnitPrice": 28.56,
      "measurementUnitQuantityPrice": 27.42,
      "measurementUnit": "L",
      "isRedPrice": false,
      "pricePerUOM": 28.56,
      "activationDate": "13-12-2023",
      "isPromoActive": "N",
      "priceChangeCode": "H",
      "quantityPricePerUOM": 27.42,
      "quantityActivationDate": "13-12-2023",
      "quantityPriceChangeCode": "E"
    },
    "isAvailable": true,
    "isPriceAvailable": true,
    "inPromo": false,
    "gtin": [
      "08001305390034",
      "08001305390027"
    ],
    "topCategoryName": "Dranken",
    "topCategoryId": "354",
    "businessDomain": "RETAIL_BE",
    "IsPrivateLabel": false,
    "IsBiffe": false,
    "WeightconversionFactor": "0",
    "IsWeightArticle": false,
    "IsBio": false,
    "CountryOfOrigin": "ITALIË",
    "IsExclusivelySoldInLuxembourg": false,
    "OrderUnit": "P",
    "ShortName": "ERCO GRAPPA 38% 70CL",
    "IsNew": false,
    "RecentQuanityOfStockUnits": "1",
    "LongName": "ERCOLE GAGLIANO Grappa Ant.Cast38% 70cl",
    "AlcoholVolume": "38",
    "FicCode": "E"
  },
  {
    "productId": "314281",
    "technicalArticleNumber": "3732803",
    "commercialArticleNumber": "12483",
    "name": "Sherry Fino Dry 15%",
    "description": "*Sherry\n*Aperitief\n*15 % vol",
    "brand": "MARIE GALANTE",
    "seoBrand": "Marie Galante",
    "thumbNail": "https://static.colruytgroup.com/images/200x200/std.lang.all/16/54/asset-2511654.jpg",
    "fullImage": "https://static.colruytgroup.com/images/500x500/std.lang.all/16/54/asset-2511654.jpg",
    "squareImage": "https://static.colruytgroup.com/images/500x500sq/std.lang.all/16/54/asset-2511654.jpg",
    "content": "75cl",
    "walkRouteSequenceNumber": 705,
    "price": {
      "basicPrice": 3.79,
      "recommendedQuantity": "1.0",
      "measurementUnitPrice": 5.06,
      "measurementUnit": "L",
      "isRedPrice": false,
      "pricePerUOM": 5.06,
      "activationDate": "21-02-2024",
      "recordSource": "Offline",
      "isPromoActive": "N",
      "priceChangeCode": "H"
    },
    "isAvailable": true,
    "isPriceAvailable": true,
    "inPromo": false,
    "gtin": [
      "35400141384230",
      "15400141101079",
      "05400141101072"
    ],
    "topCategoryName": "Dranken",
    "topCategoryId": "354",
    "businessDomain": "RETAIL_BE",
    "IsPrivateLabel": true,
    "IsBiffe": false,
    "WeightconversionFactor": "0",
    "IsWeightArticle": false,
    "IsBio": false,
    "CountryOfOrigin": "SPANJE",
    "IsExclusivelySoldInLuxembourg": false,
    "OrderUnit": "P",
    "ShortName": "MGAL FINO DRY SHERRY75C",
    "IsNew": false,
    "EcoscoreLabel": "C",
    "RecentQuanityOfStockUnits": "1",
    "LongName": "MARIE GALANTE Sherry Fino Dry 15% 75cl",
    "AlcoholVolume": "15",
    "FicCode": "I",
    "EcoscoreValue": "49"
  },
  {
    "productId": "491736",
    "technicalArticleNumber": "4088165",
    "commercialArticleNumber": "7974",
    "name": "tripel abdijbier 9%",
    "description": "*Abdijbier\n*9 % vol\n*Nagisting op fles",
    "brand": "TONGERLO",
    "seoBrand": "Tongerlo",
    "thumbNail": "https://static.colruytgroup.com/images/200x200/std.lang.all/91/95/asset-2999195.jpg",
    "fullImage": "https://static.colruytgroup.com/images/500x500/std.lang.all/91/95/asset-2999195.jpg",
    "squareImage": "https://static.colruytgroup.com/images/500x500sq/std.lang.all/91/95/asset-2999195.jpg",
    "content": "6x33cl",
    "walkRouteSequenceNumber": 3614,
    "price": {
      "basicPrice": 11.17,
      "recommendedQuantity": "1.0",
      "quantityPrice": 10.28,
      "quantityPriceQuantity": "3.0",
      "measurementUnitPrice": 5.65,
      "measurementUnitQuantityPrice": 5.2,
      "measurementUnit": "L",
      "isRedPrice": false,
      "pricePerUOM": 5.65,
      "activationDate": "28-02-2024",
      "recordSource": "Offline",
      "isPromoActive": "N",
      "priceChangeCode": "E",
      "quantityPricePerUOM": 5.2,
      "quantityActivationDate": "28-02-2024",
      "quantityPriceChangeCode": "E"
    },
    "isAvailable": true,
    "isPriceAvailable": true,
    "inPromo": false,
    "gtin": [
      "00000054085022",
      "05400141283006"
    ],
    "topCategoryName": "Dranken",
    "topCategoryId": "354",
    "businessDomain": "RETAIL_BE",
    "IsPrivateLabel": false,
    "IsBiffe": false,
    "WeightconversionFactor": "0",
    "IsWeightArticle": false,
    "IsBio": false,
    "CountryOfOrigin": "BELGIË",
    "IsExclusivelySoldInLuxembourg": false,
    "OrderUnit": "P",
    "ShortName": "TONG TRIPEL 9% 6X33CL",
    "IsNew": false,
    "EcoscoreLabel": "D",
    "RecentQuanityOfStockUnits": "1",
    "LongName": "TONGERLO tripel abdijbier 9% 6x33cl",
    "AlcoholVolume": "9",
    "FicCode": "I",
    "DepositValue": [
      0.6
    ],
    "EcoscoreValue": "37"
  },
  {
    "productId": "893150",
    "technicalArticleNumber": "4755164",
    "commercialArticleNumber": "7851",
    "name": "Yeti Bang 7,5%",
    "description": "*Blond bier\n*7,5 % vol",
    "brand": "BRUSSELS BP",
    "seoBrand": "Brussels Beer Project",
    "thumbNail": "https://static.colruytgroup.com/images/200x200/std.lang.all/87/97/asset-3338797.jpg",
    "fullImage": "https://static.colruytgroup.com/images/500x500/std.lang.all/87/97/asset-3338797.jpg",
    "squareImage": "https://static.colruytgroup.com/images/500x500sq/std.lang.all/87/97/asset-3338797.jpg",
    "content": "4x33cl",
    "walkRouteSequenceNumber": 3776,
    "price": {
      "basicPrice": 8.99,
      "recommendedQuantity": "1.0",
      "measurementUnitPrice": 6.82,
      "measurementUnit": "L",
      "isRedPrice": false,
      "pricePerUOM": 6.82,
      "activationDate": "01-03-2024",
      "isPromoActive": "N",
      "priceChangeCode": "H"
    },
    "isAvailable": true,
    "isPriceAvailable": true,
    "inPromo": true,
    "promotion": [
      {
        "techPromoId": "001240COLR",
        "promotionId": "001240",
        "promotionType": "4",
        "isPersonalized": "N",
        "publicationStartDate": "26-01-2024",
        "publicationEndDate": "31-03-2024"
      },
      {
        "techPromoId": "001012COLR",
        "promotionId": "001012",
        "promotionType": "4",
        "isPersonalized": "N",
        "publicationStartDate": "19-03-2024",
        "publicationEndDate": "19-04-2024"
      }
    ],
    "gtin": [
      "05400141616057",
      "05430000829762"
    ],
    "topCategoryName": "Dranken",
    "topCategoryId": "354",
    "businessDomain": "RETAIL_BE",
    "IsPrivateLabel": false,
    "IsBiffe": false,
    "WeightconversionFactor": "0",
    "IsWeightArticle": false,
    "IsBio": false,
    "CountryOfOrigin": "BELGIË",
    "IsExclusivelySoldInLuxembourg": false,
    "OrderUnit": "P",
    "ShortName": "BBPR YETI BANG 4X33CL",
    "IsNew": false,
    "EcoscoreLabel": "C",
    "RecentQuanityOfStockUnits": "1",
    "LongName": "BRUSSELS BP Yeti Bang 7,5% 4x33cl",
    "AlcoholVolume": "7.5",
    "FicCode": "E",
    "DepositValue": [
      0.4
    ],
    "EcoscoreValue": "50"
  },
  {
    "productId": "857017",
    "technicalArticleNumber": "4706900",
    "commercialArticleNumber": "31465",
    "name": "blond 6,3%",
    "description": "*Abdijbier\n*Blond\n*6,3 % vol",
    "brand": "LA CAMBRE",
    "seoBrand": "La cambre",
    "thumbNail": "https://static.colruytgroup.com/images/200x200/std.lang.all/04/62/asset-3160462.jpg",
    "fullImage": "https://static.colruytgroup.com/images/500x500/std.lang.all/04/62/asset-3160462.jpg",
    "squareImage": "https://static.colruytgroup.com/images/500x500sq/std.lang.all/04/62/asset-3160462.jpg",
    "content": "6x33cl",
    "walkRouteSequenceNumber": 1575,
    "price": {
      "basicPrice": 8.3,
      "recommendedQuantity": "1.0",
      "measurementUnitPrice": 4.2,
      "measurementUnit": "L",
      "isRedPrice": false,
      "pricePerUOM": 4.2,
      "activationDate": "13-03-2024",
      "isPromoActive": "Y",
      "priceChangeCode": "E"
    },
    "isAvailable": true,
    "isPriceAvailable": true,
    "inPromo": false,
    "gtin": [
      "05400141479782",
      "05425006246170"
    ],
    "topCategoryName": "Dranken",
    "topCategoryId": "354",
    "businessDomain": "RETAIL_BE",
    "IsPrivateLabel": false,
    "IsBiffe": false,
    "WeightconversionFactor": "0",
    "IsWeightArticle": false,
    "IsBio": false,
    "CountryOfOrigin": "BELGIË",
    "IsExclusivelySoldInLuxembourg": false,
    "OrderUnit": "P",
    "ShortName": "LACA BLOND 6.3% 6X33CL",
    "IsNew": false,
    "EcoscoreLabel": "B",
    "RecentQuanityOfStockUnits": "1",
    "LongName": "LA CAMBRE blond 6,3% 6x33cl",
    "AlcoholVolume": "6.3",
    "FicCode": "E",
    "DepositValue": [
      0.6
    ],
    "EcoscoreValue": "72"
  },
  {
    "productId": "300382",
    "technicalArticleNumber": "3728756",
    "commercialArticleNumber": "40992",
    "name": "Coffee 20%",
    "description": "*Likeur / digestief\n*20% vol",
    "brand": "CHOUFFE",
    "seoBrand": "Chouffe Coffee",
    "thumbNail": "https://static.colruytgroup.com/images/200x200/std.lang.all/79/81/asset-3287981.jpg",
    "fullImage": "https://static.colruytgroup.com/images/500x500/std.lang.all/79/81/asset-3287981.jpg",
    "squareImage": "https://static.colruytgroup.com/images/500x500sq/std.lang.all/79/81/asset-3287981.jpg",
    "content": "70cl",
    "walkRouteSequenceNumber": 948,
    "price": {
      "basicPrice": 18.99,
      "recommendedQuantity": "1.0",
      "measurementUnitPrice": 27.13,
      "measurementUnit": "L",
      "isRedPrice": false,
      "pricePerUOM": 27.13,
      "activationDate": "08-03-2024",
      "recordSource": "Online",
      "isPromoActive": "N",
      "priceChangeCode": "E"
    },
    "isAvailable": true,
    "isPriceAvailable": true,
    "inPromo": false,
    "gtin": [
      "05411018006567",
      "05411018379005"
    ],
    "topCategoryName": "Dranken",
    "topCategoryId": "354",
    "businessDomain": "RETAIL_BE",
    "IsPrivateLabel": false,
    "IsBiffe": false,
    "WeightconversionFactor": "0",
    "IsWeightArticle": false,
    "IsBio": false,
    "CountryOfOrigin": "BELGIË",
    "IsExclusivelySoldInLuxembourg": false,
    "OrderUnit": "P",
    "ShortName": "CHOUFFE COFFEE 20% 70CL",
    "InSeason": true,
    "IsNew": false,
    "RecentQuanityOfStockUnits": "1,6",
    "LongName": "CHOUFFE Coffee 20% 70cl",
    "AlcoholVolume": "20",
    "StartSeasonDate": "12/12/2018",
    "FicCode": "E"
  },
  {
    "productId": "794733",
    "technicalArticleNumber": "4603316",
    "commercialArticleNumber": "13412",
    "name": "caps India Espresso",
    "brand": "NESCAFÉ",
    "seoBrand": "Nescafé Farmers Origins",
    "thumbNail": "https://static.colruytgroup.com/images/200x200/std.lang.all/16/35/asset-2881635.jpg",
    "fullImage": "https://static.colruytgroup.com/images/500x500/std.lang.all/16/35/asset-2881635.jpg",
    "squareImage": "https://static.colruytgroup.com/images/500x500sq/std.lang.all/16/35/asset-2881635.jpg",
    "content": "10st",
    "walkRouteSequenceNumber": 1032,
    "price": {
      "basicPrice": 3.59,
      "recommendedQuantity": "1.0",
      "measurementUnitPrice": 67.74,
      "measurementUnit": "K",
      "isRedPrice": false,
      "pricePerUOM": 67.74,
      "activationDate": "21-03-2024",
      "recordSource": "Offline",
      "isPromoActive": "N",
      "priceChangeCode": "H"
    },
    "isAvailable": true,
    "isPriceAvailable": true,
    "inPromo": false,
    "gtin": [
      "07630477879668",
      "07630477879651"
    ],
    "topCategoryName": "Dranken",
    "topCategoryId": "354",
    "businessDomain": "RETAIL_BE",
    "IsPrivateLabel": false,
    "IsBiffe": false,
    "WeightconversionFactor": "0",
    "IsWeightArticle": false,
    "nutriscoreLabel": "B",
    "IsBio": false,
    "CountryOfOrigin": "ZWITSERLAND",
    "IsExclusivelySoldInLuxembourg": false,
    "OrderUnit": "P",
    "ShortName": "NESC INDIA ESPRESS10CAP",
    "IsNew": false,
    "RecentQuanityOfStockUnits": "1",
    "LongName": "NESCAFÉ caps India Espresso 10st",
    "FicCode": "E"
  },
  {
    "productId": "252301",
    "technicalArticleNumber": "3602708",
    "commercialArticleNumber": "18591",
    "name": "bier blond 8,8%",
    "description": "*8,8 % vol\n*Nagisting op fles",
    "brand": "TRIPEL LEFORT",
    "seoBrand": "Tripel Lefort",
    "thumbNail": "https://static.colruytgroup.com/images/200x200/std.lang.all/71/37/asset-2637137.jpg",
    "fullImage": "https://static.colruytgroup.com/images/500x500/std.lang.all/71/37/asset-2637137.jpg",
    "squareImage": "https://static.colruytgroup.com/images/500x500sq/std.lang.all/71/37/asset-2637137.jpg",
    "content": "6x33cl",
    "walkRouteSequenceNumber": 3711,
    "price": {
      "basicPrice": 9.28,
      "recommendedQuantity": "1.0",
      "quantityPrice": 8.54,
      "quantityPriceQuantity": "3.0",
      "measurementUnitPrice": 4.69,
      "measurementUnitQuantityPrice": 4.32,
      "measurementUnit": "L",
      "isRedPrice": false,
      "pricePerUOM": 4.69,
      "activationDate": "13-03-2024",
      "recordSource": "Offline",
      "isPromoActive": "N",
      "priceChangeCode": "E",
      "quantityPricePerUOM": 4.32,
      "quantityActivationDate": "13-03-2024",
      "quantityPriceChangeCode": "E"
    },
    "isAvailable": true,
    "isPriceAvailable": true,
    "inPromo": true,
    "promotion": [
      {
        "techPromoId": "100949COLR",
        "promotionId": "100949",
        "promotionType": "0",
        "isPersonalized": "N",
        "publicationStartDate": "13-03-2024",
        "publicationEndDate": "26-03-2024"
      }
    ],
    "gtin": [
      "05400141099577",
      "05411858001760"
    ],
    "topCategoryName": "Dranken",
    "topCategoryId": "354",
    "businessDomain": "RETAIL_BE",
    "IsPrivateLabel": false,
    "IsBiffe": false,
    "WeightconversionFactor": "0",
    "IsWeightArticle": false,
    "IsBio": false,
    "CountryOfOrigin": "BELGIË",
    "IsExclusivelySoldInLuxembourg": false,
    "OrderUnit": "P",
    "ShortName": "LEFO TRIPEL 6X33CL",
    "IsNew": false,
    "EcoscoreLabel": "B",
    "RecentQuanityOfStockUnits": "1",
    "LongName": "TRIPEL LEFORT bier blond 8,8% 6x33cl",
    "AlcoholVolume": "8.8",
    "FicCode": "E",
    "DepositValue": [
      0.6
    ],
    "EcoscoreValue": "71"
  },
  {
    "productId": "881134",
    "technicalArticleNumber": "4738493",
    "commercialArticleNumber": "32390",
    "name": "Classic Gin 40,7%",
    "description": "*België",
    "brand": "FILLIERS",
    "seoBrand": "Filliers",
    "thumbNail": "https://static.colruytgroup.com/images/200x200/std.lang.all/44/50/asset-3254450.jpg",
    "fullImage": "https://static.colruytgroup.com/images/500x500/std.lang.all/44/50/asset-3254450.jpg",
    "squareImage": "https://static.colruytgroup.com/images/500x500sq/std.lang.all/44/50/asset-3254450.jpg",
    "content": "70cl",
    "walkRouteSequenceNumber": 736,
    "price": {
      "basicPrice": 24.95,
      "recommendedQuantity": "1.0",
      "measurementUnitPrice": 35.65,
      "measurementUnit": "L",
      "isRedPrice": false,
      "pricePerUOM": 35.65,
      "activationDate": "15-03-2024",
      "recordSource": "Folder",
      "isPromoActive": "N",
      "priceChangeCode": "E"
    },
    "isAvailable": true,
    "isPriceAvailable": true,
    "inPromo": false,
    "gtin": [
      "05415200003761",
      "05415200003754"
    ],
    "topCategoryName": "Dranken",
    "topCategoryId": "354",
    "businessDomain": "RETAIL_BE",
    "IsPrivateLabel": false,
    "IsBiffe": false,
    "WeightconversionFactor": "0",
    "IsWeightArticle": false,
    "IsBio": false,
    "CountryOfOrigin": "BELGIË",
    "IsExclusivelySoldInLuxembourg": false,
    "OrderUnit": "P",
    "ShortName": "FILL CLASSIC GIN 70CL",
    "IsNew": false,
    "EcoscoreLabel": "B",
    "RecentQuanityOfStockUnits": "1",
    "LongName": "FILLIERS Classic Gin 40,7% 70cl",
    "AlcoholVolume": "40.7",
    "FicCode": "E",
    "EcoscoreValue": "72"
  },
  {
    "productId": "17624",
    "technicalArticleNumber": "1460118",
    "commercialArticleNumber": "7659",
    "name": "bier blond 8,5%vol",
    "description": "*Speciaalbier\n*8,5 % vol\n*Nagisting op fles",
    "brand": "MOINETTE",
    "seoBrand": "Moinette",
    "thumbNail": "https://static.colruytgroup.com/images/200x200/std.lang.all/95/45/asset-2619545.jpg",
    "fullImage": "https://static.colruytgroup.com/images/500x500/std.lang.all/95/45/asset-2619545.jpg",
    "squareImage": "https://static.colruytgroup.com/images/500x500sq/std.lang.all/95/45/asset-2619545.jpg",
    "content": "6x33cl",
    "walkRouteSequenceNumber": 3676,
    "price": {
      "basicPrice": 11.92,
      "recommendedQuantity": "1.0",
      "quantityPrice": 11.44,
      "quantityPriceQuantity": "3.0",
      "measurementUnitPrice": 6.03,
      "measurementUnitQuantityPrice": 5.78,
      "measurementUnit": "L",
      "isRedPrice": false,
      "pricePerUOM": 6.03,
      "activationDate": "13-03-2024",
      "recordSource": "Offline",
      "isPromoActive": "N",
      "priceChangeCode": "E",
      "quantityPricePerUOM": 5.78,
      "quantityActivationDate": "13-03-2024",
      "quantityPriceChangeCode": "E"
    },
    "isAvailable": true,
    "isPriceAvailable": true,
    "inPromo": false,
    "gtin": [
      "05400141076592",
      "00000025076592",
      "05410702000133",
      "05410702030130"
    ],
    "topCategoryName": "Dranken",
    "topCategoryId": "354",
    "businessDomain": "RETAIL_BE",
    "IsPrivateLabel": false,
    "IsBiffe": false,
    "WeightconversionFactor": "0",
    "IsWeightArticle": false,
    "IsBio": false,
    "CountryOfOrigin": "BELGIË",
    "IsExclusivelySoldInLuxembourg": false,
    "OrderUnit": "P",
    "ShortName": "RE MOINETTE BLOND 6X33C",
    "IsNew": false,
    "EcoscoreLabel": "D",
    "RecentQuanityOfStockUnits": "1",
    "LongName": "MOINETTE bier blond 8,5%vol 6x33cl",
    "AlcoholVolume": "8.5",
    "FicCode": "E",
    "DepositValue": [
      0.6
    ],
    "EcoscoreValue": "37"
  },
  {
    "productId": "177021",
    "technicalArticleNumber": "3353796",
    "commercialArticleNumber": "14096",
    "name": "appel/kers jenever 14,9%",
    "description": "*jenever\n*14,9%\n*smaak:appel kers",
    "brand": "SMEETS",
    "seoBrand": "Smeets",
    "thumbNail": "https://static.colruytgroup.com/images/200x200/std.lang.all/62/36/asset-1736236.jpg",
    "fullImage": "https://static.colruytgroup.com/images/500x500/std.lang.all/62/36/asset-1736236.jpg",
    "squareImage": "https://static.colruytgroup.com/images/500x500sq/std.lang.all/62/36/asset-1736236.jpg",
    "content": "70cl",
    "walkRouteSequenceNumber": 908,
    "price": {
      "basicPrice": 14.5,
      "recommendedQuantity": "1.0",
      "quantityPrice": 13.34,
      "quantityPriceQuantity": "3.0",
      "measurementUnitPrice": 20.72,
      "measurementUnitQuantityPrice": 19.06,
      "measurementUnit": "L",
      "isRedPrice": false,
      "pricePerUOM": 20.72,
      "activationDate": "10-02-2024",
      "recordSource": "Online",
      "isPromoActive": "N",
      "priceChangeCode": "H",
      "quantityPricePerUOM": 19.06,
      "quantityActivationDate": "10-02-2024",
      "quantityPriceChangeCode": "H"
    },
    "isAvailable": true,
    "isPriceAvailable": true,
    "inPromo": false,
    "gtin": [
      "15410293802021",
      "15410293802014",
      "05410293802017"
    ],
    "topCategoryName": "Dranken",
    "topCategoryId": "354",
    "businessDomain": "RETAIL_BE",
    "IsPrivateLabel": false,
    "IsBiffe": false,
    "WeightconversionFactor": "0",
    "IsWeightArticle": false,
    "IsBio": false,
    "CountryOfOrigin": "BELGIË",
    "IsExclusivelySoldInLuxembourg": false,
    "OrderUnit": "P",
    "ShortName": "RE SMEETS APPEL KERS 70",
    "InSeason": true,
    "IsNew": false,
    "EcoscoreLabel": "D",
    "RecentQuanityOfStockUnits": "1",
    "LongName": "SMEETS appel/kers jenever 14,9% 70cl",
    "AlcoholVolume": "14.9",
    "StartSeasonDate": "04/03/2019",
    "FicCode": "E",
    "EcoscoreValue": "38"
  },
  {
    "productId": "870876",
    "technicalArticleNumber": "4724572",
    "commercialArticleNumber": "3494",
    "name": "Aperitivo Rosso 0,7%",
    "description": "*Alcoholvrij\naperitief\n*0,7 % vol",
    "brand": "MARIE GALANTE",
    "seoBrand": "Marie Galante",
    "thumbNail": "https://static.colruytgroup.com/images/200x200/std.lang.all/74/67/asset-3337467.jpg",
    "fullImage": "https://static.colruytgroup.com/images/500x500/std.lang.all/74/67/asset-3337467.jpg",
    "squareImage": "https://static.colruytgroup.com/images/500x500sq/std.lang.all/74/67/asset-3337467.jpg",
    "content": "69cl",
    "walkRouteSequenceNumber": 621,
    "price": {
      "basicPrice": 4.49,
      "recommendedQuantity": "1.0",
      "quantityPrice": 4.13,
      "quantityPriceQuantity": "6.0",
      "measurementUnitPrice": 6.51,
      "measurementUnitQuantityPrice": 5.99,
      "measurementUnit": "L",
      "isRedPrice": false,
      "pricePerUOM": 6.51,
      "activationDate": "28-02-2024",
      "isPromoActive": "N",
      "priceChangeCode": "H",
      "quantityPricePerUOM": 5.99,
      "quantityActivationDate": "28-02-2024",
      "quantityPriceChangeCode": "H"
    },
    "isAvailable": true,
    "isPriceAvailable": true,
    "inPromo": false,
    "gtin": [
      "05400141859638"
    ],
    "topCategoryName": "Dranken",
    "topCategoryId": "354",
    "businessDomain": "RETAIL_BE",
    "IsPrivateLabel": true,
    "IsBiffe": false,
    "WeightconversionFactor": "0",
    "IsWeightArticle": false,
    "IsBio": false,
    "CountryOfOrigin": "FRANKRIJK",
    "IsExclusivelySoldInLuxembourg": false,
    "OrderUnit": "P",
    "ShortName": "MGAL APERIT.ROSSO NA69C",
    "IsNew": false,
    "RecentQuanityOfStockUnits": "1",
    "LongName": "MARIE GALANTE Aperitivo Rosso 0,7% 69cl",
    "AlcoholVolume": "0.7",
    "FicCode": "I"
  },
  {
    "productId": "873030",
    "technicalArticleNumber": "4727501",
    "commercialArticleNumber": "24279",
    "name": "Vodka Mango-Passionfr. 25%",
    "description": "*Gearomatiseerde\nvodka\n*Mango & passie\nvrucht\n*25 % vol",
    "brand": "SMIRNOFF",
    "seoBrand": "Smirnoff",
    "thumbNail": "https://static.colruytgroup.com/images/200x200/std.lang.all/86/96/asset-3268696.jpg",
    "fullImage": "https://static.colruytgroup.com/images/500x500/std.lang.all/86/96/asset-3268696.jpg",
    "squareImage": "https://static.colruytgroup.com/images/500x500sq/std.lang.all/86/96/asset-3268696.jpg",
    "content": "70cl",
    "walkRouteSequenceNumber": 843,
    "price": {
      "basicPrice": 15.15,
      "recommendedQuantity": "1.0",
      "measurementUnitPrice": 21.65,
      "measurementUnit": "L",
      "isRedPrice": false,
      "pricePerUOM": 21.65,
      "activationDate": "20-03-2024",
      "recordSource": "Folder",
      "isPromoActive": "N",
      "priceChangeCode": "L"
    },
    "isAvailable": true,
    "isPriceAvailable": true,
    "inPromo": false,
    "gtin": [
      "05410316967426",
      "05410316967419"
    ],
    "topCategoryName": "Dranken",
    "topCategoryId": "354",
    "businessDomain": "RETAIL_BE",
    "IsPrivateLabel": false,
    "IsBiffe": false,
    "WeightconversionFactor": "0",
    "IsWeightArticle": false,
    "IsBio": false,
    "CountryOfOrigin": "VERENIGD KONINKRIJK",
    "IsExclusivelySoldInLuxembourg": false,
    "OrderUnit": "P",
    "ShortName": "SMIR MANGO-PASSIONFR70C",
    "IsNew": false,
    "EcoscoreLabel": "D",
    "RecentQuanityOfStockUnits": "1",
    "LongName": "SMIRNOFF Vodka Mango-Passionfr. 25% 70cl",
    "AlcoholVolume": "25",
    "FicCode": "E",
    "EcoscoreValue": "38"
  },
  {
    "productId": "890538",
    "technicalArticleNumber": "4751266",
    "commercialArticleNumber": "11642",
    "name": "Magnum Opus Brut beer 8%",
    "brand": "GRIMBERGEN",
    "seoBrand": "Grimbergen",
    "thumbNail": "https://static.colruytgroup.com/images/200x200/std.lang.all/79/75/asset-3287975.jpg",
    "fullImage": "https://static.colruytgroup.com/images/500x500/std.lang.all/79/75/asset-3287975.jpg",
    "squareImage": "https://static.colruytgroup.com/images/500x500sq/std.lang.all/79/75/asset-3287975.jpg",
    "content": "75cl",
    "walkRouteSequenceNumber": 1561,
    "price": {
      "basicPrice": 5.99,
      "recommendedQuantity": "1.0",
      "measurementUnitPrice": 7.99,
      "measurementUnit": "L",
      "isRedPrice": false,
      "pricePerUOM": 7.99,
      "activationDate": "01-03-2024",
      "recordSource": "Online",
      "isPromoActive": "N",
      "priceChangeCode": "H"
    },
    "isAvailable": true,
    "isPriceAvailable": true,
    "inPromo": true,
    "promotion": [
      {
        "techPromoId": "001240COLR",
        "promotionId": "001240",
        "promotionType": "4",
        "isPersonalized": "N",
        "publicationStartDate": "26-01-2024",
        "publicationEndDate": "31-03-2024"
      },
      {
        "techPromoId": "001012COLR",
        "promotionId": "001012",
        "promotionType": "4",
        "isPersonalized": "N",
        "publicationStartDate": "19-03-2024",
        "publicationEndDate": "19-04-2024"
      }
    ],
    "gtin": [
      "05407008430344",
      "05407008430351"
    ],
    "topCategoryName": "Dranken",
    "topCategoryId": "354",
    "businessDomain": "RETAIL_BE",
    "IsPrivateLabel": false,
    "IsBiffe": false,
    "WeightconversionFactor": "0",
    "IsWeightArticle": false,
    "IsBio": false,
    "CountryOfOrigin": "BELGIË",
    "IsExclusivelySoldInLuxembourg": false,
    "OrderUnit": "P",
    "ShortName": "GRIM OPUS BRUT 75CL",
    "IsNew": false,
    "EcoscoreLabel": "D",
    "RecentQuanityOfStockUnits": "1",
    "LongName": "GRIMBERGEN Magnum Opus Brut beer 8% 75cl",
    "AlcoholVolume": "8",
    "FicCode": "E",
    "EcoscoreValue": "37"
  },
  {
    "productId": "824803",
    "technicalArticleNumber": "4661376",
    "commercialArticleNumber": "451083",
    "name": "thee vlotte stoelgang",
    "brand": "BIOVER",
    "seoBrand": "Biover",
    "thumbNail": "https://static.colruytgroup.com/images/200x200/std.lang.all/73/81/asset-757381.jpg",
    "fullImage": "https://static.colruytgroup.com/images/500x500/std.lang.all/73/81/asset-757381.jpg",
    "squareImage": "https://static.colruytgroup.com/images/500x500sq/std.lang.all/73/81/asset-757381.jpg",
    "content": "20st",
    "walkRouteSequenceNumber": 13888,
    "price": {
      "basicPrice": 5.49,
      "recommendedQuantity": "1.0",
      "measurementUnitPrice": 0.275,
      "measurementUnit": "S",
      "isRedPrice": false,
      "pricePerUOM": 0.275,
      "activationDate": "15-03-2024",
      "recordSource": "Offline",
      "isPromoActive": "N",
      "priceChangeCode": "H"
    },
    "isAvailable": true,
    "isPriceAvailable": true,
    "inPromo": false,
    "gtin": [
      "05412141200419",
      "05412141225757",
      "05412141201041"
    ],
    "topCategoryName": "Dranken",
    "topCategoryId": "354",
    "businessDomain": "NON_FOOD",
    "IsPrivateLabel": false,
    "IsBiffe": false,
    "IsWeightArticle": false,
    "RecentQuanityOfStockUnits": "1,6",
    "LongName": "BIOVER thee vlotte stoelgang 20st",
    "IsBio": true,
    "AlcoholVolume": "0",
    "CountryOfOrigin": "SPANJE",
    "FicCode": "E",
    "OrderUnit": "P",
    "ShortName": "BIOV STOELG.THEE BIO 20",
    "IsNew": false
  },
  {
    "productId": "889535",
    "technicalArticleNumber": "4750090",
    "commercialArticleNumber": "5223",
    "name": "Tarot d'Or 8%",
    "brand": "LINDEMANS",
    "seoBrand": "Lindemans",
    "thumbNail": "https://static.colruytgroup.com/images/200x200/std.lang.all/35/81/asset-3273581.jpg",
    "fullImage": "https://static.colruytgroup.com/images/500x500/std.lang.all/35/81/asset-3273581.jpg",
    "squareImage": "https://static.colruytgroup.com/images/500x500sq/std.lang.all/35/81/asset-3273581.jpg",
    "content": "6x25cl",
    "walkRouteSequenceNumber": 3810,
    "price": {
      "basicPrice": 8.98,
      "recommendedQuantity": "1.0",
      "measurementUnitPrice": 5.99,
      "measurementUnit": "L",
      "isRedPrice": false,
      "pricePerUOM": 5.99,
      "activationDate": "23-01-2024",
      "recordSource": "Offline",
      "isPromoActive": "N",
      "priceChangeCode": "L"
    },
    "isAvailable": true,
    "isPriceAvailable": true,
    "inPromo": false,
    "gtin": [
      "05411223005461",
      "05400141505382"
    ],
    "topCategoryName": "Dranken",
    "topCategoryId": "354",
    "businessDomain": "RETAIL_BE",
    "IsPrivateLabel": false,
    "IsBiffe": false,
    "WeightconversionFactor": "0",
    "IsWeightArticle": false,
    "IsBio": false,
    "CountryOfOrigin": "BELGIË",
    "IsExclusivelySoldInLuxembourg": false,
    "OrderUnit": "P",
    "ShortName": "LIND TAROT D OR 6X25CL",
    "IsNew": false,
    "RecentQuanityOfStockUnits": "1",
    "LongName": "LINDEMANS Tarot d'Or 8% 6x25cl",
    "AlcoholVolume": "8",
    "FicCode": "E",
    "DepositValue": [
      0.6
    ]
  },
  {
    "productId": "824162",
    "technicalArticleNumber": "4660108",
    "commercialArticleNumber": "451049",
    "name": "afslankthee munt",
    "brand": "XL-S",
    "seoBrand": "XL-S",
    "thumbNail": "https://static.colruytgroup.com/images/200x200/std.lang.all/66/71/asset-2896671.jpg",
    "fullImage": "https://static.colruytgroup.com/images/500x500/std.lang.all/66/71/asset-2896671.jpg",
    "squareImage": "https://static.colruytgroup.com/images/500x500sq/std.lang.all/66/71/asset-2896671.jpg",
    "content": "20st",
    "walkRouteSequenceNumber": 13525,
    "price": {
      "basicPrice": 6.76,
      "recommendedQuantity": "1.0",
      "measurementUnitPrice": 0.338,
      "measurementUnit": "S",
      "isRedPrice": false,
      "pricePerUOM": 0.338,
      "activationDate": "04-03-2024",
      "recordSource": "Online",
      "isPromoActive": "N",
      "priceChangeCode": "L"
    },
    "isAvailable": true,
    "isPriceAvailable": true,
    "inPromo": false,
    "gtin": [
      "05414969011567",
      "05414969011543"
    ],
    "topCategoryName": "Dranken",
    "topCategoryId": "354",
    "businessDomain": "NON_FOOD",
    "IsPrivateLabel": false,
    "IsBiffe": false,
    "IsWeightArticle": false,
    "RecentQuanityOfStockUnits": "1",
    "LongName": "XL-S afslankthee munt 20st",
    "IsBio": false,
    "CountryOfOrigin": "BELGIË",
    "FicCode": "E",
    "OrderUnit": "P",
    "ShortName": "XLS AFSL.THEE MUNT 20ST",
    "IsNew": false
  },
  {
    "productId": "293348",
    "technicalArticleNumber": "3700501",
    "commercialArticleNumber": "10534",
    "name": "Vecchioflorio Marsala 18%",
    "description": "*Likeurwijn\n*30 maanden gerijpt\n*18,0 % vol",
    "brand": "FLORIO",
    "seoBrand": "Florio",
    "thumbNail": "https://static.colruytgroup.com/images/200x200/std.lang.all/72/45/asset-1317245.jpg",
    "fullImage": "https://static.colruytgroup.com/images/500x500/std.lang.all/72/45/asset-1317245.jpg",
    "squareImage": "https://static.colruytgroup.com/images/500x500sq/std.lang.all/72/45/asset-1317245.jpg",
    "content": "75cl",
    "walkRouteSequenceNumber": 708,
    "price": {
      "basicPrice": 7.48,
      "recommendedQuantity": "1.0",
      "measurementUnitPrice": 9.98,
      "measurementUnit": "L",
      "isRedPrice": false,
      "pricePerUOM": 9.98,
      "activationDate": "13-12-2023",
      "isPromoActive": "N",
      "priceChangeCode": "H"
    },
    "isAvailable": true,
    "isPriceAvailable": true,
    "inPromo": false,
    "gtin": [
      "08007063124638",
      "08004730000028"
    ],
    "topCategoryName": "Dranken",
    "topCategoryId": "354",
    "businessDomain": "RETAIL_BE",
    "IsPrivateLabel": false,
    "IsBiffe": false,
    "WeightconversionFactor": "0",
    "IsWeightArticle": false,
    "IsBio": false,
    "CountryOfOrigin": "ITALIË",
    "IsExclusivelySoldInLuxembourg": false,
    "OrderUnit": "P",
    "ShortName": "FLOR VECCHIOF.MARS.75CL",
    "IsNew": false,
    "EcoscoreLabel": "D",
    "RecentQuanityOfStockUnits": "1",
    "LongName": "FLORIO Vecchioflorio Marsala 18% 75cl",
    "AlcoholVolume": "18",
    "FicCode": "E",
    "EcoscoreValue": "22"
  },
  {
    "productId": "430988",
    "technicalArticleNumber": "3972850",
    "commercialArticleNumber": "3229",
    "name": "rum Añejo Superior 38%",
    "description": "*Amber rum\n*Mix van bruine rums\n*Dom. Republiek\n*3 à 5 jaar gerijpt",
    "brand": "BRUGAL",
    "seoBrand": "Brugal Coca-Cola",
    "thumbNail": "https://static.colruytgroup.com/images/200x200/std.lang.all/38/62/asset-1583862.jpg",
    "fullImage": "https://static.colruytgroup.com/images/500x500/std.lang.all/38/62/asset-1583862.jpg",
    "squareImage": "https://static.colruytgroup.com/images/500x500sq/std.lang.all/38/62/asset-1583862.jpg",
    "content": "70cl",
    "walkRouteSequenceNumber": 821,
    "price": {
      "basicPrice": 19.99,
      "recommendedQuantity": "1.0",
      "measurementUnitPrice": 28.56,
      "measurementUnit": "L",
      "isRedPrice": false,
      "pricePerUOM": 28.56,
      "activationDate": "13-03-2024",
      "recordSource": "Folder",
      "isPromoActive": "Y",
      "priceChangeCode": "L"
    },
    "isAvailable": true,
    "isPriceAvailable": true,
    "inPromo": false,
    "gtin": [
      "17460855251468",
      "07460855200353",
      "03383260010222",
      "03383260011021",
      "03383260011014"
    ],
    "topCategoryName": "Dranken",
    "topCategoryId": "354",
    "businessDomain": "RETAIL_BE",
    "IsPrivateLabel": false,
    "IsBiffe": false,
    "WeightconversionFactor": "0",
    "IsWeightArticle": false,
    "IsBio": false,
    "CountryOfOrigin": "DOMINICAANSE REPUBLIEK",
    "IsExclusivelySoldInLuxembourg": false,
    "OrderUnit": "P",
    "ShortName": "BRUG ANEJO RUM 70CL",
    "IsNew": false,
    "EcoscoreLabel": "D",
    "RecentQuanityOfStockUnits": "1,6",
    "LongName": "BRUGAL rum Añejo Superior 38% 70cl",
    "AlcoholVolume": "38",
    "FicCode": "E",
    "EcoscoreValue": "38"
  },
  {
    "productId": "20677",
    "technicalArticleNumber": "2245328",
    "commercialArticleNumber": "22939",
    "name": "Infusie Relax Peppermint",
    "description": "*Infusie",
    "brand": "LIPTON",
    "seoBrand": "Lipton",
    "thumbNail": "https://static.colruytgroup.com/images/200x200/std.lang.all/32/43/asset-1733243.jpg",
    "fullImage": "https://static.colruytgroup.com/images/500x500/std.lang.all/32/43/asset-1733243.jpg",
    "squareImage": "https://static.colruytgroup.com/images/500x500sq/std.lang.all/32/43/asset-1733243.jpg",
    "content": "100st",
    "walkRouteSequenceNumber": 1274,
    "price": {
      "basicPrice": 10.84,
      "recommendedQuantity": "1.0",
      "measurementUnitPrice": 67.75,
      "measurementUnit": "K",
      "isRedPrice": false,
      "pricePerUOM": 67.75,
      "activationDate": "08-02-2024",
      "isPromoActive": "N",
      "priceChangeCode": "H"
    },
    "isAvailable": true,
    "isPriceAvailable": true,
    "inPromo": false,
    "gtin": [
      "08720608023059",
      "08720608023233",
      "08722700591542",
      "05900300587018"
    ],
    "topCategoryName": "Dranken",
    "topCategoryId": "354",
    "businessDomain": "RETAIL_BE",
    "IsPrivateLabel": false,
    "IsBiffe": false,
    "WeightconversionFactor": "0",
    "IsWeightArticle": false,
    "nutriscoreLabel": "B",
    "IsBio": false,
    "CountryOfOrigin": "POLEN",
    "IsExclusivelySoldInLuxembourg": false,
    "OrderUnit": "P",
    "ShortName": "HC LIPT MUNT 100 BUILT",
    "IsNew": false,
    "EcoscoreLabel": "B",
    "RecentQuanityOfStockUnits": "1,1",
    "LongName": "LIPTON Infusie Relax Peppermint 100st",
    "AlcoholVolume": "0",
    "FicCode": "E",
    "EcoscoreValue": "79"
  },
  {
    "productId": "86254",
    "technicalArticleNumber": "2992676",
    "commercialArticleNumber": "12141",
    "name": "sangria rood 15,0%vol BIB",
    "brand": "QUINT",
    "seoBrand": "Quint",
    "thumbNail": "https://static.colruytgroup.com/images/200x200/std.lang.all/51/16/asset-2095116.jpg",
    "fullImage": "https://static.colruytgroup.com/images/500x500/std.lang.all/51/16/asset-2095116.jpg",
    "squareImage": "https://static.colruytgroup.com/images/500x500sq/std.lang.all/51/16/asset-2095116.jpg",
    "content": "3L",
    "walkRouteSequenceNumber": 895,
    "price": {
      "basicPrice": 23.5,
      "recommendedQuantity": "1.0",
      "measurementUnitPrice": 7.84,
      "measurementUnit": "L",
      "isRedPrice": false,
      "pricePerUOM": 7.84,
      "activationDate": "24-02-2024",
      "recordSource": "Online",
      "isPromoActive": "N",
      "priceChangeCode": "H"
    },
    "isAvailable": true,
    "isPriceAvailable": true,
    "inPromo": false,
    "gtin": [
      "05425013859233",
      "05425013853040"
    ],
    "topCategoryName": "Dranken",
    "topCategoryId": "354",
    "businessDomain": "RETAIL_BE",
    "IsPrivateLabel": false,
    "IsBiffe": false,
    "WeightconversionFactor": "0",
    "IsWeightArticle": false,
    "IsBio": false,
    "CountryOfOrigin": "SPANJE",
    "IsExclusivelySoldInLuxembourg": false,
    "OrderUnit": "P",
    "ShortName": "QUINT SANGRIA ROOD 3L",
    "IsNew": false,
    "EcoscoreLabel": "D",
    "RecentQuanityOfStockUnits": "1",
    "LongName": "QUINT sangria rood 15,0%vol BIB 3L",
    "AlcoholVolume": "15",
    "FicCode": "E",
    "EcoscoreValue": "35"
  },
  {
    "productId": "879253",
    "technicalArticleNumber": "4735545",
    "commercialArticleNumber": "21161",
    "name": "Gueuze Lambic 4.5%",
    "brand": "MORT SUBITE",
    "seoBrand": "Mort Subite",
    "thumbNail": "https://static.colruytgroup.com/images/200x200/std.lang.all/04/03/asset-3360403.jpg",
    "fullImage": "https://static.colruytgroup.com/images/500x500/std.lang.all/04/03/asset-3360403.jpg",
    "squareImage": "https://static.colruytgroup.com/images/500x500sq/std.lang.all/04/03/asset-3360403.jpg",
    "content": "6x25cl",
    "walkRouteSequenceNumber": 3811,
    "price": {
      "basicPrice": 7.93,
      "recommendedQuantity": "1.0",
      "measurementUnitPrice": 5.29,
      "measurementUnit": "L",
      "isRedPrice": false,
      "pricePerUOM": 5.29,
      "activationDate": "13-01-2024",
      "recordSource": "Offline",
      "isPromoActive": "N",
      "priceChangeCode": "E"
    },
    "isAvailable": true,
    "isPriceAvailable": true,
    "inPromo": false,
    "gtin": [
      "05400141632859",
      "05411656051097",
      "05411656051127"
    ],
    "topCategoryName": "Dranken",
    "topCategoryId": "354",
    "businessDomain": "RETAIL_BE",
    "IsPrivateLabel": false,
    "IsBiffe": false,
    "WeightconversionFactor": "0",
    "IsWeightArticle": false,
    "IsBio": false,
    "CountryOfOrigin": "BELGIË",
    "IsExclusivelySoldInLuxembourg": false,
    "OrderUnit": "P",
    "ShortName": "MOSU GUEUZE LAMB.6X25CL",
    "IsNew": false,
    "EcoscoreLabel": "B",
    "RecentQuanityOfStockUnits": "1",
    "LongName": "MORT SUBITE Gueuze Lambic 4.5% 6x25cl",
    "AlcoholVolume": "4.5",
    "FicCode": "E",
    "DepositValue": [
      0.6
    ],
    "EcoscoreValue": "69"
  },
  {
    "productId": "859243",
    "technicalArticleNumber": "4709646",
    "commercialArticleNumber": "31812",
    "name": "P.Fru.Martini 14,9%",
    "description": "*Ready to serve\n*Aperitief\n*14,9 % vol",
    "brand": "TAILS COCKTAILS",
    "seoBrand": "TAILS COCKTAILS",
    "thumbNail": "https://static.colruytgroup.com/images/200x200/std.lang.all/03/56/asset-3160356.jpg",
    "fullImage": "https://static.colruytgroup.com/images/500x500/std.lang.all/03/56/asset-3160356.jpg",
    "squareImage": "https://static.colruytgroup.com/images/500x500sq/std.lang.all/03/56/asset-3160356.jpg",
    "content": "50cl",
    "walkRouteSequenceNumber": 775,
    "price": {
      "basicPrice": 15.49,
      "recommendedQuantity": "1.0",
      "measurementUnitPrice": 30.98,
      "measurementUnit": "L",
      "isRedPrice": false,
      "pricePerUOM": 30.98,
      "activationDate": "15-03-2024",
      "recordSource": "Offline",
      "isPromoActive": "N",
      "priceChangeCode": "L"
    },
    "isAvailable": true,
    "isPriceAvailable": true,
    "inPromo": false,
    "gtin": [
      "07610113017326",
      "07610113017333"
    ],
    "topCategoryName": "Dranken",
    "topCategoryId": "354",
    "businessDomain": "RETAIL_BE",
    "IsPrivateLabel": false,
    "IsBiffe": false,
    "WeightconversionFactor": "0",
    "IsWeightArticle": false,
    "IsBio": false,
    "CountryOfOrigin": "VERENIGD KONINKRIJK",
    "IsExclusivelySoldInLuxembourg": false,
    "OrderUnit": "P",
    "ShortName": "TACO PAS.FR.MARTINI50CL",
    "IsNew": false,
    "EcoscoreLabel": "D",
    "RecentQuanityOfStockUnits": "1",
    "LongName": "TAILS COCKTAILS P.Fru.Martini 14,9% 50cl",
    "AlcoholVolume": "14.9",
    "FicCode": "E",
    "EcoscoreValue": "31"
  },
  {
    "productId": "900511",
    "technicalArticleNumber": "4757714",
    "commercialArticleNumber": "23064",
    "name": "Tripel 8,5%",
    "description": "*Abdijbier\n*Blond\n*8,5 % vol",
    "brand": "ST FEUILLIEN",
    "seoBrand": "St Feuillien",
    "thumbNail": "https://static.colruytgroup.com/images/200x200/std.lang.all/12/03/asset-3331203.jpg",
    "fullImage": "https://static.colruytgroup.com/images/500x500/std.lang.all/12/03/asset-3331203.jpg",
    "squareImage": "https://static.colruytgroup.com/images/500x500sq/std.lang.all/12/03/asset-3331203.jpg",
    "content": "6x33cl",
    "walkRouteSequenceNumber": 3644,
    "price": {
      "basicPrice": 10.72,
      "recommendedQuantity": "1.0",
      "quantityPrice": 10.29,
      "quantityPriceQuantity": "3.0",
      "measurementUnitPrice": 5.42,
      "measurementUnitQuantityPrice": 5.2,
      "measurementUnit": "L",
      "isRedPrice": false,
      "pricePerUOM": 5.42,
      "activationDate": "13-03-2024",
      "recordSource": "Offline",
      "isPromoActive": "N",
      "priceChangeCode": "E",
      "quantityPricePerUOM": 5.2,
      "quantityActivationDate": "13-03-2024",
      "quantityPriceChangeCode": "E"
    },
    "isAvailable": true,
    "isPriceAvailable": true,
    "inPromo": true,
    "promotion": [
      {
        "techPromoId": "100954COLR",
        "promotionId": "100954",
        "promotionType": "0",
        "isPersonalized": "N",
        "publicationStartDate": "13-03-2024",
        "publicationEndDate": "26-03-2024"
      }
    ],
    "gtin": [
      "05400141709759",
      "05412138403311"
    ],
    "topCategoryName": "Dranken",
    "topCategoryId": "354",
    "businessDomain": "RETAIL_BE",
    "IsPrivateLabel": false,
    "IsBiffe": false,
    "WeightconversionFactor": "0",
    "IsWeightArticle": false,
    "IsBio": false,
    "CountryOfOrigin": "BELGIË",
    "IsExclusivelySoldInLuxembourg": false,
    "OrderUnit": "P",
    "ShortName": "STFE TRIPEL 8.5% 6X33CL",
    "IsNew": false,
    "EcoscoreLabel": "B",
    "RecentQuanityOfStockUnits": "1",
    "LongName": "ST FEUILLIEN Tripel 8,5% 6x33cl",
    "AlcoholVolume": "8.5",
    "FicCode": "E",
    "DepositValue": [
      0.6
    ],
    "EcoscoreValue": "73"
  },
  {
    "productId": "1028875",
    "technicalArticleNumber": "4793621",
    "commercialArticleNumber": "35823",
    "name": "Zero Sugar",
    "description": "*Energiedrank\n*Taurine/cafeïne\n*Met zoetstoffen",
    "brand": "MONSTER",
    "seoBrand": "Monster Energy",
    "thumbNail": "https://ecgproductmw.colruytgroup.com/ecgproductmw/noPicForArticle_2.jpg",
    "fullImage": "https://ecgproductmw.colruytgroup.com/ecgproductmw/noPicForArticle_5.jpg",
    "squareImage": "https://ecgproductmw.colruytgroup.com/ecgproductmw/noPicForArticle_5.jpg",
    "content": "50cl",
    "walkRouteSequenceNumber": 4663,
    "price": {
      "basicPrice": 1.68,
      "recommendedQuantity": "4.0",
      "quantityPrice": 1.61,
      "quantityPriceQuantity": "24.0",
      "measurementUnitPrice": 3.36,
      "measurementUnitQuantityPrice": 3.22,
      "measurementUnit": "L",
      "isRedPrice": false,
      "pricePerUOM": 3.36,
      "activationDate": "19-03-2024",
      "recordSource": "Online",
      "isPromoActive": "N",
      "priceChangeCode": "E",
      "quantityPricePerUOM": 3.22,
      "quantityActivationDate": "19-03-2024",
      "quantityPriceChangeCode": "E"
    },
    "isAvailable": true,
    "isPriceAvailable": true,
    "inPromo": false,
    "gtin": [
      "05060947549722",
      "05060947549739",
      "05060947549715"
    ],
    "topCategoryName": "Dranken",
    "topCategoryId": "354",
    "businessDomain": "RETAIL_BE",
    "IsPrivateLabel": false,
    "IsBiffe": false,
    "WeightconversionFactor": "0",
    "IsWeightArticle": false,
    "nutriscoreLabel": "E",
    "IsBio": false,
    "CountryOfOrigin": "BELGIË",
    "IsExclusivelySoldInLuxembourg": false,
    "OrderUnit": "P",
    "ShortName": "MONS ENERGY ZERO BLIK50",
    "IsNew": true,
    "RecentQuanityOfStockUnits": "1,24,4",
    "LongName": "MONSTER Zero Sugar 50cl",
    "AlcoholVolume": "0",
    "FicCode": "E"
  },
  {
    "productId": "714243",
    "technicalArticleNumber": "4458193",
    "commercialArticleNumber": "16518",
    "name": "caps Magnifico",
    "description": "*Koffie\n*Caps",
    "brand": "CHARLES LIÉGEOIS",
    "seoBrand": "Charles Liégeois",
    "thumbNail": "https://static.colruytgroup.com/images/200x200/std.lang.all/95/90/asset-2619590.jpg",
    "fullImage": "https://static.colruytgroup.com/images/500x500/std.lang.all/95/90/asset-2619590.jpg",
    "squareImage": "https://static.colruytgroup.com/images/500x500sq/std.lang.all/95/90/asset-2619590.jpg",
    "content": "16st",
    "walkRouteSequenceNumber": 1106,
    "price": {
      "basicPrice": 4.99,
      "recommendedQuantity": "1.0",
      "quantityPrice": 2.49,
      "quantityPriceQuantity": "2.0",
      "measurementUnitPrice": 44.56,
      "measurementUnitQuantityPrice": 22.24,
      "measurementUnit": "K",
      "isRedPrice": false,
      "pricePerUOM": 44.56,
      "activationDate": "19-03-2024",
      "recordSource": "Offline",
      "isPromoActive": "N",
      "priceChangeCode": "H",
      "quantityPricePerUOM": 22.24,
      "quantityActivationDate": "19-03-2024",
      "quantityPriceChangeCode": "E"
    },
    "isAvailable": true,
    "isPriceAvailable": true,
    "inPromo": false,
    "gtin": [
      "05411651871034",
      "65411651871036"
    ],
    "topCategoryName": "Dranken",
    "topCategoryId": "354",
    "businessDomain": "RETAIL_BE",
    "IsPrivateLabel": false,
    "IsBiffe": false,
    "WeightconversionFactor": "0",
    "IsWeightArticle": false,
    "nutriscoreLabel": "B",
    "IsBio": false,
    "CountryOfOrigin": "BELGIË",
    "IsExclusivelySoldInLuxembourg": false,
    "OrderUnit": "P",
    "ShortName": "CHLI MAGNIFICO 16CAPS",
    "IsNew": false,
    "EcoscoreLabel": "C",
    "RecentQuanityOfStockUnits": "3,1",
    "LongName": "CHARLES LIÉGEOIS caps Magnifico 16st",
    "FicCode": "E",
    "EcoscoreValue": "40"
  },
  {
    "productId": "424",
    "technicalArticleNumber": "5097",
    "commercialArticleNumber": "5097",
    "name": "bier 5,2%vol",
    "description": "*Vlaams roodbruin\nbier\n*5,2 % vol\n*Gemengde gisting",
    "brand": "RODENBACH",
    "seoBrand": "Rodenbach",
    "thumbNail": "https://static.colruytgroup.com/images/200x200/std.lang.all/10/17/asset-1771017.jpg",
    "fullImage": "https://static.colruytgroup.com/images/500x500/std.lang.all/10/17/asset-1771017.jpg",
    "squareImage": "https://static.colruytgroup.com/images/500x500sq/std.lang.all/10/17/asset-1771017.jpg",
    "content": "24x25cl",
    "walkRouteSequenceNumber": 3930,
    "price": {
      "basicPrice": 24.49,
      "recommendedQuantity": "1.0",
      "quantityPrice": 23.51,
      "quantityPriceQuantity": "3.0",
      "measurementUnitPrice": 4.09,
      "measurementUnitQuantityPrice": 3.92,
      "measurementUnit": "L",
      "isRedPrice": false,
      "pricePerUOM": 4.09,
      "activationDate": "07-02-2024",
      "isPromoActive": "N",
      "priceChangeCode": "H",
      "quantityPricePerUOM": 3.92,
      "quantityActivationDate": "07-02-2024",
      "quantityPriceChangeCode": "L"
    },
    "isAvailable": true,
    "isPriceAvailable": true,
    "inPromo": false,
    "gtin": [
      "00000054125001"
    ],
    "topCategoryName": "Dranken",
    "topCategoryId": "354",
    "businessDomain": "RETAIL_BE",
    "IsPrivateLabel": false,
    "IsBiffe": false,
    "WeightconversionFactor": "0",
    "IsWeightArticle": false,
    "IsBio": false,
    "CountryOfOrigin": "BELGIË",
    "IsExclusivelySoldInLuxembourg": false,
    "OrderUnit": "P",
    "ShortName": "RE RODENBACH 25CLX24",
    "IsNew": false,
    "EcoscoreLabel": "D",
    "RecentQuanityOfStockUnits": "1",
    "LongName": "RODENBACH bier 5,2%vol 24x25cl",
    "AlcoholVolume": "5.2",
    "FicCode": "E",
    "DepositValue": [
      4.5
    ],
    "EcoscoreValue": "37"
  },
  {
    "productId": "135028",
    "technicalArticleNumber": "3139771",
    "commercialArticleNumber": "33111",
    "name": "rum Imperial Blanc 40%",
    "description": "*Witte rum\n*Rum agricole\n*Martinique",
    "brand": "SAINT JAMES",
    "seoBrand": "Saint James",
    "thumbNail": "https://static.colruytgroup.com/images/200x200/std.lang.all/20/82/asset-2782082.jpg",
    "fullImage": "https://static.colruytgroup.com/images/500x500/std.lang.all/20/82/asset-2782082.jpg",
    "squareImage": "https://static.colruytgroup.com/images/500x500sq/std.lang.all/20/82/asset-2782082.jpg",
    "content": "70cl",
    "walkRouteSequenceNumber": 807,
    "price": {
      "basicPrice": 24.49,
      "recommendedQuantity": "1.0",
      "measurementUnitPrice": 34.99,
      "measurementUnit": "L",
      "isRedPrice": false,
      "pricePerUOM": 34.99,
      "activationDate": "19-03-2024",
      "recordSource": "Offline",
      "isPromoActive": "N",
      "priceChangeCode": "E"
    },
    "isAvailable": true,
    "isPriceAvailable": true,
    "inPromo": true,
    "promotion": [
      {
        "techPromoId": "001003COLR",
        "promotionId": "001003",
        "promotionType": "3",
        "isPersonalized": "N",
        "publicationStartDate": "18-03-2024",
        "publicationEndDate": "19-04-2024"
      }
    ],
    "gtin": [
      "03147691289622",
      "03147691242474",
      "03147691232178",
      "03147691123131",
      "03147699101186"
    ],
    "topCategoryName": "Dranken",
    "topCategoryId": "354",
    "businessDomain": "RETAIL_BE",
    "IsPrivateLabel": false,
    "IsBiffe": false,
    "WeightconversionFactor": "0",
    "IsWeightArticle": false,
    "IsBio": false,
    "CountryOfOrigin": "FRANKRIJK",
    "IsExclusivelySoldInLuxembourg": false,
    "OrderUnit": "P",
    "ShortName": "ST JAMES WIT 70C 40",
    "IsNew": false,
    "EcoscoreLabel": "D",
    "RecentQuanityOfStockUnits": "1,6",
    "LongName": "SAINT JAMES rum Imperial Blanc 40% 70cl",
    "AlcoholVolume": "40",
    "FicCode": "E",
    "EcoscoreValue": "38"
  },
  {
    "productId": "700646",
    "technicalArticleNumber": "4433137",
    "commercialArticleNumber": "15416",
    "name": "Honey 32,5%",
    "description": "*Bourbon bl. whiskey\n*USA",
    "brand": "JIM BEAM",
    "seoBrand": "Jim Beam",
    "thumbNail": "https://static.colruytgroup.com/images/200x200/std.lang.all/01/35/asset-2460135.jpg",
    "fullImage": "https://static.colruytgroup.com/images/500x500/std.lang.all/01/35/asset-2460135.jpg",
    "squareImage": "https://static.colruytgroup.com/images/500x500sq/std.lang.all/01/35/asset-2460135.jpg",
    "content": "70cl",
    "walkRouteSequenceNumber": 988,
    "price": {
      "basicPrice": 20.5,
      "recommendedQuantity": "1.0",
      "measurementUnitPrice": 29.29,
      "measurementUnit": "L",
      "isRedPrice": false,
      "pricePerUOM": 29.29,
      "activationDate": "07-03-2024",
      "recordSource": "Online",
      "isPromoActive": "N",
      "priceChangeCode": "H"
    },
    "isAvailable": true,
    "isPriceAvailable": true,
    "inPromo": false,
    "gtin": [
      "00080686021902",
      "05060045590039",
      "05060045590022",
      "10080686021909"
    ],
    "topCategoryName": "Dranken",
    "topCategoryId": "354",
    "businessDomain": "RETAIL_BE",
    "IsPrivateLabel": false,
    "IsBiffe": false,
    "WeightconversionFactor": "0",
    "IsWeightArticle": false,
    "IsBio": false,
    "CountryOfOrigin": "VERENIGDE STATEN VAN AMERIKA",
    "IsExclusivelySoldInLuxembourg": false,
    "OrderUnit": "P",
    "ShortName": "JIMB HONEY 32.5% 70CL",
    "IsNew": false,
    "EcoscoreLabel": "E",
    "RecentQuanityOfStockUnits": "1,1",
    "LongName": "JIM BEAM Honey 32,5% 70cl",
    "AlcoholVolume": "32.5",
    "FicCode": "E",
    "EcoscoreValue": "18"
  },
  {
    "productId": "868357",
    "technicalArticleNumber": "4721381",
    "commercialArticleNumber": "15356",
    "name": "Café caps Espresso 9",
    "brand": "DOUWE EGBERTS",
    "seoBrand": "Douwe Egberts",
    "thumbNail": "https://static.colruytgroup.com/images/200x200/std.lang.all/73/97/asset-3207397.jpg",
    "fullImage": "https://static.colruytgroup.com/images/500x500/std.lang.all/73/97/asset-3207397.jpg",
    "squareImage": "https://static.colruytgroup.com/images/500x500sq/std.lang.all/73/97/asset-3207397.jpg",
    "content": "20st",
    "walkRouteSequenceNumber": 1062,
    "price": {
      "basicPrice": 6.29,
      "recommendedQuantity": "1.0",
      "measurementUnitPrice": 60.49,
      "measurementUnit": "K",
      "isRedPrice": false,
      "pricePerUOM": 60.49,
      "activationDate": "11-03-2024",
      "recordSource": "Offline",
      "isPromoActive": "N",
      "priceChangeCode": "E"
    },
    "isAvailable": true,
    "isPriceAvailable": true,
    "inPromo": false,
    "gtin": [
      "08711000452196",
      "08711000452202"
    ],
    "topCategoryName": "Dranken",
    "topCategoryId": "354",
    "businessDomain": "RETAIL_BE",
    "IsPrivateLabel": false,
    "IsBiffe": false,
    "WeightconversionFactor": "0",
    "IsWeightArticle": false,
    "nutriscoreLabel": "B",
    "IsBio": false,
    "CountryOfOrigin": "FRANKRIJK",
    "IsExclusivelySoldInLuxembourg": false,
    "OrderUnit": "P",
    "ShortName": "D.E. CAFE ESPRE.9 20CAP",
    "IsNew": false,
    "RecentQuanityOfStockUnits": "1",
    "LongName": "DOUWE EGBERTS Café caps Espresso 9 20st",
    "FicCode": "E"
  },
  {
    "productId": "246047",
    "technicalArticleNumber": "3606627",
    "commercialArticleNumber": "12726",
    "name": "caps Magnifico",
    "description": "*Koffie\n*Caps",
    "brand": "CHARLES LIÉGEOIS",
    "seoBrand": "Charles Liégeois",
    "thumbNail": "https://static.colruytgroup.com/images/200x200/std.lang.all/95/60/asset-2619560.jpg",
    "fullImage": "https://static.colruytgroup.com/images/500x500/std.lang.all/95/60/asset-2619560.jpg",
    "squareImage": "https://static.colruytgroup.com/images/500x500sq/std.lang.all/95/60/asset-2619560.jpg",
    "content": "20st",
    "walkRouteSequenceNumber": 1052,
    "price": {
      "basicPrice": 6.15,
      "recommendedQuantity": "1.0",
      "quantityPrice": 3.07,
      "quantityPriceQuantity": "2.0",
      "measurementUnitPrice": 59.14,
      "measurementUnitQuantityPrice": 29.52,
      "measurementUnit": "K",
      "isRedPrice": false,
      "pricePerUOM": 59.14,
      "activationDate": "23-03-2024",
      "recordSource": "Offline",
      "isPromoActive": "N",
      "priceChangeCode": "E",
      "quantityPricePerUOM": 29.52,
      "quantityActivationDate": "23-03-2024",
      "quantityPriceChangeCode": "E"
    },
    "isAvailable": true,
    "isPriceAvailable": true,
    "inPromo": false,
    "gtin": [
      "65411651811001",
      "05411651811009"
    ],
    "topCategoryName": "Dranken",
    "topCategoryId": "354",
    "businessDomain": "RETAIL_BE",
    "IsPrivateLabel": false,
    "IsBiffe": false,
    "WeightconversionFactor": "0",
    "IsWeightArticle": false,
    "nutriscoreLabel": "B",
    "IsBio": false,
    "CountryOfOrigin": "BELGIË",
    "IsExclusivelySoldInLuxembourg": false,
    "OrderUnit": "P",
    "ShortName": "RE CHLI MAGNIFICO 20CAP",
    "IsNew": false,
    "EcoscoreLabel": "C",
    "RecentQuanityOfStockUnits": "6,1",
    "LongName": "CHARLES LIÉGEOIS caps Magnifico 20st",
    "AlcoholVolume": "0",
    "FicCode": "E",
    "EcoscoreValue": "40"
  },
  {
    "productId": "511401",
    "technicalArticleNumber": "4083517",
    "commercialArticleNumber": "7795",
    "name": "Zero Vanilla",
    "brand": "COCA-COLA",
    "seoBrand": "Coca-Cola Zero Sugar",
    "thumbNail": "https://static.colruytgroup.com/images/200x200/std.lang.all/47/20/asset-2554720.jpg",
    "fullImage": "https://static.colruytgroup.com/images/500x500/std.lang.all/47/20/asset-2554720.jpg",
    "squareImage": "https://static.colruytgroup.com/images/500x500sq/std.lang.all/47/20/asset-2554720.jpg",
    "content": "33cl",
    "walkRouteSequenceNumber": 4356,
    "price": {
      "basicPrice": 0.92,
      "recommendedQuantity": "6.0",
      "measurementUnitPrice": 2.79,
      "measurementUnit": "L",
      "isRedPrice": false,
      "pricePerUOM": 2.79,
      "activationDate": "13-03-2024",
      "recordSource": "Online",
      "isPromoActive": "N",
      "priceChangeCode": "E"
    },
    "isAvailable": true,
    "isPriceAvailable": true,
    "inPromo": false,
    "gtin": [
      "05449000226433",
      "05449000248954",
      "05449000248947",
      "05449000259769",
      "05449000304292",
      "05449000304308"
    ],
    "topCategoryName": "Dranken",
    "topCategoryId": "354",
    "businessDomain": "RETAIL_BE",
    "IsPrivateLabel": false,
    "IsBiffe": false,
    "WeightconversionFactor": "0",
    "IsWeightArticle": false,
    "nutriscoreLabel": "C",
    "IsBio": false,
    "CountryOfOrigin": "BELGIË",
    "IsExclusivelySoldInLuxembourg": false,
    "OrderUnit": "P",
    "ShortName": "COCA ZERO VANILLA 33CL",
    "IsNew": false,
    "RecentQuanityOfStockUnits": "1,6,24",
    "LongName": "COCA-COLA Zero Vanilla 33cl",
    "FicCode": "E"
  },
  {
    "productId": "907396",
    "technicalArticleNumber": "4758783",
    "commercialArticleNumber": "2015",
    "name": "Pils Blind Tasting Box",
    "description": "*Pilsbier\n*8 soorten\n*Min: 4,4 % vol\n*Max: 5,2 % vol",
    "brand": "UNWRAPP",
    "seoBrand": "Unwrapp",
    "thumbNail": "https://static.colruytgroup.com/images/200x200/std.lang.all/90/11/asset-3359011.jpg",
    "fullImage": "https://static.colruytgroup.com/images/500x500/std.lang.all/90/11/asset-3359011.jpg",
    "squareImage": "https://static.colruytgroup.com/images/500x500sq/std.lang.all/90/11/asset-3359011.jpg",
    "content": "8x33cl",
    "walkRouteSequenceNumber": 3834,
    "price": {
      "basicPrice": 11.19,
      "recommendedQuantity": "1.0",
      "measurementUnitPrice": 4.24,
      "measurementUnit": "L",
      "isRedPrice": true,
      "redPriceReason": "Promo",
      "referencePrice": 12.99,
      "retentionPeriod": 30,
      "pricePerUOM": 4.24,
      "activationDate": "08-03-2024",
      "isPromoActive": "Y",
      "priceChangeCode": "L"
    },
    "isAvailable": true,
    "isPriceAvailable": true,
    "inPromo": false,
    "gtin": [
      "08720892106483",
      "08720892106490"
    ],
    "topCategoryName": "Dranken",
    "topCategoryId": "354",
    "businessDomain": "RETAIL_BE",
    "IsPrivateLabel": false,
    "IsBiffe": false,
    "WeightconversionFactor": "0",
    "IsWeightArticle": false,
    "IsBio": false,
    "CountryOfOrigin": "BELGIË",
    "IsExclusivelySoldInLuxembourg": false,
    "OrderUnit": "P",
    "ShortName": "UNWR PILS BLIND BOX8X33",
    "IsNew": false,
    "RecentQuanityOfStockUnits": "1",
    "LongName": "UNWRAPP Pils Blind Tasting Box 8x33cl",
    "AlcoholVolume": "5.2",
    "FicCode": "E"
  },
  {
    "productId": "872172",
    "technicalArticleNumber": "4726214",
    "commercialArticleNumber": "16031",
    "name": "Apple & Thyme",
    "description": "*Kant & klare\nmocktail\n*0 % vol",
    "brand": "THE MOCKTAIL CLUB",
    "seoBrand": "The mocktail club",
    "thumbNail": "https://static.colruytgroup.com/images/200x200/std.lang.all/74/14/asset-3217414.jpg",
    "fullImage": "https://static.colruytgroup.com/images/500x500/std.lang.all/74/14/asset-3217414.jpg",
    "squareImage": "https://static.colruytgroup.com/images/500x500sq/std.lang.all/74/14/asset-3217414.jpg",
    "content": "1L",
    "walkRouteSequenceNumber": 598,
    "price": {
      "basicPrice": 14.99,
      "recommendedQuantity": "1.0",
      "measurementUnitPrice": 14.99,
      "measurementUnit": "L",
      "isRedPrice": false,
      "pricePerUOM": 14.99,
      "activationDate": "14-02-2024",
      "isPromoActive": "N",
      "priceChangeCode": "E"
    },
    "isAvailable": true,
    "isPriceAvailable": true,
    "inPromo": false,
    "gtin": [
      "05430001854046",
      "05430001854169"
    ],
    "topCategoryName": "Dranken",
    "topCategoryId": "354",
    "businessDomain": "RETAIL_BE",
    "IsPrivateLabel": false,
    "IsBiffe": false,
    "WeightconversionFactor": "0",
    "IsWeightArticle": false,
    "nutriscoreLabel": "C",
    "IsBio": false,
    "CountryOfOrigin": "BELGIË",
    "IsExclusivelySoldInLuxembourg": false,
    "OrderUnit": "P",
    "ShortName": "MOCL APPLE & THYME 1L",
    "IsNew": false,
    "RecentQuanityOfStockUnits": "1",
    "LongName": "THE MOCKTAIL CLUB Apple & Thyme 1L",
    "AlcoholVolume": "0",
    "FicCode": "E"
  },
  {
    "productId": "447152",
    "technicalArticleNumber": "4028896",
    "commercialArticleNumber": "5490",
    "name": "eau de vie 45,0%vol",
    "description": "*Poire Williams\n*45,0 % vol",
    "brand": "POIRE WILLIAMS",
    "seoBrand": "Poire Williams",
    "thumbNail": "https://static.colruytgroup.com/images/200x200/std.lang.all/36/49/asset-1663649.jpg",
    "fullImage": "https://static.colruytgroup.com/images/500x500/std.lang.all/36/49/asset-1663649.jpg",
    "squareImage": "https://static.colruytgroup.com/images/500x500sq/std.lang.all/36/49/asset-1663649.jpg",
    "content": "50cl",
    "walkRouteSequenceNumber": 921,
    "price": {
      "basicPrice": 21.49,
      "recommendedQuantity": "1.0",
      "measurementUnitPrice": 42.98,
      "measurementUnit": "L",
      "isRedPrice": false,
      "pricePerUOM": 42.98,
      "activationDate": "21-03-2024",
      "isPromoActive": "N",
      "priceChangeCode": "H"
    },
    "isAvailable": true,
    "isPriceAvailable": true,
    "inPromo": false,
    "gtin": [
      "03507110009680",
      "03507110003107"
    ],
    "topCategoryName": "Dranken",
    "topCategoryId": "354",
    "businessDomain": "RETAIL_BE",
    "IsPrivateLabel": false,
    "IsBiffe": false,
    "WeightconversionFactor": "0",
    "IsWeightArticle": false,
    "IsBio": false,
    "CountryOfOrigin": "FRANKRIJK",
    "IsExclusivelySoldInLuxembourg": false,
    "OrderUnit": "P",
    "ShortName": "POIRE WILLIAMS 45% 50CL",
    "IsNew": false,
    "RecentQuanityOfStockUnits": "1",
    "LongName": "POIRE WILLIAMS eau de vie 45,0%vol 50cl",
    "AlcoholVolume": "45",
    "FicCode": "E"
  },
  {
    "productId": "68320",
    "technicalArticleNumber": "2742400",
    "commercialArticleNumber": "38383",
    "name": "Rhum Agricole 40%",
    "description": "*Witte rum\n*Rum agricole\n*Martinique",
    "brand": "MARIE GALANTE",
    "seoBrand": "Marie Galante",
    "thumbNail": "https://static.colruytgroup.com/images/200x200/std.lang.all/82/97/asset-2068297.jpg",
    "fullImage": "https://static.colruytgroup.com/images/500x500/std.lang.all/82/97/asset-2068297.jpg",
    "squareImage": "https://static.colruytgroup.com/images/500x500sq/std.lang.all/82/97/asset-2068297.jpg",
    "content": "70cl",
    "walkRouteSequenceNumber": 806,
    "price": {
      "basicPrice": 19.49,
      "recommendedQuantity": "1.0",
      "measurementUnitPrice": 27.85,
      "measurementUnit": "L",
      "isRedPrice": false,
      "pricePerUOM": 27.85,
      "activationDate": "10-11-2023",
      "isPromoActive": "N",
      "priceChangeCode": "E"
    },
    "isAvailable": true,
    "isPriceAvailable": true,
    "inPromo": false,
    "gtin": [
      "05400141104677",
      "05400141015324",
      "15400141104674"
    ],
    "topCategoryName": "Dranken",
    "topCategoryId": "354",
    "businessDomain": "RETAIL_BE",
    "IsPrivateLabel": true,
    "IsBiffe": false,
    "WeightconversionFactor": "0",
    "IsWeightArticle": false,
    "IsBio": false,
    "CountryOfOrigin": "BELGIË",
    "IsExclusivelySoldInLuxembourg": false,
    "OrderUnit": "P",
    "ShortName": "MGAL RHUM AGRICOLE70CL",
    "InSeason": true,
    "IsNew": false,
    "EcoscoreLabel": "C",
    "RecentQuanityOfStockUnits": "1,6",
    "LongName": "MARIE GALANTE Rhum Agricole 40% 70cl",
    "AlcoholVolume": "39.7",
    "StartSeasonDate": "04/06/2019",
    "FicCode": "I",
    "EcoscoreValue": "51"
  },
  {
    "productId": "16078",
    "technicalArticleNumber": "1554977",
    "commercialArticleNumber": "7854",
    "name": "bier br. 5,0%vol",
    "description": "*Speciaalbier\n*5 % vol\n*Nagisting op fles",
    "brand": "ADRIAEN BROUWER",
    "seoBrand": "Adriaen Brouwer",
    "thumbNail": "https://static.colruytgroup.com/images/200x200/std.lang.all/17/76/asset-2711776.jpg",
    "fullImage": "https://static.colruytgroup.com/images/500x500/std.lang.all/17/76/asset-2711776.jpg",
    "squareImage": "https://static.colruytgroup.com/images/500x500sq/std.lang.all/17/76/asset-2711776.jpg",
    "content": "8x25cl",
    "walkRouteSequenceNumber": 3662,
    "price": {
      "basicPrice": 5.99,
      "recommendedQuantity": "1.0",
      "measurementUnitPrice": 3,
      "measurementUnit": "L",
      "isRedPrice": false,
      "pricePerUOM": 3,
      "activationDate": "13-03-2024",
      "isPromoActive": "Y",
      "priceChangeCode": "E"
    },
    "isAvailable": true,
    "isPriceAvailable": true,
    "inPromo": true,
    "promotion": [
      {
        "techPromoId": "100930COLR",
        "promotionId": "100930",
        "promotionType": "0",
        "isPersonalized": "N",
        "publicationStartDate": "13-03-2024",
        "publicationEndDate": "26-03-2024"
      }
    ],
    "gtin": [
      "05412583240127",
      "05400141078541",
      "00000054060036"
    ],
    "topCategoryName": "Dranken",
    "topCategoryId": "354",
    "businessDomain": "RETAIL_BE",
    "IsPrivateLabel": false,
    "IsBiffe": false,
    "WeightconversionFactor": "0",
    "IsWeightArticle": false,
    "IsBio": false,
    "CountryOfOrigin": "BELGIË",
    "IsExclusivelySoldInLuxembourg": false,
    "OrderUnit": "P",
    "ShortName": "ADRIAAN BROUWER 8X25",
    "IsNew": false,
    "EcoscoreLabel": "B",
    "RecentQuanityOfStockUnits": "1",
    "LongName": "ADRIAEN BROUWER bier br. 5,0%vol 8x25cl",
    "AlcoholVolume": "5",
    "FicCode": "E",
    "DepositValue": [
      0.8
    ],
    "EcoscoreValue": "73"
  },
  {
    "productId": "848026",
    "technicalArticleNumber": "4694950",
    "commercialArticleNumber": "26098",
    "name": "siroop pompelmoes-hop",
    "description": "*Vruchtensiroop",
    "brand": "BATTELIEK",
    "seoBrand": "Batteliek",
    "thumbNail": "https://static.colruytgroup.com/images/200x200/std.lang.all/79/95/asset-3017995.jpg",
    "fullImage": "https://static.colruytgroup.com/images/500x500/std.lang.all/79/95/asset-3017995.jpg",
    "squareImage": "https://static.colruytgroup.com/images/500x500sq/std.lang.all/79/95/asset-3017995.jpg",
    "content": "70cl",
    "walkRouteSequenceNumber": 601,
    "price": {
      "basicPrice": 14.29,
      "recommendedQuantity": "1.0",
      "measurementUnitPrice": 20.42,
      "measurementUnit": "L",
      "isRedPrice": false,
      "pricePerUOM": 20.42,
      "activationDate": "28-02-2024",
      "isPromoActive": "N",
      "priceChangeCode": "H"
    },
    "isAvailable": true,
    "isPriceAvailable": true,
    "inPromo": false,
    "gtin": [
      "05425006246897",
      "05425006246859"
    ],
    "topCategoryName": "Dranken",
    "topCategoryId": "354",
    "businessDomain": "RETAIL_BE",
    "IsPrivateLabel": false,
    "IsBiffe": false,
    "WeightconversionFactor": "0",
    "IsWeightArticle": false,
    "IsBio": false,
    "CountryOfOrigin": "BELGIË",
    "IsExclusivelySoldInLuxembourg": false,
    "OrderUnit": "P",
    "ShortName": "BATT POMPELMOES-HOP70CL",
    "IsNew": false,
    "EcoscoreLabel": "B",
    "RecentQuanityOfStockUnits": "1",
    "LongName": "BATTELIEK siroop pompelmoes-hop 70cl",
    "FicCode": "E",
    "EcoscoreValue": "79"
  },
  {
    "productId": "13967",
    "technicalArticleNumber": "1585879",
    "commercialArticleNumber": "5522",
    "name": "bier kriek 4%",
    "description": "*Fruitbier\n*4 % vol\n*Smaak: kriek",
    "brand": "BOON",
    "seoBrand": "Boon",
    "thumbNail": "https://static.colruytgroup.com/images/200x200/std.lang.all/04/55/asset-2210455.jpg",
    "fullImage": "https://static.colruytgroup.com/images/500x500/std.lang.all/04/55/asset-2210455.jpg",
    "squareImage": "https://static.colruytgroup.com/images/500x500sq/std.lang.all/04/55/asset-2210455.jpg",
    "content": "6x37,5cl",
    "walkRouteSequenceNumber": 3796,
    "price": {
      "basicPrice": 14.94,
      "recommendedQuantity": "1.0",
      "measurementUnitPrice": 6.64,
      "measurementUnit": "L",
      "isRedPrice": false,
      "pricePerUOM": 6.64,
      "activationDate": "14-11-2023",
      "recordSource": "Offline",
      "isPromoActive": "N",
      "priceChangeCode": "E"
    },
    "isAvailable": true,
    "isPriceAvailable": true,
    "inPromo": false,
    "gtin": [
      "00000025055221",
      "05412783053022",
      "05400141055221"
    ],
    "topCategoryName": "Dranken",
    "topCategoryId": "354",
    "businessDomain": "RETAIL_BE",
    "IsPrivateLabel": false,
    "IsBiffe": false,
    "WeightconversionFactor": "0",
    "IsWeightArticle": false,
    "IsBio": false,
    "CountryOfOrigin": "BELGIË",
    "IsExclusivelySoldInLuxembourg": false,
    "OrderUnit": "P",
    "ShortName": "BOON KRIEK 6X37.5CL",
    "IsNew": false,
    "EcoscoreLabel": "D",
    "RecentQuanityOfStockUnits": "1",
    "LongName": "BOON bier kriek 4% 6x37,5cl",
    "AlcoholVolume": "4",
    "FicCode": "I",
    "DepositValue": [
      1.2
    ],
    "EcoscoreValue": "37"
  },
  {
    "productId": "1344",
    "technicalArticleNumber": "18528",
    "commercialArticleNumber": "18528",
    "name": "armagnac 40,0%vol",
    "description": "*Armagnac\n*Minstens 4 jaar\ngerijpt\n*Digestief\n*40,0 % vol",
    "brand": "DUC DE MARAVAT",
    "seoBrand": "Duc De Maravat",
    "thumbNail": "https://static.colruytgroup.com/images/200x200/std.lang.all/84/74/asset-1648474.jpg",
    "fullImage": "https://static.colruytgroup.com/images/500x500/std.lang.all/84/74/asset-1648474.jpg",
    "squareImage": "https://static.colruytgroup.com/images/500x500sq/std.lang.all/84/74/asset-1648474.jpg",
    "content": "70cl",
    "walkRouteSequenceNumber": 1002,
    "price": {
      "basicPrice": 21.05,
      "recommendedQuantity": "1.0",
      "measurementUnitPrice": 30.08,
      "measurementUnit": "L",
      "isRedPrice": false,
      "pricePerUOM": 30.08,
      "activationDate": "27-01-2024",
      "isPromoActive": "N",
      "priceChangeCode": "H"
    },
    "isAvailable": true,
    "isPriceAvailable": true,
    "inPromo": false,
    "gtin": [
      "03289231130015",
      "03289231130039"
    ],
    "topCategoryName": "Dranken",
    "topCategoryId": "354",
    "businessDomain": "RETAIL_BE",
    "IsPrivateLabel": false,
    "IsBiffe": false,
    "WeightconversionFactor": "0",
    "IsWeightArticle": false,
    "IsBio": false,
    "CountryOfOrigin": "BELGIË",
    "IsExclusivelySoldInLuxembourg": false,
    "OrderUnit": "P",
    "ShortName": "ARMAGN MARAVAT 40% 70CL",
    "InSeason": true,
    "IsNew": false,
    "RecentQuanityOfStockUnits": "1",
    "LongName": "DUC DE MARAVAT armagnac 40,0%vol 70cl",
    "AlcoholVolume": "40",
    "StartSeasonDate": "05/07/2011",
    "FicCode": "E"
  },
  {
    "productId": "421009",
    "technicalArticleNumber": "3939090",
    "commercialArticleNumber": "1319",
    "name": "8,8%",
    "description": "*8.8% vol\n*Nagisting op fles",
    "brand": "TRIPEL LEFORT",
    "seoBrand": "Tripel Lefort",
    "thumbNail": "https://static.colruytgroup.com/images/200x200/std.lang.all/11/98/asset-2621198.jpg",
    "fullImage": "https://static.colruytgroup.com/images/500x500/std.lang.all/11/98/asset-2621198.jpg",
    "squareImage": "https://static.colruytgroup.com/images/500x500sq/std.lang.all/11/98/asset-2621198.jpg",
    "content": "75cl",
    "walkRouteSequenceNumber": 3599,
    "price": {
      "basicPrice": 5.57,
      "recommendedQuantity": "1.0",
      "measurementUnitPrice": 7.43,
      "measurementUnit": "L",
      "isRedPrice": false,
      "pricePerUOM": 7.43,
      "activationDate": "24-02-2024",
      "recordSource": "Online",
      "isPromoActive": "N",
      "priceChangeCode": "H"
    },
    "isAvailable": true,
    "isPriceAvailable": true,
    "inPromo": false,
    "gtin": [
      "05411858012025",
      "05411858100098"
    ],
    "topCategoryName": "Dranken",
    "topCategoryId": "354",
    "businessDomain": "RETAIL_BE",
    "IsPrivateLabel": false,
    "IsBiffe": false,
    "WeightconversionFactor": "0",
    "IsWeightArticle": false,
    "IsBio": false,
    "CountryOfOrigin": "BELGIË",
    "IsExclusivelySoldInLuxembourg": false,
    "OrderUnit": "P",
    "ShortName": "LEFO TRIPEL 8.8% 75CL",
    "IsNew": false,
    "EcoscoreLabel": "B",
    "RecentQuanityOfStockUnits": "6,1",
    "LongName": "TRIPEL LEFORT 8,8% 75cl",
    "AlcoholVolume": "8.8",
    "FicCode": "E",
    "EcoscoreValue": "72"
  },
  {
    "productId": "588738",
    "technicalArticleNumber": "4246179",
    "commercialArticleNumber": "20403",
    "name": "Oaked blond 8,5%",
    "description": "*Blond bier\n*8,5 % vol",
    "brand": "CORNET",
    "seoBrand": "Cornet",
    "thumbNail": "https://static.colruytgroup.com/images/200x200/std.lang.all/52/05/asset-2635205.jpg",
    "fullImage": "https://static.colruytgroup.com/images/500x500/std.lang.all/52/05/asset-2635205.jpg",
    "squareImage": "https://static.colruytgroup.com/images/500x500sq/std.lang.all/52/05/asset-2635205.jpg",
    "content": "24x33cl",
    "walkRouteSequenceNumber": 3949,
    "price": {
      "basicPrice": 33.99,
      "recommendedQuantity": "1.0",
      "measurementUnitPrice": 4.3,
      "measurementUnit": "L",
      "isRedPrice": false,
      "pricePerUOM": 4.3,
      "activationDate": "17-02-2024",
      "isPromoActive": "N",
      "priceChangeCode": "L"
    },
    "isAvailable": true,
    "isPriceAvailable": true,
    "inPromo": false,
    "gtin": [
      "05410783004594",
      "05410783004617"
    ],
    "topCategoryName": "Dranken",
    "topCategoryId": "354",
    "businessDomain": "RETAIL_BE",
    "IsPrivateLabel": false,
    "IsBiffe": false,
    "WeightconversionFactor": "0",
    "IsWeightArticle": false,
    "IsBio": false,
    "CountryOfOrigin": "BELGIË",
    "IsExclusivelySoldInLuxembourg": false,
    "OrderUnit": "P",
    "ShortName": "CORN OAKED BLOND24X33CL",
    "InSeason": true,
    "IsNew": false,
    "EcoscoreLabel": "D",
    "RecentQuanityOfStockUnits": "1",
    "LongName": "CORNET Oaked blond 8,5% 24x33cl",
    "AlcoholVolume": "8.5",
    "StartSeasonDate": "09/08/2021",
    "FicCode": "E",
    "DepositValue": [
      4.5
    ],
    "EcoscoreValue": "37"
  },
  {
    "productId": "410",
    "technicalArticleNumber": "5372",
    "commercialArticleNumber": "5372",
    "name": "abdijbier tripel 8,5%",
    "description": "*Abdijbier\n*8,5 % vol\n*Nagisting op fles",
    "brand": "ENAME",
    "seoBrand": "Ename",
    "thumbNail": "https://static.colruytgroup.com/images/200x200/std.lang.all/05/95/asset-3330595.jpg",
    "fullImage": "https://static.colruytgroup.com/images/500x500/std.lang.all/05/95/asset-3330595.jpg",
    "squareImage": "https://static.colruytgroup.com/images/500x500sq/std.lang.all/05/95/asset-3330595.jpg",
    "content": "6x33cl",
    "walkRouteSequenceNumber": 3630,
    "price": {
      "basicPrice": 10.74,
      "recommendedQuantity": "1.0",
      "quantityPrice": 10.31,
      "quantityPriceQuantity": "3.0",
      "measurementUnitPrice": 5.43,
      "measurementUnitQuantityPrice": 5.21,
      "measurementUnit": "L",
      "isRedPrice": false,
      "pricePerUOM": 5.43,
      "activationDate": "12-03-2024",
      "recordSource": "Offline",
      "isPromoActive": "N",
      "priceChangeCode": "H",
      "quantityPricePerUOM": 5.21,
      "quantityActivationDate": "12-03-2024",
      "quantityPriceChangeCode": "E"
    },
    "isAvailable": true,
    "isPriceAvailable": true,
    "inPromo": false,
    "gtin": [
      "05400141053722",
      "05412583240363"
    ],
    "topCategoryName": "Dranken",
    "topCategoryId": "354",
    "businessDomain": "RETAIL_BE",
    "IsPrivateLabel": false,
    "IsBiffe": false,
    "WeightconversionFactor": "0",
    "IsWeightArticle": false,
    "IsBio": false,
    "CountryOfOrigin": "BELGIË",
    "IsExclusivelySoldInLuxembourg": false,
    "OrderUnit": "P",
    "ShortName": "ENAME TRIPEL 6X33CL",
    "IsNew": false,
    "EcoscoreLabel": "B",
    "RecentQuanityOfStockUnits": "1",
    "LongName": "ENAME abdijbier tripel 8,5% 6x33cl",
    "AlcoholVolume": "8.5",
    "FicCode": "I",
    "DepositValue": [
      0.6
    ],
    "EcoscoreValue": "72"
  },
  {
    "productId": "414",
    "technicalArticleNumber": "5071",
    "commercialArticleNumber": "5071",
    "name": "trappist dubbel7,0%vol",
    "description": "*Trappistenbier\n*7 % vol\n*Nagisting op fles",
    "brand": "WESTMALLE",
    "seoBrand": "Westmalle",
    "thumbNail": "https://static.colruytgroup.com/images/200x200/std.lang.all/32/11/asset-2483211.jpg",
    "fullImage": "https://static.colruytgroup.com/images/500x500/std.lang.all/32/11/asset-2483211.jpg",
    "squareImage": "https://static.colruytgroup.com/images/500x500sq/std.lang.all/32/11/asset-2483211.jpg",
    "content": "24x33cl",
    "walkRouteSequenceNumber": 3975,
    "price": {
      "basicPrice": 33.53,
      "recommendedQuantity": "1.0",
      "measurementUnitPrice": 4.24,
      "measurementUnit": "L",
      "isRedPrice": false,
      "pricePerUOM": 4.24,
      "activationDate": "01-03-2024",
      "isPromoActive": "N",
      "priceChangeCode": "H"
    },
    "isAvailable": true,
    "isPriceAvailable": true,
    "inPromo": false,
    "gtin": [
      "05412343152332",
      "05412343152790"
    ],
    "topCategoryName": "Dranken",
    "topCategoryId": "354",
    "businessDomain": "RETAIL_BE",
    "IsPrivateLabel": false,
    "IsBiffe": false,
    "WeightconversionFactor": "0",
    "IsWeightArticle": false,
    "IsBio": false,
    "CountryOfOrigin": "BELGIË",
    "IsExclusivelySoldInLuxembourg": false,
    "OrderUnit": "P",
    "ShortName": "WESTM.DUBBEL 24X33CL",
    "IsNew": false,
    "EcoscoreLabel": "B",
    "RecentQuanityOfStockUnits": "1",
    "LongName": "WESTMALLE trappist dubbel7,0%vol 24x33cl",
    "AlcoholVolume": "7",
    "FicCode": "E",
    "DepositValue": [
      4.5
    ],
    "EcoscoreValue": "73"
  },
  {
    "productId": "824519",
    "technicalArticleNumber": "4660655",
    "commercialArticleNumber": "451066",
    "name": "bio infusie slaap",
    "brand": "BIOVER",
    "seoBrand": "Biover",
    "thumbNail": "https://static.colruytgroup.com/images/200x200/std.lang.all/77/58/asset-2317758.jpg",
    "fullImage": "https://static.colruytgroup.com/images/500x500/std.lang.all/77/58/asset-2317758.jpg",
    "squareImage": "https://static.colruytgroup.com/images/500x500sq/std.lang.all/77/58/asset-2317758.jpg",
    "content": "20x1,5g",
    "walkRouteSequenceNumber": 13809,
    "price": {
      "basicPrice": 5.19,
      "recommendedQuantity": "1.0",
      "measurementUnitPrice": 0.26,
      "measurementUnit": "S",
      "isRedPrice": false,
      "pricePerUOM": 0.26,
      "activationDate": "16-03-2024",
      "isPromoActive": "N",
      "priceChangeCode": "H"
    },
    "isAvailable": true,
    "isPriceAvailable": true,
    "inPromo": false,
    "gtin": [
      "05412141229144",
      "05412141229137",
      "05412141229120"
    ],
    "topCategoryName": "Dranken",
    "topCategoryId": "354",
    "businessDomain": "NON_FOOD",
    "IsPrivateLabel": false,
    "IsBiffe": false,
    "IsWeightArticle": false,
    "RecentQuanityOfStockUnits": "1",
    "LongName": "BIOVER bio infusie slaap 20x1,5g",
    "IsBio": true,
    "CountryOfOrigin": "BELGIË",
    "FicCode": "E",
    "OrderUnit": "P",
    "ShortName": "BIOV INF.SLAAP BIO 20ST",
    "IsNew": false
  },
  {
    "productId": "707715",
    "technicalArticleNumber": "4445346",
    "commercialArticleNumber": "18819",
    "name": "de Cuba 7y 40,3%",
    "description": "*Amber rum\n*Traditionele rum\n*Cuba\n*7 jaar gerijpt",
    "brand": "SANTISIMA TRINIDAD",
    "seoBrand": "Santisima Trinidad",
    "thumbNail": "https://static.colruytgroup.com/images/200x200/std.lang.all/71/78/asset-2687178.jpg",
    "fullImage": "https://static.colruytgroup.com/images/500x500/std.lang.all/71/78/asset-2687178.jpg",
    "squareImage": "https://static.colruytgroup.com/images/500x500sq/std.lang.all/71/78/asset-2687178.jpg",
    "content": "70cl",
    "walkRouteSequenceNumber": 825,
    "price": {
      "basicPrice": 29.69,
      "recommendedQuantity": "1.0",
      "measurementUnitPrice": 42.42,
      "measurementUnit": "L",
      "isRedPrice": false,
      "pricePerUOM": 42.42,
      "activationDate": "10-02-2024",
      "isPromoActive": "N",
      "priceChangeCode": "L"
    },
    "isAvailable": true,
    "isPriceAvailable": true,
    "inPromo": false,
    "gtin": [
      "08500004250453",
      "18500004250450"
    ],
    "topCategoryName": "Dranken",
    "topCategoryId": "354",
    "businessDomain": "RETAIL_BE",
    "IsPrivateLabel": false,
    "IsBiffe": false,
    "WeightconversionFactor": "0",
    "IsWeightArticle": false,
    "IsBio": false,
    "CountryOfOrigin": "CUBA",
    "IsExclusivelySoldInLuxembourg": false,
    "OrderUnit": "P",
    "ShortName": "SATR DE CUBA 7Y 70CL",
    "IsNew": false,
    "EcoscoreLabel": "B",
    "RecentQuanityOfStockUnits": "1",
    "LongName": "SANTISIMA TRINIDAD de Cuba 7y 40,3% 70cl",
    "AlcoholVolume": "40.3",
    "FicCode": "E",
    "EcoscoreValue": "61"
  },
  {
    "productId": "865691",
    "technicalArticleNumber": "4717907",
    "commercialArticleNumber": "4223",
    "name": "Ice Tropical 4,0% blik",
    "description": "*Vodka based\n*Ready to drink\n*4 % vol",
    "brand": "SMIRNOFF",
    "seoBrand": "Smirnoff",
    "thumbNail": "https://static.colruytgroup.com/images/200x200/std.lang.all/73/31/asset-3277331.jpg",
    "fullImage": "https://static.colruytgroup.com/images/500x500/std.lang.all/73/31/asset-3277331.jpg",
    "squareImage": "https://static.colruytgroup.com/images/500x500sq/std.lang.all/73/31/asset-3277331.jpg",
    "content": "25cl",
    "walkRouteSequenceNumber": 785,
    "price": {
      "basicPrice": 2.49,
      "recommendedQuantity": "1.0",
      "quantityPrice": 2.39,
      "quantityPriceQuantity": "12.0",
      "measurementUnitPrice": 9.96,
      "measurementUnitQuantityPrice": 9.56,
      "measurementUnit": "L",
      "isRedPrice": false,
      "pricePerUOM": 9.96,
      "activationDate": "02-02-2024",
      "recordSource": "Offline",
      "isPromoActive": "N",
      "priceChangeCode": "E",
      "quantityPricePerUOM": 9.56,
      "quantityActivationDate": "02-02-2024",
      "quantityPriceChangeCode": "E"
    },
    "isAvailable": true,
    "isPriceAvailable": true,
    "inPromo": false,
    "gtin": [
      "08711300999995",
      "05410316958691"
    ],
    "topCategoryName": "Dranken",
    "topCategoryId": "354",
    "businessDomain": "RETAIL_BE",
    "IsPrivateLabel": false,
    "IsBiffe": false,
    "WeightconversionFactor": "0",
    "IsWeightArticle": false,
    "IsBio": false,
    "CountryOfOrigin": "ITALIË",
    "IsExclusivelySoldInLuxembourg": false,
    "OrderUnit": "P",
    "ShortName": "SMIR ICE TROPICAL 25CL",
    "IsNew": false,
    "EcoscoreLabel": "D",
    "RecentQuanityOfStockUnits": "1,12",
    "LongName": "SMIRNOFF Ice Tropical 4,0% blik 25cl",
    "AlcoholVolume": "4",
    "FicCode": "E",
    "EcoscoreValue": "38"
  },
  {
    "productId": "856923",
    "technicalArticleNumber": "4706578",
    "commercialArticleNumber": "31453",
    "name": "0%",
    "description": "*Aperitief\n*Alcoholvrij\n*Gemaakt van druiven\nsap en natuurlijke\nperzikaroma's.",
    "brand": "ICE TROPEZ",
    "seoBrand": "Ice Tropez",
    "thumbNail": "https://static.colruytgroup.com/images/200x200/std.lang.all/33/93/asset-3143393.jpg",
    "fullImage": "https://static.colruytgroup.com/images/500x500/std.lang.all/33/93/asset-3143393.jpg",
    "squareImage": "https://static.colruytgroup.com/images/500x500sq/std.lang.all/33/93/asset-3143393.jpg",
    "content": "27,5cl",
    "walkRouteSequenceNumber": 603,
    "price": {
      "basicPrice": 2.75,
      "recommendedQuantity": "1.0",
      "measurementUnitPrice": 10,
      "measurementUnit": "L",
      "isRedPrice": false,
      "pricePerUOM": 10,
      "activationDate": "13-12-2023",
      "recordSource": "Online",
      "isPromoActive": "N",
      "priceChangeCode": "H"
    },
    "isAvailable": true,
    "isPriceAvailable": true,
    "inPromo": false,
    "gtin": [
      "03760004441038",
      "03760004441915",
      "03760004440017"
    ],
    "topCategoryName": "Dranken",
    "topCategoryId": "354",
    "businessDomain": "RETAIL_BE",
    "IsPrivateLabel": false,
    "IsBiffe": false,
    "WeightconversionFactor": "0",
    "IsWeightArticle": false,
    "IsBio": false,
    "CountryOfOrigin": "FRANKRIJK",
    "IsExclusivelySoldInLuxembourg": false,
    "OrderUnit": "P",
    "ShortName": "ICTR 0% 27.5CL",
    "IsNew": false,
    "RecentQuanityOfStockUnits": "1",
    "LongName": "ICE TROPEZ 0% 27,5cl",
    "AlcoholVolume": "0",
    "FicCode": "E"
  },
  {
    "productId": "596791",
    "technicalArticleNumber": "4259383",
    "commercialArticleNumber": "22843",
    "name": "Sherry Cask 40,0%vol",
    "description": "*Single malt whisky\n*Schotland\n*Fruitig-kruidig",
    "brand": "TAMNAVULIN",
    "seoBrand": "Tamnavulin",
    "thumbNail": "https://static.colruytgroup.com/images/200x200/std.lang.all/43/74/asset-3284374.jpg",
    "fullImage": "https://static.colruytgroup.com/images/500x500/std.lang.all/43/74/asset-3284374.jpg",
    "squareImage": "https://static.colruytgroup.com/images/500x500sq/std.lang.all/43/74/asset-3284374.jpg",
    "content": "70cl",
    "walkRouteSequenceNumber": 954,
    "price": {
      "basicPrice": 30.11,
      "recommendedQuantity": "1.0",
      "measurementUnitPrice": 43.02,
      "measurementUnit": "L",
      "isRedPrice": false,
      "pricePerUOM": 43.02,
      "activationDate": "14-02-2024",
      "isPromoActive": "N",
      "priceChangeCode": "H"
    },
    "isAvailable": true,
    "isPriceAvailable": true,
    "inPromo": false,
    "gtin": [
      "05013967015401",
      "05013967015418"
    ],
    "topCategoryName": "Dranken",
    "topCategoryId": "354",
    "businessDomain": "RETAIL_BE",
    "IsPrivateLabel": false,
    "IsBiffe": false,
    "WeightconversionFactor": "0",
    "IsWeightArticle": false,
    "IsBio": false,
    "CountryOfOrigin": "VERENIGD KONINKRIJK",
    "IsExclusivelySoldInLuxembourg": false,
    "OrderUnit": "P",
    "ShortName": "/TAMN SHERRY CASK40%70C",
    "IsNew": false,
    "EcoscoreLabel": "B",
    "RecentQuanityOfStockUnits": "1",
    "LongName": "TAMNAVULIN Sherry Cask 40,0%vol 70cl",
    "AlcoholVolume": "40",
    "FicCode": "E",
    "EcoscoreValue": "60"
  },
  {
    "productId": "137927",
    "technicalArticleNumber": "3168890",
    "commercialArticleNumber": "31938",
    "name": "amberbier 5,2%",
    "description": "*Amberbier\n*5,2% vol",
    "brand": "DE KONINCK",
    "seoBrand": "De Koninck",
    "thumbNail": "https://static.colruytgroup.com/images/200x200/std.lang.all/90/99/asset-979099.jpg",
    "fullImage": "https://static.colruytgroup.com/images/500x500/std.lang.all/90/99/asset-979099.jpg",
    "squareImage": "https://static.colruytgroup.com/images/500x500sq/std.lang.all/90/99/asset-979099.jpg",
    "content": "8x25cl",
    "walkRouteSequenceNumber": 3771,
    "price": {
      "basicPrice": 8.16,
      "recommendedQuantity": "1.0",
      "measurementUnitPrice": 4.08,
      "measurementUnit": "L",
      "isRedPrice": false,
      "pricePerUOM": 4.08,
      "activationDate": "05-03-2024",
      "recordSource": "Online",
      "isPromoActive": "N",
      "priceChangeCode": "E"
    },
    "isAvailable": true,
    "isPriceAvailable": true,
    "inPromo": false,
    "gtin": [
      "05400141122992",
      "00000054107014"
    ],
    "topCategoryName": "Dranken",
    "topCategoryId": "354",
    "businessDomain": "RETAIL_BE",
    "IsPrivateLabel": false,
    "IsBiffe": false,
    "WeightconversionFactor": "0",
    "IsWeightArticle": false,
    "IsBio": false,
    "CountryOfOrigin": "BELGIË",
    "IsExclusivelySoldInLuxembourg": false,
    "OrderUnit": "P",
    "ShortName": "RE DE KONINCK 8X25CL",
    "IsNew": false,
    "EcoscoreLabel": "B",
    "RecentQuanityOfStockUnits": "1",
    "LongName": "DE KONINCK amberbier 5,2% 8x25cl",
    "AlcoholVolume": "5.2",
    "FicCode": "I",
    "DepositValue": [
      0.8
    ],
    "EcoscoreValue": "72"
  },
  {
    "productId": "887099",
    "technicalArticleNumber": "4746692",
    "commercialArticleNumber": "32759",
    "name": "Cr(h)azy IPA 5,5%",
    "brand": "BIÈRE DES AMIS",
    "seoBrand": "Bière des Amis",
    "thumbNail": "https://static.colruytgroup.com/images/200x200/std.lang.all/99/42/asset-3269942.jpg",
    "fullImage": "https://static.colruytgroup.com/images/500x500/std.lang.all/99/42/asset-3269942.jpg",
    "squareImage": "https://static.colruytgroup.com/images/500x500sq/std.lang.all/99/42/asset-3269942.jpg",
    "content": "4x33cl",
    "walkRouteSequenceNumber": 1553,
    "price": {
      "basicPrice": 9.56,
      "recommendedQuantity": "1.0",
      "measurementUnitPrice": 7.25,
      "measurementUnit": "L",
      "isRedPrice": false,
      "pricePerUOM": 7.25,
      "activationDate": "12-03-2024",
      "isPromoActive": "N",
      "priceChangeCode": "H"
    },
    "isAvailable": true,
    "isPriceAvailable": true,
    "inPromo": false,
    "gtin": [
      "05400141467321",
      "05415270202774"
    ],
    "topCategoryName": "Dranken",
    "topCategoryId": "354",
    "businessDomain": "RETAIL_BE",
    "IsPrivateLabel": false,
    "IsBiffe": false,
    "WeightconversionFactor": "0",
    "IsWeightArticle": false,
    "IsBio": false,
    "CountryOfOrigin": "BELGIË",
    "IsExclusivelySoldInLuxembourg": false,
    "OrderUnit": "P",
    "ShortName": "BIAM CRHAZY IPA 4X33CL",
    "IsNew": false,
    "RecentQuanityOfStockUnits": "1",
    "LongName": "BIÈRE DES AMIS Cr(h)azy IPA 5,5% 4x33cl",
    "AlcoholVolume": "5.5",
    "FicCode": "E"
  },
  {
    "productId": "22336",
    "technicalArticleNumber": "1924012",
    "commercialArticleNumber": "18016",
    "name": "Rum 7 Años Bruin 40%vol",
    "description": "*Donkere rum\n*Traditionele rum\n*Cuba\n*7 jaar gerijpt",
    "brand": "HAVANA CLUB",
    "seoBrand": "Havana Club",
    "thumbNail": "https://static.colruytgroup.com/images/200x200/std.lang.all/96/02/asset-2139602.jpg",
    "fullImage": "https://static.colruytgroup.com/images/500x500/std.lang.all/96/02/asset-2139602.jpg",
    "squareImage": "https://static.colruytgroup.com/images/500x500sq/std.lang.all/96/02/asset-2139602.jpg",
    "content": "70cl",
    "walkRouteSequenceNumber": 814,
    "price": {
      "basicPrice": 31.99,
      "recommendedQuantity": "1.0",
      "measurementUnitPrice": 45.7,
      "measurementUnit": "L",
      "isRedPrice": false,
      "pricePerUOM": 45.7,
      "activationDate": "07-03-2024",
      "recordSource": "Offline",
      "isPromoActive": "N",
      "priceChangeCode": "E"
    },
    "isAvailable": true,
    "isPriceAvailable": true,
    "inPromo": false,
    "gtin": [
      "08501110080439",
      "05413585002294",
      "08501110081092",
      "15413585000587",
      "28501110080433"
    ],
    "topCategoryName": "Dranken",
    "topCategoryId": "354",
    "businessDomain": "RETAIL_BE",
    "IsPrivateLabel": false,
    "IsBiffe": false,
    "WeightconversionFactor": "0",
    "IsWeightArticle": false,
    "IsBio": false,
    "CountryOfOrigin": "CUBA",
    "IsExclusivelySoldInLuxembourg": false,
    "OrderUnit": "P",
    "ShortName": "HACL RUM 7 ANOS 70CL",
    "IsNew": false,
    "EcoscoreLabel": "D",
    "RecentQuanityOfStockUnits": "1",
    "LongName": "HAVANA CLUB Rum 7 Años Bruin 40%vol 70cl",
    "AlcoholVolume": "40",
    "FicCode": "E",
    "EcoscoreValue": "38"
  },
  {
    "productId": "629220",
    "technicalArticleNumber": "4314274",
    "commercialArticleNumber": "23822",
    "name": "Fiero 14,9%",
    "description": "*Vermouth\n*Aperitief\n*14,9 % vol",
    "brand": "MARTINI",
    "seoBrand": "Martini",
    "thumbNail": "https://static.colruytgroup.com/images/200x200/std.lang.all/69/96/asset-2246996.jpg",
    "fullImage": "https://static.colruytgroup.com/images/500x500/std.lang.all/69/96/asset-2246996.jpg",
    "squareImage": "https://static.colruytgroup.com/images/500x500sq/std.lang.all/69/96/asset-2246996.jpg",
    "content": "1L",
    "walkRouteSequenceNumber": 853,
    "price": {
      "basicPrice": 9.32,
      "recommendedQuantity": "1.0",
      "measurementUnitPrice": 9.32,
      "measurementUnit": "L",
      "isRedPrice": false,
      "pricePerUOM": 9.32,
      "activationDate": "13-03-2024",
      "recordSource": "Offline",
      "isPromoActive": "N",
      "priceChangeCode": "H"
    },
    "isAvailable": true,
    "isPriceAvailable": true,
    "inPromo": true,
    "promotion": [
      {
        "techPromoId": "100907COLR",
        "promotionId": "100907",
        "promotionType": "3",
        "isPersonalized": "N",
        "publicationStartDate": "13-03-2024",
        "publicationEndDate": "26-03-2024"
      }
    ],
    "gtin": [
      "07630040402514",
      "07630040402521"
    ],
    "topCategoryName": "Dranken",
    "topCategoryId": "354",
    "businessDomain": "RETAIL_BE",
    "IsPrivateLabel": false,
    "IsBiffe": false,
    "WeightconversionFactor": "0",
    "IsWeightArticle": false,
    "IsBio": false,
    "CountryOfOrigin": "ITALIË",
    "IsExclusivelySoldInLuxembourg": false,
    "OrderUnit": "P",
    "ShortName": "MART FIERO 14.9% 1L",
    "InSeason": true,
    "IsNew": false,
    "EcoscoreLabel": "D",
    "RecentQuanityOfStockUnits": "1",
    "LongName": "MARTINI Fiero 14,9% 1L",
    "AlcoholVolume": "14.9",
    "StartSeasonDate": "11/10/2021",
    "FicCode": "E",
    "EcoscoreValue": "27"
  },
  {
    "productId": "1341",
    "technicalArticleNumber": "18504",
    "commercialArticleNumber": "18504",
    "name": "cognac VSOP 40,0%vol",
    "description": "*Cognac\n*8 jaar gerijpt\n*Digestief\n*40,0 % vol",
    "brand": "PRUNIER",
    "seoBrand": "Prunier",
    "thumbNail": "https://static.colruytgroup.com/images/200x200/std.lang.all/80/04/asset-2538004.jpg",
    "fullImage": "https://static.colruytgroup.com/images/500x500/std.lang.all/80/04/asset-2538004.jpg",
    "squareImage": "https://static.colruytgroup.com/images/500x500sq/std.lang.all/80/04/asset-2538004.jpg",
    "content": "70cl",
    "walkRouteSequenceNumber": 994,
    "price": {
      "basicPrice": 30.42,
      "recommendedQuantity": "1.0",
      "measurementUnitPrice": 43.46,
      "measurementUnit": "L",
      "isRedPrice": false,
      "pricePerUOM": 43.46,
      "activationDate": "10-01-2024",
      "isPromoActive": "N",
      "priceChangeCode": "L"
    },
    "isAvailable": true,
    "isPriceAvailable": true,
    "inPromo": false,
    "gtin": [
      "03269861402942",
      "03269862185042"
    ],
    "topCategoryName": "Dranken",
    "topCategoryId": "354",
    "businessDomain": "RETAIL_BE",
    "IsPrivateLabel": false,
    "IsBiffe": false,
    "WeightconversionFactor": "0",
    "IsWeightArticle": false,
    "IsBio": false,
    "CountryOfOrigin": "BELGIË",
    "IsExclusivelySoldInLuxembourg": false,
    "OrderUnit": "P",
    "ShortName": "PRUNIER VSOP 40G 70CL",
    "IsNew": false,
    "RecentQuanityOfStockUnits": "1",
    "LongName": "PRUNIER cognac VSOP 40,0%vol 70cl",
    "AlcoholVolume": "40",
    "FicCode": "E"
  },
  {
    "productId": "875437",
    "technicalArticleNumber": "4730439",
    "commercialArticleNumber": "32214",
    "name": "Rouge 7,5%",
    "description": "*Sterk rood fruitbier\n*7,5 % vol",
    "brand": "SUPER 8",
    "seoBrand": "Super 8",
    "thumbNail": "https://static.colruytgroup.com/images/200x200/std.lang.all/27/33/asset-3222733.jpg",
    "fullImage": "https://static.colruytgroup.com/images/500x500/std.lang.all/27/33/asset-3222733.jpg",
    "squareImage": "https://static.colruytgroup.com/images/500x500sq/std.lang.all/27/33/asset-3222733.jpg",
    "content": "4x33cl",
    "walkRouteSequenceNumber": 3769,
    "price": {
      "basicPrice": 6.35,
      "recommendedQuantity": "1.0",
      "measurementUnitPrice": 4.82,
      "measurementUnit": "L",
      "isRedPrice": false,
      "pricePerUOM": 4.82,
      "activationDate": "13-03-2024",
      "isPromoActive": "Y",
      "priceChangeCode": "E"
    },
    "isAvailable": true,
    "isPriceAvailable": true,
    "inPromo": true,
    "promotion": [
      {
        "techPromoId": "100929COLR",
        "promotionId": "100929",
        "promotionType": "3",
        "isPersonalized": "N",
        "publicationStartDate": "13-03-2024",
        "publicationEndDate": "26-03-2024"
      }
    ],
    "gtin": [
      "05410971037069",
      "05410971137066",
      "05410971230378"
    ],
    "topCategoryName": "Dranken",
    "topCategoryId": "354",
    "businessDomain": "RETAIL_BE",
    "IsPrivateLabel": false,
    "IsBiffe": false,
    "WeightconversionFactor": "0",
    "IsWeightArticle": false,
    "IsBio": false,
    "CountryOfOrigin": "BELGIË",
    "IsExclusivelySoldInLuxembourg": false,
    "OrderUnit": "P",
    "ShortName": "SUP8 ROUGE 4X33CL",
    "IsNew": false,
    "EcoscoreLabel": "D",
    "RecentQuanityOfStockUnits": "1",
    "LongName": "SUPER 8 Rouge 7,5% 4x33cl",
    "AlcoholVolume": "7.5",
    "FicCode": "E",
    "DepositValue": [
      0.4
    ],
    "EcoscoreValue": "37"
  },
  {
    "productId": "467",
    "technicalArticleNumber": "5258",
    "commercialArticleNumber": "5258",
    "name": "bier blond 7%",
    "description": "*Speciaalbier\n*7 % vol\n*Nagisting op fles",
    "brand": "AUGUSTIJN",
    "seoBrand": "Augustijn",
    "thumbNail": "https://static.colruytgroup.com/images/200x200/std.lang.all/42/05/asset-574205.jpg",
    "fullImage": "https://static.colruytgroup.com/images/500x500/std.lang.all/42/05/asset-574205.jpg",
    "squareImage": "https://static.colruytgroup.com/images/500x500sq/std.lang.all/42/05/asset-574205.jpg",
    "content": "6x33cl",
    "walkRouteSequenceNumber": 3671,
    "price": {
      "basicPrice": 8.46,
      "recommendedQuantity": "1.0",
      "quantityPrice": 8.12,
      "quantityPriceQuantity": "3.0",
      "measurementUnitPrice": 4.28,
      "measurementUnitQuantityPrice": 4.11,
      "measurementUnit": "L",
      "isRedPrice": false,
      "pricePerUOM": 4.28,
      "activationDate": "19-03-2024",
      "recordSource": "Online",
      "isPromoActive": "N",
      "priceChangeCode": "H",
      "quantityPricePerUOM": 4.11,
      "quantityActivationDate": "19-03-2024",
      "quantityPriceChangeCode": "E"
    },
    "isAvailable": true,
    "isPriceAvailable": true,
    "inPromo": false,
    "gtin": [
      "05400141052589",
      "05411663002181"
    ],
    "topCategoryName": "Dranken",
    "topCategoryId": "354",
    "businessDomain": "RETAIL_BE",
    "IsPrivateLabel": false,
    "IsBiffe": false,
    "WeightconversionFactor": "0",
    "IsWeightArticle": false,
    "IsBio": false,
    "CountryOfOrigin": "BELGIË",
    "IsExclusivelySoldInLuxembourg": false,
    "OrderUnit": "P",
    "ShortName": "AUGUSTIJN BLOND 6X33",
    "IsNew": false,
    "EcoscoreLabel": "D",
    "RecentQuanityOfStockUnits": "1",
    "LongName": "AUGUSTIJN bier blond 7% 6x33cl",
    "AlcoholVolume": "7",
    "FicCode": "E",
    "DepositValue": [
      0.6
    ],
    "EcoscoreValue": "37"
  },
  {
    "productId": "886044",
    "technicalArticleNumber": "4745086",
    "commercialArticleNumber": "32640",
    "name": "Indulgence 2023 7,4%",
    "description": "*Sterk blond bier\n*7,4 % vol",
    "brand": "GOUDEN CAROLUS",
    "seoBrand": "Gouden Carolus",
    "thumbNail": "https://static.colruytgroup.com/images/200x200/std.lang.all/48/05/asset-3274805.jpg",
    "fullImage": "https://static.colruytgroup.com/images/500x500/std.lang.all/48/05/asset-3274805.jpg",
    "squareImage": "https://static.colruytgroup.com/images/500x500sq/std.lang.all/48/05/asset-3274805.jpg",
    "content": "75cl",
    "walkRouteSequenceNumber": 1566,
    "price": {
      "basicPrice": 14,
      "recommendedQuantity": "1.0",
      "quantityPrice": 13.44,
      "quantityPriceQuantity": "6.0",
      "measurementUnitPrice": 18.67,
      "measurementUnitQuantityPrice": 17.92,
      "measurementUnit": "L",
      "isRedPrice": false,
      "pricePerUOM": 18.67,
      "activationDate": "20-02-2024",
      "isPromoActive": "N",
      "priceChangeCode": "E",
      "quantityPricePerUOM": 17.92,
      "quantityActivationDate": "20-02-2024",
      "quantityPriceChangeCode": "E"
    },
    "isAvailable": true,
    "isPriceAvailable": true,
    "inPromo": false,
    "gtin": [
      "05425006247405",
      "05425006248006"
    ],
    "topCategoryName": "Dranken",
    "topCategoryId": "354",
    "businessDomain": "RETAIL_BE",
    "IsPrivateLabel": false,
    "IsBiffe": false,
    "WeightconversionFactor": "0",
    "IsWeightArticle": false,
    "IsBio": false,
    "CountryOfOrigin": "BELGIË",
    "IsExclusivelySoldInLuxembourg": false,
    "OrderUnit": "P",
    "ShortName": "GOCA INDULGENCE 23 75CL",
    "IsNew": false,
    "EcoscoreLabel": "D",
    "RecentQuanityOfStockUnits": "1",
    "LongName": "GOUDEN CAROLUS Indulgence 2023 7,4% 75cl",
    "AlcoholVolume": "7.4",
    "FicCode": "E",
    "EcoscoreValue": "37"
  },
  {
    "productId": "821399",
    "technicalArticleNumber": "4655155",
    "commercialArticleNumber": "29052",
    "name": "Arancello 25%",
    "brand": "MARCATI",
    "seoBrand": "Marcati",
    "thumbNail": "https://static.colruytgroup.com/images/200x200/std.lang.all/60/27/asset-2946027.jpg",
    "fullImage": "https://static.colruytgroup.com/images/500x500/std.lang.all/60/27/asset-2946027.jpg",
    "squareImage": "https://static.colruytgroup.com/images/500x500sq/std.lang.all/60/27/asset-2946027.jpg",
    "content": "70cl",
    "walkRouteSequenceNumber": 939,
    "price": {
      "basicPrice": 15.21,
      "recommendedQuantity": "1.0",
      "measurementUnitPrice": 21.73,
      "measurementUnit": "L",
      "isRedPrice": false,
      "pricePerUOM": 21.73,
      "activationDate": "23-09-2023",
      "isPromoActive": "N",
      "priceChangeCode": "H"
    },
    "isAvailable": true,
    "isPriceAvailable": true,
    "inPromo": false,
    "gtin": [
      "08001305114654",
      "08001305114647"
    ],
    "topCategoryName": "Dranken",
    "topCategoryId": "354",
    "businessDomain": "RETAIL_BE",
    "IsPrivateLabel": false,
    "IsBiffe": false,
    "WeightconversionFactor": "0",
    "IsWeightArticle": false,
    "IsBio": false,
    "CountryOfOrigin": "ITALIË",
    "IsExclusivelySoldInLuxembourg": false,
    "OrderUnit": "P",
    "ShortName": "MARC ARANCELLO 70CL",
    "IsNew": false,
    "RecentQuanityOfStockUnits": "1",
    "LongName": "MARCATI Arancello 25% 70cl",
    "AlcoholVolume": "25",
    "FicCode": "E"
  },
  {
    "productId": "52866",
    "technicalArticleNumber": "2403590",
    "commercialArticleNumber": "19801",
    "name": "Vintage 2021 7%",
    "description": "*Vlaams roodbruin\nbier\n*7 % vol\n*Gemengde gisting",
    "brand": "RODENBACH",
    "seoBrand": "Rodenbach",
    "thumbNail": "https://static.colruytgroup.com/images/200x200/std.lang.all/72/16/asset-2857216.jpg",
    "fullImage": "https://static.colruytgroup.com/images/500x500/std.lang.all/72/16/asset-2857216.jpg",
    "squareImage": "https://static.colruytgroup.com/images/500x500sq/std.lang.all/72/16/asset-2857216.jpg",
    "content": "75cl",
    "walkRouteSequenceNumber": 3604,
    "price": {
      "basicPrice": 7.89,
      "recommendedQuantity": "1.0",
      "quantityPrice": 7.57,
      "quantityPriceQuantity": "6.0",
      "measurementUnitPrice": 10.52,
      "measurementUnitQuantityPrice": 10.1,
      "measurementUnit": "L",
      "isRedPrice": false,
      "pricePerUOM": 10.52,
      "activationDate": "14-11-2023",
      "isPromoActive": "N",
      "priceChangeCode": "E",
      "quantityPricePerUOM": 10.1,
      "quantityActivationDate": "14-11-2023",
      "quantityPriceChangeCode": "E"
    },
    "isAvailable": true,
    "isPriceAvailable": true,
    "inPromo": false,
    "gtin": [
      "05410583803915",
      "05410583803922",
      "05410583802185",
      "05410583803090",
      "05410583803007",
      "05410583802765",
      "05410583801805",
      "05410583801492"
    ],
    "topCategoryName": "Dranken",
    "topCategoryId": "354",
    "businessDomain": "RETAIL_BE",
    "IsPrivateLabel": false,
    "IsBiffe": false,
    "WeightconversionFactor": "0",
    "IsWeightArticle": false,
    "IsBio": false,
    "CountryOfOrigin": "BELGIË",
    "IsExclusivelySoldInLuxembourg": false,
    "OrderUnit": "P",
    "ShortName": "RODE VINTAGE 2021 75CL",
    "InSeason": true,
    "IsNew": false,
    "EcoscoreLabel": "D",
    "RecentQuanityOfStockUnits": "1,6,1",
    "LongName": "RODENBACH Vintage 2021 7% 75cl",
    "AlcoholVolume": "7",
    "StartSeasonDate": "23/08/2022",
    "FicCode": "E",
    "EcoscoreValue": "37"
  },
  {
    "productId": "514334",
    "technicalArticleNumber": "4094902",
    "commercialArticleNumber": "8255",
    "name": "blond 5,8%",
    "description": "*Blond bier\n*5,8 % vol",
    "brand": "BIÈRE DES AMIS",
    "seoBrand": "Bière des Amis",
    "thumbNail": "https://static.colruytgroup.com/images/200x200/std.lang.all/78/64/asset-1907864.jpg",
    "fullImage": "https://static.colruytgroup.com/images/500x500/std.lang.all/78/64/asset-1907864.jpg",
    "squareImage": "https://static.colruytgroup.com/images/500x500sq/std.lang.all/78/64/asset-1907864.jpg",
    "content": "4x33cl",
    "walkRouteSequenceNumber": 3720,
    "price": {
      "basicPrice": 9.08,
      "recommendedQuantity": "1.0",
      "measurementUnitPrice": 6.88,
      "measurementUnit": "L",
      "isRedPrice": false,
      "pricePerUOM": 6.88,
      "activationDate": "13-03-2024",
      "recordSource": "Offline",
      "isPromoActive": "N",
      "priceChangeCode": "E"
    },
    "isAvailable": true,
    "isPriceAvailable": true,
    "inPromo": false,
    "gtin": [
      "05415270201395",
      "05415270201722",
      "05415270100728",
      "05400141285451"
    ],
    "topCategoryName": "Dranken",
    "topCategoryId": "354",
    "businessDomain": "RETAIL_BE",
    "IsPrivateLabel": false,
    "IsBiffe": false,
    "WeightconversionFactor": "0",
    "IsWeightArticle": false,
    "IsBio": false,
    "CountryOfOrigin": "BELGIË",
    "IsExclusivelySoldInLuxembourg": false,
    "OrderUnit": "P",
    "ShortName": "BIAM BLOND 4X33CL",
    "IsNew": false,
    "EcoscoreLabel": "D",
    "RecentQuanityOfStockUnits": "1",
    "LongName": "BIÈRE DES AMIS blond 5,8% 4x33cl",
    "AlcoholVolume": "5.8",
    "FicCode": "E",
    "EcoscoreValue": "37"
  },
  {
    "productId": "569283",
    "technicalArticleNumber": "4213098",
    "commercialArticleNumber": "16642",
    "name": "S. Malt Whisky 46%",
    "description": "*Single malt whisky\n*België\n*Rijk en zacht",
    "brand": "GOUDEN CAROLUS",
    "seoBrand": "Gouden Carolus",
    "thumbNail": "https://static.colruytgroup.com/images/200x200/std.lang.all/43/91/asset-1964391.jpg",
    "fullImage": "https://static.colruytgroup.com/images/500x500/std.lang.all/43/91/asset-1964391.jpg",
    "squareImage": "https://static.colruytgroup.com/images/500x500sq/std.lang.all/43/91/asset-1964391.jpg",
    "content": "50cl",
    "walkRouteSequenceNumber": 961,
    "price": {
      "basicPrice": 32.13,
      "recommendedQuantity": "1.0",
      "measurementUnitPrice": 64.26,
      "measurementUnit": "L",
      "isRedPrice": false,
      "pricePerUOM": 64.26,
      "activationDate": "03-02-2024",
      "recordSource": "Online",
      "isPromoActive": "N",
      "priceChangeCode": "L"
    },
    "isAvailable": true,
    "isPriceAvailable": true,
    "inPromo": false,
    "gtin": [
      "05425006241595",
      "05425006241274"
    ],
    "topCategoryName": "Dranken",
    "topCategoryId": "354",
    "businessDomain": "RETAIL_BE",
    "IsPrivateLabel": false,
    "IsBiffe": false,
    "WeightconversionFactor": "0",
    "IsWeightArticle": false,
    "IsBio": false,
    "CountryOfOrigin": "BELGIË",
    "IsExclusivelySoldInLuxembourg": false,
    "OrderUnit": "P",
    "ShortName": "GOCA S.MALT WH.46% 50CL",
    "IsNew": false,
    "EcoscoreLabel": "B",
    "RecentQuanityOfStockUnits": "1",
    "LongName": "GOUDEN CAROLUS S. Malt Whisky 46% 50cl",
    "AlcoholVolume": "46",
    "FicCode": "E",
    "EcoscoreValue": "73"
  },
  {
    "productId": "114038",
    "technicalArticleNumber": "3046545",
    "commercialArticleNumber": "19417",
    "name": "gin N°Ten 47,3%vol",
    "description": "*fruitig-gekruid\n*met florale tonic\n*garn. pompelmoes\n*Verenigd Koninkrijk",
    "brand": "TANQUERAY",
    "seoBrand": "Tanqueray",
    "thumbNail": "https://static.colruytgroup.com/images/200x200/std.lang.all/89/90/asset-688990.jpg",
    "fullImage": "https://static.colruytgroup.com/images/500x500/std.lang.all/89/90/asset-688990.jpg",
    "squareImage": "https://static.colruytgroup.com/images/500x500sq/std.lang.all/89/90/asset-688990.jpg",
    "content": "70cl",
    "walkRouteSequenceNumber": 747,
    "price": {
      "basicPrice": 35.99,
      "recommendedQuantity": "1.0",
      "measurementUnitPrice": 51.42,
      "measurementUnit": "L",
      "isRedPrice": false,
      "pricePerUOM": 51.42,
      "activationDate": "07-03-2024",
      "recordSource": "Offline",
      "isPromoActive": "N",
      "priceChangeCode": "H"
    },
    "isAvailable": true,
    "isPriceAvailable": true,
    "inPromo": false,
    "gtin": [
      "05000281020761",
      "05000281020778"
    ],
    "topCategoryName": "Dranken",
    "topCategoryId": "354",
    "businessDomain": "RETAIL_BE",
    "IsPrivateLabel": false,
    "IsBiffe": false,
    "WeightconversionFactor": "0",
    "IsWeightArticle": false,
    "IsBio": false,
    "CountryOfOrigin": "VERENIGD KONINKRIJK",
    "IsExclusivelySoldInLuxembourg": false,
    "OrderUnit": "P",
    "ShortName": "TANQUERAY TEN 70CL 47.3",
    "IsNew": false,
    "EcoscoreLabel": "D",
    "RecentQuanityOfStockUnits": "1",
    "LongName": "TANQUERAY gin N°Ten 47,3%vol 70cl",
    "AlcoholVolume": "47.3",
    "FicCode": "E",
    "EcoscoreValue": "38"
  },
  {
    "productId": "874561",
    "technicalArticleNumber": "4729537",
    "commercialArticleNumber": "32137",
    "name": "Premium Pink 0,0%",
    "description": "*Alcoholvrij\naperitief",
    "brand": "GORDON'S",
    "seoBrand": "Gordon's",
    "thumbNail": "https://static.colruytgroup.com/images/200x200/std.lang.all/28/72/asset-3332872.jpg",
    "fullImage": "https://static.colruytgroup.com/images/500x500/std.lang.all/28/72/asset-3332872.jpg",
    "squareImage": "https://static.colruytgroup.com/images/500x500sq/std.lang.all/28/72/asset-3332872.jpg",
    "content": "70cl",
    "walkRouteSequenceNumber": 633,
    "price": {
      "basicPrice": 17.99,
      "recommendedQuantity": "1.0",
      "measurementUnitPrice": 25.7,
      "measurementUnit": "L",
      "isRedPrice": false,
      "pricePerUOM": 25.7,
      "activationDate": "14-02-2024",
      "recordSource": "Offline",
      "isPromoActive": "N",
      "priceChangeCode": "H"
    },
    "isAvailable": true,
    "isPriceAvailable": true,
    "inPromo": false,
    "gtin": [
      "05000289934596",
      "05000289934602"
    ],
    "topCategoryName": "Dranken",
    "topCategoryId": "354",
    "businessDomain": "RETAIL_BE",
    "IsPrivateLabel": false,
    "IsBiffe": false,
    "WeightconversionFactor": "0",
    "IsWeightArticle": false,
    "IsBio": false,
    "CountryOfOrigin": "ITALIË",
    "IsExclusivelySoldInLuxembourg": false,
    "OrderUnit": "P",
    "ShortName": "GORD PINK 0.0% 70CL",
    "IsNew": false,
    "RecentQuanityOfStockUnits": "1",
    "LongName": "GORDON'S Premium Pink 0,0% 70cl",
    "AlcoholVolume": "0",
    "FicCode": "E"
  },
  {
    "productId": "845644",
    "technicalArticleNumber": "4691638",
    "commercialArticleNumber": "7115",
    "name": "Pink Non-Alcoholic 0,0%",
    "description": "*Aperitief\n*Alcoholvrij",
    "brand": "MADBAR",
    "seoBrand": "Madbar",
    "thumbNail": "https://static.colruytgroup.com/images/200x200/std.lang.all/64/80/asset-3016480.jpg",
    "fullImage": "https://static.colruytgroup.com/images/500x500/std.lang.all/64/80/asset-3016480.jpg",
    "squareImage": "https://static.colruytgroup.com/images/500x500sq/std.lang.all/64/80/asset-3016480.jpg",
    "content": "50cl",
    "walkRouteSequenceNumber": 630,
    "price": {
      "basicPrice": 9.99,
      "recommendedQuantity": "1.0",
      "quantityPrice": 9.19,
      "quantityPriceQuantity": "6.0",
      "measurementUnitPrice": 19.98,
      "measurementUnitQuantityPrice": 18.38,
      "measurementUnit": "L",
      "isRedPrice": false,
      "pricePerUOM": 19.98,
      "activationDate": "02-03-2024",
      "isPromoActive": "N",
      "priceChangeCode": "L",
      "quantityPricePerUOM": 18.38,
      "quantityActivationDate": "02-03-2024",
      "quantityPriceChangeCode": "L"
    },
    "isAvailable": true,
    "isPriceAvailable": true,
    "inPromo": false,
    "gtin": [
      "08437023708125"
    ],
    "topCategoryName": "Dranken",
    "topCategoryId": "354",
    "businessDomain": "RETAIL_BE",
    "IsPrivateLabel": false,
    "IsBiffe": false,
    "WeightconversionFactor": "0",
    "IsWeightArticle": false,
    "IsBio": false,
    "CountryOfOrigin": "SPANJE",
    "IsExclusivelySoldInLuxembourg": false,
    "OrderUnit": "P",
    "ShortName": "MADB PINK NON-ALC.50CL",
    "IsNew": false,
    "RecentQuanityOfStockUnits": "1",
    "LongName": "MADBAR Pink Non-Alcoholic 0,0% 50cl",
    "AlcoholVolume": "0",
    "FicCode": "E"
  },
  {
    "productId": "598133",
    "technicalArticleNumber": "4261891",
    "commercialArticleNumber": "6417",
    "name": "Guilty Rouge 8%",
    "description": "*Fruitbier\n*Rood\n*8 % vol",
    "brand": "MARTHA",
    "seoBrand": "Martha",
    "thumbNail": "https://static.colruytgroup.com/images/200x200/std.lang.all/34/98/asset-3443498.jpg",
    "fullImage": "https://static.colruytgroup.com/images/500x500/std.lang.all/34/98/asset-3443498.jpg",
    "squareImage": "https://static.colruytgroup.com/images/500x500sq/std.lang.all/34/98/asset-3443498.jpg",
    "content": "6x33cl",
    "walkRouteSequenceNumber": 3760,
    "price": {
      "basicPrice": 12,
      "recommendedQuantity": "1.0",
      "quantityPrice": 11.04,
      "quantityPriceQuantity": "3.0",
      "measurementUnitPrice": 6.07,
      "measurementUnitQuantityPrice": 5.58,
      "measurementUnit": "L",
      "isRedPrice": false,
      "pricePerUOM": 6.07,
      "activationDate": "13-01-2024",
      "recordSource": "Online",
      "isPromoActive": "N",
      "priceChangeCode": "H",
      "quantityPricePerUOM": 5.58,
      "quantityActivationDate": "13-01-2024",
      "quantityPriceChangeCode": "H"
    },
    "isAvailable": true,
    "isPriceAvailable": true,
    "inPromo": false,
    "gtin": [
      "05400141397116",
      "05430000716499"
    ],
    "topCategoryName": "Dranken",
    "topCategoryId": "354",
    "businessDomain": "RETAIL_BE",
    "IsPrivateLabel": false,
    "IsBiffe": false,
    "WeightconversionFactor": "0",
    "IsWeightArticle": false,
    "IsBio": false,
    "CountryOfOrigin": "BELGIË",
    "IsExclusivelySoldInLuxembourg": false,
    "OrderUnit": "P",
    "ShortName": "MART GUILTY ROUGE6X33CL",
    "IsNew": false,
    "EcoscoreLabel": "D",
    "RecentQuanityOfStockUnits": "1",
    "LongName": "MARTHA Guilty Rouge 8% 6x33cl",
    "AlcoholVolume": "8",
    "FicCode": "E",
    "DepositValue": [
      0.6
    ],
    "EcoscoreValue": "37"
  },
  {
    "productId": "59927",
    "technicalArticleNumber": "2342071",
    "commercialArticleNumber": "24048",
    "name": "tripel 9,0%vol",
    "description": "*Speciaalbier\n*9 % vol\n*Nagisting op fles",
    "brand": "STRAFFE HENDRIK",
    "seoBrand": "Straffe Hendrik",
    "thumbNail": "https://static.colruytgroup.com/images/200x200/std.lang.all/76/88/asset-387688.jpg",
    "fullImage": "https://static.colruytgroup.com/images/500x500/std.lang.all/76/88/asset-387688.jpg",
    "squareImage": "https://static.colruytgroup.com/images/500x500sq/std.lang.all/76/88/asset-387688.jpg",
    "content": "6x33cl",
    "walkRouteSequenceNumber": 3723,
    "price": {
      "basicPrice": 13.14,
      "recommendedQuantity": "1.0",
      "quantityPrice": 12.61,
      "quantityPriceQuantity": "3.0",
      "measurementUnitPrice": 6.64,
      "measurementUnitQuantityPrice": 6.37,
      "measurementUnit": "L",
      "isRedPrice": false,
      "pricePerUOM": 6.64,
      "activationDate": "15-02-2024",
      "recordSource": "Online",
      "isPromoActive": "N",
      "priceChangeCode": "H",
      "quantityPricePerUOM": 6.37,
      "quantityActivationDate": "15-02-2024",
      "quantityPriceChangeCode": "E"
    },
    "isAvailable": true,
    "isPriceAvailable": true,
    "inPromo": false,
    "gtin": [
      "05400141988598",
      "05425017240457"
    ],
    "topCategoryName": "Dranken",
    "topCategoryId": "354",
    "businessDomain": "RETAIL_BE",
    "IsPrivateLabel": false,
    "IsBiffe": false,
    "WeightconversionFactor": "0",
    "IsWeightArticle": false,
    "IsBio": false,
    "CountryOfOrigin": "BELGIË",
    "IsExclusivelySoldInLuxembourg": false,
    "OrderUnit": "P",
    "ShortName": "STRAFFE HENDRIK 6X33",
    "IsNew": false,
    "EcoscoreLabel": "D",
    "RecentQuanityOfStockUnits": "1",
    "LongName": "STRAFFE HENDRIK tripel 9,0%vol 6x33cl",
    "AlcoholVolume": "9",
    "FicCode": "E",
    "DepositValue": [
      0.6
    ],
    "EcoscoreValue": "37"
  },
  {
    "productId": "774289",
    "technicalArticleNumber": "4563418",
    "commercialArticleNumber": "1277",
    "name": "blond 6%",
    "description": "*Blond bier\n*6 % vol",
    "brand": "BELGIUM PEAK BEER",
    "seoBrand": "Belgium Peak Beer",
    "thumbNail": "https://static.colruytgroup.com/images/200x200/std.lang.all/53/84/asset-2735384.jpg",
    "fullImage": "https://static.colruytgroup.com/images/500x500/std.lang.all/53/84/asset-2735384.jpg",
    "squareImage": "https://static.colruytgroup.com/images/500x500sq/std.lang.all/53/84/asset-2735384.jpg",
    "content": "4x33cl",
    "walkRouteSequenceNumber": 3669,
    "price": {
      "basicPrice": 9.49,
      "recommendedQuantity": "1.0",
      "quantityPrice": 8.73,
      "quantityPriceQuantity": "3.0",
      "measurementUnitPrice": 7.19,
      "measurementUnitQuantityPrice": 6.62,
      "measurementUnit": "L",
      "isRedPrice": false,
      "pricePerUOM": 7.19,
      "activationDate": "20-09-2023",
      "isPromoActive": "N",
      "priceChangeCode": "E",
      "quantityPricePerUOM": 6.62,
      "quantityActivationDate": "20-09-2023",
      "quantityPriceChangeCode": "E"
    },
    "isAvailable": true,
    "isPriceAvailable": true,
    "inPromo": false,
    "gtin": [
      "05430000508094",
      "05400141464542",
      "05430000508018"
    ],
    "topCategoryName": "Dranken",
    "topCategoryId": "354",
    "businessDomain": "RETAIL_BE",
    "IsPrivateLabel": false,
    "IsBiffe": false,
    "WeightconversionFactor": "0",
    "IsWeightArticle": false,
    "IsBio": false,
    "CountryOfOrigin": "BELGIË",
    "IsExclusivelySoldInLuxembourg": false,
    "OrderUnit": "P",
    "ShortName": "PEAK BLOND 6% 4X33CL",
    "IsNew": false,
    "EcoscoreLabel": "D",
    "RecentQuanityOfStockUnits": "1",
    "LongName": "BELGIUM PEAK BEER blond 6% 4x33cl",
    "AlcoholVolume": "6",
    "FicCode": "E",
    "EcoscoreValue": "37"
  },
  {
    "productId": "806199",
    "technicalArticleNumber": "4626497",
    "commercialArticleNumber": "6030",
    "name": "cider brut 7,4%",
    "brand": "STASSEN",
    "seoBrand": "Stassen",
    "thumbNail": "https://static.colruytgroup.com/images/200x200/std.lang.all/15/49/asset-2871549.jpg",
    "fullImage": "https://static.colruytgroup.com/images/500x500/std.lang.all/15/49/asset-2871549.jpg",
    "squareImage": "https://static.colruytgroup.com/images/500x500sq/std.lang.all/15/49/asset-2871549.jpg",
    "content": "75cl",
    "walkRouteSequenceNumber": 684,
    "price": {
      "basicPrice": 6.39,
      "recommendedQuantity": "1.0",
      "measurementUnitPrice": 8.52,
      "measurementUnit": "L",
      "isRedPrice": false,
      "pricePerUOM": 8.52,
      "activationDate": "02-03-2024",
      "isPromoActive": "N",
      "priceChangeCode": "H"
    },
    "isAvailable": true,
    "isPriceAvailable": true,
    "inPromo": false,
    "gtin": [
      "05411718909922",
      "05411718909939"
    ],
    "topCategoryName": "Dranken",
    "topCategoryId": "354",
    "businessDomain": "RETAIL_BE",
    "IsPrivateLabel": false,
    "IsBiffe": false,
    "WeightconversionFactor": "0",
    "IsWeightArticle": false,
    "IsBio": false,
    "CountryOfOrigin": "BELGIË",
    "IsExclusivelySoldInLuxembourg": false,
    "OrderUnit": "P",
    "ShortName": "STAS CIDER BRUT7.4%75CL",
    "IsNew": false,
    "EcoscoreLabel": "D",
    "RecentQuanityOfStockUnits": "1",
    "LongName": "STASSEN cider brut 7,4% 75cl",
    "AlcoholVolume": "7.4",
    "FicCode": "E",
    "EcoscoreValue": "32"
  },
  {
    "productId": "872200",
    "technicalArticleNumber": "4726393",
    "commercialArticleNumber": "16685",
    "name": "Grapefruit&Vanilla",
    "description": "*Kant & klare\nmocktail\n*0 % vol",
    "brand": "THE MOCKTAIL CLUB",
    "seoBrand": "The mocktail club",
    "thumbNail": "https://static.colruytgroup.com/images/200x200/std.lang.all/39/75/asset-3223975.jpg",
    "fullImage": "https://static.colruytgroup.com/images/500x500/std.lang.all/39/75/asset-3223975.jpg",
    "squareImage": "https://static.colruytgroup.com/images/500x500sq/std.lang.all/39/75/asset-3223975.jpg",
    "content": "1L",
    "walkRouteSequenceNumber": 597,
    "price": {
      "basicPrice": 14.99,
      "recommendedQuantity": "1.0",
      "measurementUnitPrice": 14.99,
      "measurementUnit": "L",
      "isRedPrice": false,
      "pricePerUOM": 14.99,
      "activationDate": "29-11-2023",
      "isPromoActive": "N",
      "priceChangeCode": "H"
    },
    "isAvailable": true,
    "isPriceAvailable": true,
    "inPromo": false,
    "gtin": [
      "05430001854190",
      "05430001854015"
    ],
    "topCategoryName": "Dranken",
    "topCategoryId": "354",
    "businessDomain": "RETAIL_BE",
    "IsPrivateLabel": false,
    "IsBiffe": false,
    "WeightconversionFactor": "0",
    "IsWeightArticle": false,
    "nutriscoreLabel": "C",
    "IsBio": false,
    "CountryOfOrigin": "BELGIË",
    "IsExclusivelySoldInLuxembourg": false,
    "OrderUnit": "P",
    "ShortName": "MOCL GRAPEFR&VANILLA 1L",
    "IsNew": false,
    "RecentQuanityOfStockUnits": "1",
    "LongName": "THE MOCKTAIL CLUB Grapefruit&Vanilla 1L",
    "AlcoholVolume": "0",
    "FicCode": "E"
  },
  {
    "productId": "859056",
    "technicalArticleNumber": "4709372",
    "commercialArticleNumber": "31783",
    "name": "Res.Tawny Prova+2 glazen",
    "description": "*Porto Reserve\n*Aperitief\n*20 % vol\n*Met 2 gratis glazen\n*Beperkte voorraad",
    "brand": "COCKBURN'S",
    "seoBrand": "Cockburn's",
    "thumbNail": "https://static.colruytgroup.com/images/200x200/std.lang.all/28/12/asset-3172812.jpg",
    "fullImage": "https://static.colruytgroup.com/images/500x500/std.lang.all/28/12/asset-3172812.jpg",
    "squareImage": "https://static.colruytgroup.com/images/500x500sq/std.lang.all/28/12/asset-3172812.jpg",
    "content": "75cl",
    "walkRouteSequenceNumber": 721,
    "price": {
      "basicPrice": 9.49,
      "recommendedQuantity": "1.0",
      "measurementUnitPrice": 12.66,
      "measurementUnit": "L",
      "isRedPrice": false,
      "pricePerUOM": 12.66,
      "activationDate": "04-10-2023",
      "isPromoActive": "N",
      "priceChangeCode": "E"
    },
    "isAvailable": true,
    "isPriceAvailable": true,
    "inPromo": true,
    "promotion": [
      {
        "techPromoId": "001003COLR",
        "promotionId": "001003",
        "promotionType": "3",
        "isPersonalized": "N",
        "publicationStartDate": "18-03-2024",
        "publicationEndDate": "19-04-2024"
      }
    ],
    "gtin": [
      "05608309014466",
      "05608309014695"
    ],
    "topCategoryName": "Dranken",
    "topCategoryId": "354",
    "businessDomain": "RETAIL_BE",
    "IsPrivateLabel": false,
    "IsBiffe": false,
    "WeightconversionFactor": "0",
    "IsWeightArticle": false,
    "IsBio": false,
    "CountryOfOrigin": "PORTUGAL",
    "IsExclusivelySoldInLuxembourg": false,
    "OrderUnit": "P",
    "ShortName": "COCK RES.TAWN.PR75C+2GL",
    "IsNew": false,
    "RecentQuanityOfStockUnits": "1",
    "LongName": "COCKBURN'S Res.Tawny Prova+2 glazen 75cl",
    "AlcoholVolume": "20",
    "FicCode": "E"
  },
  {
    "productId": "697332",
    "technicalArticleNumber": "4427771",
    "commercialArticleNumber": "26159",
    "name": "Super pils 5,2% blik",
    "description": "*Pils\n*5,2 % vol",
    "brand": "BAVIK",
    "seoBrand": "Bavik",
    "thumbNail": "https://static.colruytgroup.com/images/200x200/std.lang.all/14/22/asset-2791422.jpg",
    "fullImage": "https://static.colruytgroup.com/images/500x500/std.lang.all/14/22/asset-2791422.jpg",
    "squareImage": "https://static.colruytgroup.com/images/500x500sq/std.lang.all/14/22/asset-2791422.jpg",
    "content": "33cl",
    "walkRouteSequenceNumber": 3832,
    "price": {
      "basicPrice": 1.08,
      "recommendedQuantity": "1.0",
      "quantityPrice": 1.04,
      "quantityPriceQuantity": "6.0",
      "measurementUnitPrice": 3.28,
      "measurementUnitQuantityPrice": 3.16,
      "measurementUnit": "L",
      "isRedPrice": false,
      "pricePerUOM": 3.28,
      "activationDate": "06-03-2024",
      "recordSource": "Offline",
      "isPromoActive": "N",
      "priceChangeCode": "E",
      "quantityPricePerUOM": 3.16,
      "quantityActivationDate": "06-03-2024",
      "quantityPriceChangeCode": "E"
    },
    "isAvailable": true,
    "isPriceAvailable": true,
    "inPromo": false,
    "gtin": [
      "00875213001676",
      "00875213001003"
    ],
    "topCategoryName": "Dranken",
    "topCategoryId": "354",
    "businessDomain": "RETAIL_BE",
    "IsPrivateLabel": false,
    "IsBiffe": false,
    "WeightconversionFactor": "0",
    "IsWeightArticle": false,
    "IsBio": false,
    "CountryOfOrigin": "BELGIË",
    "IsExclusivelySoldInLuxembourg": false,
    "OrderUnit": "P",
    "ShortName": "BAVI SUPER PILS BLIK33C",
    "IsNew": false,
    "EcoscoreLabel": "D",
    "RecentQuanityOfStockUnits": "1,12",
    "LongName": "BAVIK Super pils 5,2% blik 33cl",
    "AlcoholVolume": "5.2",
    "FicCode": "E",
    "EcoscoreValue": "37"
  },
  {
    "productId": "870872",
    "technicalArticleNumber": "4724568",
    "commercialArticleNumber": "3131",
    "name": "Aperitivo Bianco 1,0%",
    "description": "*Alcoholvrij\naperitief\n*1,0 % vol",
    "brand": "MARIE GALANTE",
    "seoBrand": "Marie Galante",
    "thumbNail": "https://static.colruytgroup.com/images/200x200/std.lang.all/75/36/asset-3337536.jpg",
    "fullImage": "https://static.colruytgroup.com/images/500x500/std.lang.all/75/36/asset-3337536.jpg",
    "squareImage": "https://static.colruytgroup.com/images/500x500sq/std.lang.all/75/36/asset-3337536.jpg",
    "content": "69cl",
    "walkRouteSequenceNumber": 620,
    "price": {
      "basicPrice": 4.49,
      "recommendedQuantity": "1.0",
      "quantityPrice": 4.13,
      "quantityPriceQuantity": "6.0",
      "measurementUnitPrice": 6.51,
      "measurementUnitQuantityPrice": 5.99,
      "measurementUnit": "L",
      "isRedPrice": false,
      "pricePerUOM": 6.51,
      "activationDate": "28-02-2024",
      "isPromoActive": "N",
      "priceChangeCode": "H",
      "quantityPricePerUOM": 5.99,
      "quantityActivationDate": "28-02-2024",
      "quantityPriceChangeCode": "H"
    },
    "isAvailable": true,
    "isPriceAvailable": true,
    "inPromo": false,
    "gtin": [
      "05400141706000"
    ],
    "topCategoryName": "Dranken",
    "topCategoryId": "354",
    "businessDomain": "RETAIL_BE",
    "IsPrivateLabel": true,
    "IsBiffe": false,
    "WeightconversionFactor": "0",
    "IsWeightArticle": false,
    "IsBio": false,
    "CountryOfOrigin": "FRANKRIJK",
    "IsExclusivelySoldInLuxembourg": false,
    "OrderUnit": "P",
    "ShortName": "MGAL APERI.BIANCO NA69C",
    "IsNew": false,
    "EcoscoreLabel": "D",
    "RecentQuanityOfStockUnits": "1",
    "LongName": "MARIE GALANTE Aperitivo Bianco 1,0% 69cl",
    "AlcoholVolume": "1",
    "FicCode": "I",
    "EcoscoreValue": "27"
  },
  {
    "productId": "220174",
    "technicalArticleNumber": "3482752",
    "commercialArticleNumber": "11801",
    "name": "abdijbier Pater 5,5%",
    "description": "*Abdijbier\n*5,5 % vol\n*Nagisting op fles",
    "brand": "ENAME",
    "seoBrand": "Ename",
    "thumbNail": "https://static.colruytgroup.com/images/200x200/std.lang.all/05/93/asset-3330593.jpg",
    "fullImage": "https://static.colruytgroup.com/images/500x500/std.lang.all/05/93/asset-3330593.jpg",
    "squareImage": "https://static.colruytgroup.com/images/500x500sq/std.lang.all/05/93/asset-3330593.jpg",
    "content": "6x33cl",
    "walkRouteSequenceNumber": 3632,
    "price": {
      "basicPrice": 9.42,
      "recommendedQuantity": "1.0",
      "quantityPrice": 8.67,
      "quantityPriceQuantity": "3.0",
      "measurementUnitPrice": 4.76,
      "measurementUnitQuantityPrice": 4.38,
      "measurementUnit": "L",
      "isRedPrice": false,
      "pricePerUOM": 4.76,
      "activationDate": "21-02-2024",
      "recordSource": "Online",
      "isPromoActive": "N",
      "priceChangeCode": "E",
      "quantityPricePerUOM": 4.38,
      "quantityActivationDate": "21-02-2024",
      "quantityPriceChangeCode": "E"
    },
    "isAvailable": true,
    "isPriceAvailable": true,
    "inPromo": false,
    "gtin": [
      "05400141394405",
      "05412583240370"
    ],
    "topCategoryName": "Dranken",
    "topCategoryId": "354",
    "businessDomain": "RETAIL_BE",
    "IsPrivateLabel": false,
    "IsBiffe": false,
    "WeightconversionFactor": "0",
    "IsWeightArticle": false,
    "IsBio": false,
    "CountryOfOrigin": "BELGIË",
    "IsExclusivelySoldInLuxembourg": false,
    "OrderUnit": "P",
    "ShortName": "ENAME PATER 6X33CL",
    "IsNew": false,
    "EcoscoreLabel": "B",
    "RecentQuanityOfStockUnits": "1",
    "LongName": "ENAME abdijbier Pater 5,5% 6x33cl",
    "AlcoholVolume": "5.5",
    "FicCode": "E",
    "DepositValue": [
      0.6
    ],
    "EcoscoreValue": "72"
  },
  {
    "productId": "341669",
    "technicalArticleNumber": "3820387",
    "commercialArticleNumber": "19176",
    "name": "Gran Anejo rum 42%",
    "description": "*Spiced rum\n*Mix van bruine rums\n*Guatemala",
    "brand": "PLANTATION",
    "seoBrand": "Plantation",
    "thumbNail": "https://static.colruytgroup.com/images/200x200/std.lang.all/20/51/asset-3222051.jpg",
    "fullImage": "https://static.colruytgroup.com/images/500x500/std.lang.all/20/51/asset-3222051.jpg",
    "squareImage": "https://static.colruytgroup.com/images/500x500sq/std.lang.all/20/51/asset-3222051.jpg",
    "content": "70cl",
    "walkRouteSequenceNumber": 828,
    "price": {
      "basicPrice": 36.95,
      "recommendedQuantity": "1.0",
      "measurementUnitPrice": 52.79,
      "measurementUnit": "L",
      "isRedPrice": false,
      "pricePerUOM": 52.79,
      "activationDate": "13-12-2023",
      "isPromoActive": "N",
      "priceChangeCode": "H"
    },
    "isAvailable": true,
    "isPriceAvailable": true,
    "inPromo": false,
    "gtin": [
      "43460410528801",
      "43460410529907",
      "03460410529909"
    ],
    "topCategoryName": "Dranken",
    "topCategoryId": "354",
    "businessDomain": "RETAIL_BE",
    "IsPrivateLabel": false,
    "IsBiffe": false,
    "WeightconversionFactor": "0",
    "IsWeightArticle": false,
    "IsBio": false,
    "CountryOfOrigin": "GUATEMALA",
    "IsExclusivelySoldInLuxembourg": false,
    "OrderUnit": "P",
    "ShortName": "/PLAN GR.ANEJO 42% 70CL",
    "IsNew": false,
    "EcoscoreLabel": "D",
    "RecentQuanityOfStockUnits": "1",
    "LongName": "PLANTATION Gran Anejo rum 42% 70cl",
    "AlcoholVolume": "42",
    "FicCode": "E",
    "EcoscoreValue": "38"
  },
  {
    "productId": "774295",
    "technicalArticleNumber": "4563425",
    "commercialArticleNumber": "1303",
    "name": "Tripel 8,5 %",
    "description": "*Bier blond\n*8,5 % vol",
    "brand": "BELGIUM PEAK BEER",
    "seoBrand": "Belgium Peak Beer",
    "thumbNail": "https://static.colruytgroup.com/images/200x200/std.lang.all/53/85/asset-2735385.jpg",
    "fullImage": "https://static.colruytgroup.com/images/500x500/std.lang.all/53/85/asset-2735385.jpg",
    "squareImage": "https://static.colruytgroup.com/images/500x500sq/std.lang.all/53/85/asset-2735385.jpg",
    "content": "4x33cl",
    "walkRouteSequenceNumber": 3670,
    "price": {
      "basicPrice": 9.79,
      "recommendedQuantity": "1.0",
      "quantityPrice": 9.4,
      "quantityPriceQuantity": "3.0",
      "measurementUnitPrice": 7.42,
      "measurementUnitQuantityPrice": 7.13,
      "measurementUnit": "L",
      "isRedPrice": false,
      "pricePerUOM": 7.42,
      "activationDate": "20-09-2023",
      "isPromoActive": "N",
      "priceChangeCode": "E",
      "quantityPricePerUOM": 7.13,
      "quantityActivationDate": "20-09-2023",
      "quantityPriceChangeCode": "E"
    },
    "isAvailable": true,
    "isPriceAvailable": true,
    "inPromo": false,
    "gtin": [
      "05400141464559",
      "05430000508155",
      "05430000508032"
    ],
    "topCategoryName": "Dranken",
    "topCategoryId": "354",
    "businessDomain": "RETAIL_BE",
    "IsPrivateLabel": false,
    "IsBiffe": false,
    "WeightconversionFactor": "0",
    "IsWeightArticle": false,
    "IsBio": false,
    "CountryOfOrigin": "BELGIË",
    "IsExclusivelySoldInLuxembourg": false,
    "OrderUnit": "P",
    "ShortName": "PEAK TRIPEL 8.5% 4X33CL",
    "IsNew": false,
    "EcoscoreLabel": "D",
    "RecentQuanityOfStockUnits": "1",
    "LongName": "BELGIUM PEAK BEER Tripel 8,5 % 4x33cl",
    "AlcoholVolume": "8.5",
    "FicCode": "E",
    "EcoscoreValue": "37"
  },
  {
    "productId": "919897",
    "technicalArticleNumber": "4762219",
    "commercialArticleNumber": "18019",
    "name": "Strong Blond 8,0%",
    "description": "*Sterk blond bier\n*8,0 % vol",
    "brand": "TEMPELIER",
    "seoBrand": "Tempelier",
    "thumbNail": "https://static.colruytgroup.com/images/200x200/std.lang.all/07/28/asset-3330728.jpg",
    "fullImage": "https://static.colruytgroup.com/images/500x500/std.lang.all/07/28/asset-3330728.jpg",
    "squareImage": "https://static.colruytgroup.com/images/500x500sq/std.lang.all/07/28/asset-3330728.jpg",
    "content": "6x33cl",
    "walkRouteSequenceNumber": 3700,
    "price": {
      "basicPrice": 9.99,
      "recommendedQuantity": "1.0",
      "quantityPrice": 9.19,
      "quantityPriceQuantity": "3.0",
      "measurementUnitPrice": 5.05,
      "measurementUnitQuantityPrice": 4.65,
      "measurementUnit": "L",
      "isRedPrice": false,
      "pricePerUOM": 5.05,
      "activationDate": "28-09-2023",
      "isPromoActive": "N",
      "priceChangeCode": "E",
      "quantityPricePerUOM": 4.65,
      "quantityActivationDate": "28-09-2023",
      "quantityPriceChangeCode": "E"
    },
    "isAvailable": true,
    "isPriceAvailable": true,
    "inPromo": false,
    "gtin": [
      "05400141791921",
      "05411491002032"
    ],
    "topCategoryName": "Dranken",
    "topCategoryId": "354",
    "businessDomain": "RETAIL_BE",
    "IsPrivateLabel": false,
    "IsBiffe": false,
    "WeightconversionFactor": "0",
    "IsWeightArticle": false,
    "IsBio": false,
    "CountryOfOrigin": "BELGIË",
    "IsExclusivelySoldInLuxembourg": false,
    "OrderUnit": "P",
    "ShortName": "TEMP STRONG BLOND6X33CL",
    "IsNew": false,
    "EcoscoreLabel": "D",
    "RecentQuanityOfStockUnits": "1",
    "LongName": "TEMPELIER Strong Blond 8,0% 6x33cl",
    "AlcoholVolume": "8",
    "FicCode": "E",
    "DepositValue": [
      0.6
    ],
    "EcoscoreValue": "37"
  },
  {
    "productId": "848530",
    "technicalArticleNumber": "4695717",
    "commercialArticleNumber": "27761",
    "name": "siroop framboos",
    "description": "*Vruchtensiroop",
    "brand": "BATTELIEK",
    "seoBrand": "Batteliek",
    "thumbNail": "https://static.colruytgroup.com/images/200x200/std.lang.all/79/98/asset-3017998.jpg",
    "fullImage": "https://static.colruytgroup.com/images/500x500/std.lang.all/79/98/asset-3017998.jpg",
    "squareImage": "https://static.colruytgroup.com/images/500x500sq/std.lang.all/79/98/asset-3017998.jpg",
    "content": "70cl",
    "walkRouteSequenceNumber": 600,
    "price": {
      "basicPrice": 14.29,
      "recommendedQuantity": "1.0",
      "measurementUnitPrice": 20.42,
      "measurementUnit": "L",
      "isRedPrice": false,
      "pricePerUOM": 20.42,
      "activationDate": "28-02-2024",
      "isPromoActive": "N",
      "priceChangeCode": "H"
    },
    "isAvailable": true,
    "isPriceAvailable": true,
    "inPromo": false,
    "gtin": [
      "05425006246842",
      "05425006246903"
    ],
    "topCategoryName": "Dranken",
    "topCategoryId": "354",
    "businessDomain": "RETAIL_BE",
    "IsPrivateLabel": false,
    "IsBiffe": false,
    "WeightconversionFactor": "0",
    "IsWeightArticle": false,
    "IsBio": false,
    "CountryOfOrigin": "BELGIË",
    "IsExclusivelySoldInLuxembourg": false,
    "OrderUnit": "P",
    "ShortName": "BATT FRAMBOOS 70CL",
    "IsNew": false,
    "EcoscoreLabel": "B",
    "RecentQuanityOfStockUnits": "1",
    "LongName": "BATTELIEK siroop framboos 70cl",
    "FicCode": "E",
    "EcoscoreValue": "79"
  },
  {
    "productId": "824800",
    "technicalArticleNumber": "4661373",
    "commercialArticleNumber": "451081",
    "name": "thee antistress kruiden",
    "brand": "BIOVER",
    "seoBrand": "Biover",
    "thumbNail": "https://static.colruytgroup.com/images/200x200/std.lang.all/58/94/asset-2055894.jpg",
    "fullImage": "https://static.colruytgroup.com/images/500x500/std.lang.all/58/94/asset-2055894.jpg",
    "squareImage": "https://static.colruytgroup.com/images/500x500sq/std.lang.all/58/94/asset-2055894.jpg",
    "content": "20st",
    "walkRouteSequenceNumber": 13808,
    "price": {
      "basicPrice": 5.49,
      "recommendedQuantity": "1.0",
      "measurementUnitPrice": 0.275,
      "measurementUnit": "S",
      "isRedPrice": false,
      "pricePerUOM": 0.275,
      "activationDate": "15-03-2024",
      "recordSource": "Offline",
      "isPromoActive": "N",
      "priceChangeCode": "E"
    },
    "isAvailable": true,
    "isPriceAvailable": true,
    "inPromo": false,
    "gtin": [
      "05412141225788",
      "05412141200259",
      "05412141201072"
    ],
    "topCategoryName": "Dranken",
    "topCategoryId": "354",
    "businessDomain": "NON_FOOD",
    "IsPrivateLabel": false,
    "IsBiffe": false,
    "IsWeightArticle": false,
    "RecentQuanityOfStockUnits": "1",
    "LongName": "BIOVER thee antistress kruiden 20st",
    "IsBio": true,
    "AlcoholVolume": "0",
    "CountryOfOrigin": "SPANJE",
    "FicCode": "E",
    "OrderUnit": "P",
    "ShortName": "BIOV ANTIST.THEE BIO 20",
    "IsNew": false
  },
  {
    "productId": "796757",
    "technicalArticleNumber": "4606873",
    "commercialArticleNumber": "29463",
    "name": "Citron Pressé Gin 37,5%",
    "description": "*Fruitig-zacht\n*Met neutrale tonic\n*Garn. citroen\n*Verenigd Koninkrijk",
    "brand": "BOMBAY",
    "seoBrand": "Bombay",
    "thumbNail": "https://static.colruytgroup.com/images/200x200/std.lang.all/42/78/asset-2844278.jpg",
    "fullImage": "https://static.colruytgroup.com/images/500x500/std.lang.all/42/78/asset-2844278.jpg",
    "squareImage": "https://static.colruytgroup.com/images/500x500sq/std.lang.all/42/78/asset-2844278.jpg",
    "content": "70cl",
    "walkRouteSequenceNumber": 743,
    "price": {
      "basicPrice": 29.99,
      "recommendedQuantity": "1.0",
      "measurementUnitPrice": 42.85,
      "measurementUnit": "L",
      "isRedPrice": false,
      "pricePerUOM": 42.85,
      "activationDate": "22-03-2024",
      "recordSource": "Offline",
      "isPromoActive": "Y",
      "priceChangeCode": "H"
    },
    "isAvailable": true,
    "isPriceAvailable": true,
    "inPromo": true,
    "promotion": [
      {
        "techPromoId": "100909COLR",
        "promotionId": "100909",
        "promotionType": "0",
        "isPersonalized": "N",
        "publicationStartDate": "13-03-2024",
        "publicationEndDate": "26-03-2024"
      }
    ],
    "gtin": [
      "07640175744168",
      "07640175744151"
    ],
    "topCategoryName": "Dranken",
    "topCategoryId": "354",
    "businessDomain": "RETAIL_BE",
    "IsPrivateLabel": false,
    "IsBiffe": false,
    "WeightconversionFactor": "0",
    "IsWeightArticle": false,
    "IsBio": false,
    "CountryOfOrigin": "VERENIGD KONINKRIJK",
    "IsExclusivelySoldInLuxembourg": false,
    "OrderUnit": "P",
    "ShortName": "BOMB CITRON PRESSE 70CL",
    "IsNew": false,
    "EcoscoreLabel": "D",
    "RecentQuanityOfStockUnits": "1",
    "LongName": "BOMBAY Citron Pressé Gin 37,5% 70cl",
    "AlcoholVolume": "37.5",
    "FicCode": "E",
    "EcoscoreValue": "38"
  },
  {
    "productId": "714778",
    "technicalArticleNumber": "4459335",
    "commercialArticleNumber": "19826",
    "name": "Cachaça 37,5%",
    "description": "*Cachaça\n*Brazilië",
    "brand": "AGUACANA",
    "seoBrand": "Aguacana",
    "thumbNail": "https://static.colruytgroup.com/images/200x200/std.lang.all/84/54/asset-2818454.jpg",
    "fullImage": "https://static.colruytgroup.com/images/500x500/std.lang.all/84/54/asset-2818454.jpg",
    "squareImage": "https://static.colruytgroup.com/images/500x500sq/std.lang.all/84/54/asset-2818454.jpg",
    "content": "70cl",
    "walkRouteSequenceNumber": 808,
    "price": {
      "basicPrice": 19.99,
      "recommendedQuantity": "1.0",
      "quantityPrice": 19.19,
      "quantityPriceQuantity": "3.0",
      "measurementUnitPrice": 28.56,
      "measurementUnitQuantityPrice": 27.42,
      "measurementUnit": "L",
      "isRedPrice": false,
      "pricePerUOM": 28.56,
      "activationDate": "03-05-2023",
      "isPromoActive": "N",
      "priceChangeCode": "E",
      "quantityPricePerUOM": 27.42,
      "quantityActivationDate": "03-05-2023",
      "quantityPriceChangeCode": "E"
    },
    "isAvailable": true,
    "isPriceAvailable": true,
    "inPromo": false,
    "gtin": [
      "03012993045590",
      "03012998382164"
    ],
    "topCategoryName": "Dranken",
    "topCategoryId": "354",
    "businessDomain": "RETAIL_BE",
    "IsPrivateLabel": false,
    "IsBiffe": false,
    "WeightconversionFactor": "0",
    "IsWeightArticle": false,
    "IsBio": false,
    "CountryOfOrigin": "FRANKRIJK",
    "IsExclusivelySoldInLuxembourg": false,
    "OrderUnit": "P",
    "ShortName": "AGUA CACHACA 37.5% 70CL",
    "IsNew": false,
    "EcoscoreLabel": "E",
    "RecentQuanityOfStockUnits": "1",
    "LongName": "AGUACANA Cachaça 37,5% 70cl",
    "AlcoholVolume": "37.5",
    "FicCode": "E",
    "EcoscoreValue": "18"
  },
  {
    "productId": "679301",
    "technicalArticleNumber": "4397207",
    "commercialArticleNumber": "24517",
    "name": "bruisend water glas",
    "description": "*Mineraalwater\n*Bruisend",
    "brand": "SPA INTENSE",
    "seoBrand": "Spa Intense",
    "thumbNail": "https://static.colruytgroup.com/images/200x200/std.lang.all/51/05/asset-2355105.jpg",
    "fullImage": "https://static.colruytgroup.com/images/500x500/std.lang.all/51/05/asset-2355105.jpg",
    "squareImage": "https://static.colruytgroup.com/images/500x500sq/std.lang.all/51/05/asset-2355105.jpg",
    "content": "28x25cl",
    "walkRouteSequenceNumber": 3871,
    "price": {
      "basicPrice": 12.79,
      "recommendedQuantity": "1.0",
      "quantityPrice": 11.77,
      "quantityPriceQuantity": "3.0",
      "measurementUnitPrice": 1.83,
      "measurementUnitQuantityPrice": 1.69,
      "measurementUnit": "L",
      "isRedPrice": false,
      "pricePerUOM": 1.83,
      "activationDate": "08-12-2022",
      "isPromoActive": "N",
      "priceChangeCode": "E",
      "quantityPricePerUOM": 1.69,
      "quantityActivationDate": "08-12-2022",
      "quantityPriceChangeCode": "E"
    },
    "isAvailable": true,
    "isPriceAvailable": true,
    "inPromo": false,
    "gtin": [
      "05410013113706",
      "00000054087156"
    ],
    "topCategoryName": "Dranken",
    "topCategoryId": "354",
    "businessDomain": "RETAIL_BE",
    "IsPrivateLabel": false,
    "IsBiffe": false,
    "WeightconversionFactor": "0",
    "IsWeightArticle": false,
    "nutriscoreLabel": "A",
    "IsBio": false,
    "CountryOfOrigin": "BELGIË",
    "IsExclusivelySoldInLuxembourg": false,
    "OrderUnit": "P",
    "ShortName": "SPA INTENSE GLAS28X25CL",
    "IsNew": false,
    "RecentQuanityOfStockUnits": "1",
    "LongName": "SPA INTENSE bruisend water glas 28x25cl",
    "FicCode": "E",
    "DepositValue": [
      5
    ]
  },
  {
    "productId": "757468",
    "technicalArticleNumber": "4533893",
    "commercialArticleNumber": "16682",
    "name": "Bison Grass vodka 37,5%",
    "description": "*Vodka\n*37,5 % vol",
    "brand": "ZUBROWKA",
    "seoBrand": "Zubrowka",
    "thumbNail": "https://static.colruytgroup.com/images/200x200/std.lang.all/15/96/asset-2701596.jpg",
    "fullImage": "https://static.colruytgroup.com/images/500x500/std.lang.all/15/96/asset-2701596.jpg",
    "squareImage": "https://static.colruytgroup.com/images/500x500sq/std.lang.all/15/96/asset-2701596.jpg",
    "content": "70cl",
    "walkRouteSequenceNumber": 830,
    "price": {
      "basicPrice": 23.5,
      "recommendedQuantity": "1.0",
      "quantityPrice": 19.49,
      "quantityPriceQuantity": "2.0",
      "measurementUnitPrice": 33.58,
      "measurementUnitQuantityPrice": 27.85,
      "measurementUnit": "L",
      "isRedPrice": false,
      "pricePerUOM": 33.58,
      "activationDate": "16-03-2024",
      "recordSource": "Online",
      "isPromoActive": "N",
      "priceChangeCode": "L",
      "quantityPricePerUOM": 27.85,
      "quantityActivationDate": "16-03-2024",
      "quantityPriceChangeCode": "E"
    },
    "isAvailable": true,
    "isPriceAvailable": true,
    "inPromo": false,
    "gtin": [
      "05900343005296",
      "45900343005294"
    ],
    "topCategoryName": "Dranken",
    "topCategoryId": "354",
    "businessDomain": "RETAIL_BE",
    "IsPrivateLabel": false,
    "IsBiffe": false,
    "WeightconversionFactor": "0",
    "IsWeightArticle": false,
    "IsBio": false,
    "CountryOfOrigin": "POLEN",
    "IsExclusivelySoldInLuxembourg": false,
    "OrderUnit": "P",
    "ShortName": "ZUBR BISON GR.VODKA70CL",
    "IsNew": false,
    "EcoscoreLabel": "B",
    "RecentQuanityOfStockUnits": "1",
    "LongName": "ZUBROWKA Bison Grass vodka 37,5% 70cl",
    "AlcoholVolume": "37.5",
    "FicCode": "E",
    "EcoscoreValue": "61"
  },
  {
    "productId": "693822",
    "technicalArticleNumber": "4422118",
    "commercialArticleNumber": "25804",
    "name": "Tiki Mango&Pineap25%",
    "description": "*Spiced rum\n*Traditionele rum\n*Jamaïca",
    "brand": "CAPTAIN MORGAN",
    "seoBrand": "Captain Morgan",
    "thumbNail": "https://static.colruytgroup.com/images/200x200/std.lang.all/16/10/asset-2471610.jpg",
    "fullImage": "https://static.colruytgroup.com/images/500x500/std.lang.all/16/10/asset-2471610.jpg",
    "squareImage": "https://static.colruytgroup.com/images/500x500sq/std.lang.all/16/10/asset-2471610.jpg",
    "content": "70cl",
    "walkRouteSequenceNumber": 816,
    "price": {
      "basicPrice": 20.99,
      "recommendedQuantity": "1.0",
      "quantityPrice": 20.15,
      "quantityPriceQuantity": "3.0",
      "measurementUnitPrice": 29.99,
      "measurementUnitQuantityPrice": 28.79,
      "measurementUnit": "L",
      "isRedPrice": false,
      "pricePerUOM": 29.99,
      "activationDate": "21-03-2024",
      "recordSource": "Offline",
      "isPromoActive": "N",
      "priceChangeCode": "E",
      "quantityPricePerUOM": 28.79,
      "quantityActivationDate": "21-03-2024",
      "quantityPriceChangeCode": "E"
    },
    "isAvailable": true,
    "isPriceAvailable": true,
    "inPromo": false,
    "gtin": [
      "05000281060958",
      "05000281060941"
    ],
    "topCategoryName": "Dranken",
    "topCategoryId": "354",
    "businessDomain": "RETAIL_BE",
    "IsPrivateLabel": false,
    "IsBiffe": false,
    "WeightconversionFactor": "0",
    "IsWeightArticle": false,
    "IsBio": false,
    "CountryOfOrigin": "ITALIË",
    "IsExclusivelySoldInLuxembourg": false,
    "OrderUnit": "P",
    "ShortName": "CAMO TIKI 25% 70CL",
    "IsNew": false,
    "EcoscoreLabel": "D",
    "RecentQuanityOfStockUnits": "1",
    "LongName": "CAPTAIN MORGAN Tiki Mango&Pineap25% 70cl",
    "AlcoholVolume": "25",
    "FicCode": "E",
    "EcoscoreValue": "38"
  },
  {
    "productId": "824802",
    "technicalArticleNumber": "4661375",
    "commercialArticleNumber": "451082",
    "name": "kruideninfusie zuiverend bio",
    "brand": "BIOVER",
    "seoBrand": "Biover",
    "thumbNail": "https://static.colruytgroup.com/images/200x200/std.lang.all/26/81/asset-732681.jpg",
    "fullImage": "https://static.colruytgroup.com/images/500x500/std.lang.all/26/81/asset-732681.jpg",
    "squareImage": "https://static.colruytgroup.com/images/500x500sq/std.lang.all/26/81/asset-732681.jpg",
    "content": "20st",
    "walkRouteSequenceNumber": 13875,
    "price": {
      "basicPrice": 5.62,
      "recommendedQuantity": "1.0",
      "measurementUnitPrice": 0.281,
      "measurementUnit": "S",
      "isRedPrice": false,
      "pricePerUOM": 0.281,
      "activationDate": "16-03-2024",
      "isPromoActive": "N",
      "priceChangeCode": "H"
    },
    "isAvailable": true,
    "isPriceAvailable": true,
    "inPromo": false,
    "gtin": [
      "05412141201089",
      "05412141200457",
      "05412141225771"
    ],
    "topCategoryName": "Dranken",
    "topCategoryId": "354",
    "businessDomain": "NON_FOOD",
    "IsPrivateLabel": false,
    "IsBiffe": false,
    "IsWeightArticle": false,
    "RecentQuanityOfStockUnits": "1",
    "LongName": "BIOVER kruideninfusie zuiverend bio 20st",
    "IsBio": false,
    "CountryOfOrigin": "SPANJE",
    "FicCode": "E",
    "OrderUnit": "P",
    "ShortName": "BIOV ZUIV.THEE BIO 20ST",
    "IsNew": false
  },
  {
    "productId": "55515",
    "technicalArticleNumber": "2338378",
    "commercialArticleNumber": "18437",
    "name": "Ice Tea Zero bruisend",
    "description": "*Ice tea\n*Zwarte theesmaak\n*Sparkling\n*Ijs thee\n*Soft drink",
    "brand": "LIPTON",
    "seoBrand": "Lipton",
    "thumbNail": "https://static.colruytgroup.com/images/200x200/std.lang.all/36/68/asset-2083668.jpg",
    "fullImage": "https://static.colruytgroup.com/images/500x500/std.lang.all/36/68/asset-2083668.jpg",
    "squareImage": "https://static.colruytgroup.com/images/500x500sq/std.lang.all/36/68/asset-2083668.jpg",
    "content": "50cl",
    "walkRouteSequenceNumber": 4194,
    "price": {
      "basicPrice": 0.99,
      "recommendedQuantity": "6.0",
      "measurementUnitPrice": 1.98,
      "measurementUnit": "L",
      "isRedPrice": false,
      "pricePerUOM": 1.98,
      "activationDate": "23-03-2024",
      "recordSource": "Folder",
      "isPromoActive": "N",
      "priceChangeCode": "E"
    },
    "isAvailable": true,
    "isPriceAvailable": true,
    "inPromo": false,
    "gtin": [
      "08711327597013",
      "08722700613398",
      "08722700485544",
      "08722700050254",
      "08722700050223",
      "08711327596801",
      "08711327596689"
    ],
    "topCategoryName": "Dranken",
    "topCategoryId": "354",
    "businessDomain": "RETAIL_BE",
    "IsPrivateLabel": false,
    "IsBiffe": false,
    "WeightconversionFactor": "0",
    "IsWeightArticle": false,
    "nutriscoreLabel": "C",
    "IsBio": false,
    "CountryOfOrigin": "BELGIË",
    "IsExclusivelySoldInLuxembourg": false,
    "OrderUnit": "P",
    "ShortName": "LIPT ICE TEA ZERO 50CL",
    "IsNew": false,
    "RecentQuanityOfStockUnits": "1,6,24",
    "LongName": "LIPTON Ice Tea Zero bruisend 50cl",
    "AlcoholVolume": "0",
    "FicCode": "E"
  },
  {
    "productId": "921465",
    "technicalArticleNumber": "4763812",
    "commercialArticleNumber": "22822",
    "name": "Abdijbier Superior Blond 9,5%",
    "description": "*Abdijbier\n*Blond\n*9,5 % vol",
    "brand": "ACHEL",
    "seoBrand": "Achel",
    "thumbNail": "https://static.colruytgroup.com/images/200x200/std.lang.all/37/10/asset-3343710.jpg",
    "fullImage": "https://static.colruytgroup.com/images/500x500/std.lang.all/37/10/asset-3343710.jpg",
    "squareImage": "https://static.colruytgroup.com/images/500x500sq/std.lang.all/37/10/asset-3343710.jpg",
    "content": "75cl",
    "walkRouteSequenceNumber": 1545,
    "price": {
      "basicPrice": 7.61,
      "recommendedQuantity": "1.0",
      "quantityPrice": 7.31,
      "quantityPriceQuantity": "6.0",
      "measurementUnitPrice": 10.15,
      "measurementUnitQuantityPrice": 9.75,
      "measurementUnit": "L",
      "isRedPrice": false,
      "pricePerUOM": 10.15,
      "activationDate": "16-03-2024",
      "recordSource": "Online",
      "isPromoActive": "N",
      "priceChangeCode": "H",
      "quantityPricePerUOM": 9.75,
      "quantityActivationDate": "16-03-2024",
      "quantityPriceChangeCode": "E"
    },
    "isAvailable": true,
    "isPriceAvailable": true,
    "inPromo": false,
    "gtin": [
      "05425007658866"
    ],
    "topCategoryName": "Dranken",
    "topCategoryId": "354",
    "businessDomain": "RETAIL_BE",
    "IsPrivateLabel": false,
    "IsBiffe": false,
    "WeightconversionFactor": "0",
    "IsWeightArticle": false,
    "IsBio": false,
    "CountryOfOrigin": "BELGIË",
    "IsExclusivelySoldInLuxembourg": false,
    "OrderUnit": "P",
    "ShortName": "ACHE SUPERIOR BLOND75CL",
    "IsNew": false,
    "EcoscoreLabel": "D",
    "RecentQuanityOfStockUnits": "1",
    "LongName": "ACHEL Abdijbier Superior Blond 9,5% 75cl",
    "AlcoholVolume": "9.5",
    "FicCode": "E",
    "EcoscoreValue": "37"
  },
  {
    "productId": "44712",
    "technicalArticleNumber": "2508227",
    "commercialArticleNumber": "7689",
    "name": "Rosso 15,0%vol",
    "description": "*Vermouth\n*Aperitief\n*15,0 % vol",
    "brand": "MARTINI",
    "seoBrand": "Martini",
    "thumbNail": "https://static.colruytgroup.com/images/200x200/std.lang.all/56/28/asset-1145628.jpg",
    "fullImage": "https://static.colruytgroup.com/images/500x500/std.lang.all/56/28/asset-1145628.jpg",
    "squareImage": "https://static.colruytgroup.com/images/500x500sq/std.lang.all/56/28/asset-1145628.jpg",
    "content": "1L",
    "walkRouteSequenceNumber": 851,
    "price": {
      "basicPrice": 7.98,
      "recommendedQuantity": "1.0",
      "measurementUnitPrice": 7.98,
      "measurementUnit": "L",
      "isRedPrice": false,
      "pricePerUOM": 7.98,
      "activationDate": "15-03-2024",
      "recordSource": "Offline",
      "isPromoActive": "N",
      "priceChangeCode": "E"
    },
    "isAvailable": true,
    "isPriceAvailable": true,
    "inPromo": true,
    "promotion": [
      {
        "techPromoId": "100907COLR",
        "promotionId": "100907",
        "promotionType": "3",
        "isPersonalized": "N",
        "publicationStartDate": "13-03-2024",
        "publicationEndDate": "26-03-2024"
      }
    ],
    "gtin": [
      "05010677915007",
      "07630040400091",
      "05410098614006"
    ],
    "topCategoryName": "Dranken",
    "topCategoryId": "354",
    "businessDomain": "RETAIL_BE",
    "IsPrivateLabel": false,
    "IsBiffe": false,
    "WeightconversionFactor": "0",
    "IsWeightArticle": false,
    "IsBio": false,
    "CountryOfOrigin": "ITALIË",
    "IsExclusivelySoldInLuxembourg": false,
    "OrderUnit": "P",
    "ShortName": "MARTINI ROSSO 1L",
    "IsNew": false,
    "EcoscoreLabel": "D",
    "RecentQuanityOfStockUnits": "1",
    "LongName": "MARTINI Rosso 15,0%vol 1L",
    "AlcoholVolume": "15",
    "FicCode": "E",
    "EcoscoreValue": "27"
  },
  {
    "productId": "679250",
    "technicalArticleNumber": "4397155",
    "commercialArticleNumber": "24515",
    "name": "plat water glas",
    "description": "*Mineraalwater\n*Niet-bruisend",
    "brand": "SPA REINE",
    "seoBrand": "Spa Reine",
    "thumbNail": "https://static.colruytgroup.com/images/200x200/std.lang.all/51/04/asset-2355104.jpg",
    "fullImage": "https://static.colruytgroup.com/images/500x500/std.lang.all/51/04/asset-2355104.jpg",
    "squareImage": "https://static.colruytgroup.com/images/500x500sq/std.lang.all/51/04/asset-2355104.jpg",
    "content": "28x25cl",
    "walkRouteSequenceNumber": 3872,
    "price": {
      "basicPrice": 12.79,
      "recommendedQuantity": "1.0",
      "quantityPrice": 11.77,
      "quantityPriceQuantity": "3.0",
      "measurementUnitPrice": 1.83,
      "measurementUnitQuantityPrice": 1.69,
      "measurementUnit": "L",
      "isRedPrice": false,
      "pricePerUOM": 1.83,
      "activationDate": "08-12-2022",
      "isPromoActive": "N",
      "priceChangeCode": "E",
      "quantityPricePerUOM": 1.69,
      "quantityActivationDate": "08-12-2022",
      "quantityPriceChangeCode": "E"
    },
    "isAvailable": true,
    "isPriceAvailable": true,
    "inPromo": false,
    "gtin": [
      "00000054087149",
      "05410013105503"
    ],
    "topCategoryName": "Dranken",
    "topCategoryId": "354",
    "businessDomain": "RETAIL_BE",
    "IsPrivateLabel": false,
    "IsBiffe": false,
    "WeightconversionFactor": "0",
    "IsWeightArticle": false,
    "nutriscoreLabel": "A",
    "IsBio": false,
    "CountryOfOrigin": "BELGIË",
    "IsExclusivelySoldInLuxembourg": false,
    "OrderUnit": "P",
    "ShortName": "SPA REIN GLAS 28X25CL",
    "IsNew": false,
    "RecentQuanityOfStockUnits": "1",
    "LongName": "SPA REINE plat water glas 28x25cl",
    "FicCode": "E",
    "DepositValue": [
      5
    ]
  },
  {
    "productId": "449058",
    "technicalArticleNumber": "4027620",
    "commercialArticleNumber": "5415",
    "name": "Sélection Calvados 40%",
    "description": "*Calvados\n*40 % vol",
    "brand": "DROUIN",
    "seoBrand": "Drouin",
    "thumbNail": "https://static.colruytgroup.com/images/200x200/std.lang.all/36/47/asset-1663647.jpg",
    "fullImage": "https://static.colruytgroup.com/images/500x500/std.lang.all/36/47/asset-1663647.jpg",
    "squareImage": "https://static.colruytgroup.com/images/500x500sq/std.lang.all/36/47/asset-1663647.jpg",
    "content": "70cl",
    "walkRouteSequenceNumber": 997,
    "price": {
      "basicPrice": 29.49,
      "recommendedQuantity": "1.0",
      "measurementUnitPrice": 42.13,
      "measurementUnit": "L",
      "isRedPrice": false,
      "pricePerUOM": 42.13,
      "activationDate": "02-01-2024",
      "isPromoActive": "N",
      "priceChangeCode": "H"
    },
    "isAvailable": true,
    "isPriceAvailable": true,
    "inPromo": false,
    "gtin": [
      "03297364070016",
      "03297364076018"
    ],
    "topCategoryName": "Dranken",
    "topCategoryId": "354",
    "businessDomain": "RETAIL_BE",
    "IsPrivateLabel": false,
    "IsBiffe": false,
    "WeightconversionFactor": "0",
    "IsWeightArticle": false,
    "IsBio": false,
    "CountryOfOrigin": "FRANKRIJK",
    "IsExclusivelySoldInLuxembourg": false,
    "OrderUnit": "P",
    "ShortName": "DROU SELEC.CALVADOS70CL",
    "IsNew": false,
    "EcoscoreLabel": "D",
    "RecentQuanityOfStockUnits": "1",
    "LongName": "DROUIN Sélection Calvados 40% 70cl",
    "AlcoholVolume": "40",
    "FicCode": "E",
    "EcoscoreValue": "38"
  },
  {
    "productId": "738585",
    "technicalArticleNumber": "4501569",
    "commercialArticleNumber": "8643",
    "name": "Select 40%",
    "brand": "LAPHROAIG",
    "seoBrand": "Laphroaig",
    "thumbNail": "https://static.colruytgroup.com/images/200x200/std.lang.all/41/25/asset-2624125.jpg",
    "fullImage": "https://static.colruytgroup.com/images/500x500/std.lang.all/41/25/asset-2624125.jpg",
    "squareImage": "https://static.colruytgroup.com/images/500x500sq/std.lang.all/41/25/asset-2624125.jpg",
    "content": "70cl",
    "walkRouteSequenceNumber": 955,
    "price": {
      "basicPrice": 38.3,
      "recommendedQuantity": "1.0",
      "measurementUnitPrice": 54.72,
      "measurementUnit": "L",
      "isRedPrice": false,
      "pricePerUOM": 54.72,
      "activationDate": "13-01-2024",
      "recordSource": "Online",
      "isPromoActive": "N",
      "priceChangeCode": "H"
    },
    "isAvailable": true,
    "isPriceAvailable": true,
    "inPromo": false,
    "gtin": [
      "05010019637611",
      "05010019637604"
    ],
    "topCategoryName": "Dranken",
    "topCategoryId": "354",
    "businessDomain": "RETAIL_BE",
    "IsPrivateLabel": false,
    "IsBiffe": false,
    "WeightconversionFactor": "0",
    "IsWeightArticle": false,
    "IsBio": false,
    "CountryOfOrigin": "VERENIGD KONINKRIJK",
    "IsExclusivelySoldInLuxembourg": false,
    "OrderUnit": "P",
    "ShortName": "/LAPH SELECT 40% 70CL",
    "InSeason": true,
    "IsNew": false,
    "EcoscoreLabel": "D",
    "RecentQuanityOfStockUnits": "1",
    "LongName": "LAPHROAIG Select 40% 70cl",
    "AlcoholVolume": "40",
    "StartSeasonDate": "09/01/2023",
    "FicCode": "E",
    "EcoscoreValue": "38"
  },
  {
    "productId": "327656",
    "technicalArticleNumber": "3814576",
    "commercialArticleNumber": "51232",
    "name": "Kivu gemalen",
    "description": "*Gemalen",
    "brand": "GRAINDOR",
    "seoBrand": "Graindor",
    "thumbNail": "https://static.colruytgroup.com/images/200x200/std.lang.all/40/78/asset-3124078.jpg",
    "fullImage": "https://static.colruytgroup.com/images/500x500/std.lang.all/40/78/asset-3124078.jpg",
    "squareImage": "https://static.colruytgroup.com/images/500x500sq/std.lang.all/40/78/asset-3124078.jpg",
    "content": "500g",
    "walkRouteSequenceNumber": 1082,
    "price": {
      "basicPrice": 8.8,
      "recommendedQuantity": "1.0",
      "quantityPrice": 8.1,
      "quantityPriceQuantity": "6.0",
      "measurementUnitPrice": 17.6,
      "measurementUnitQuantityPrice": 16.2,
      "measurementUnit": "K",
      "isRedPrice": false,
      "pricePerUOM": 17.6,
      "activationDate": "02-11-2023",
      "isPromoActive": "N",
      "priceChangeCode": "E",
      "quantityPricePerUOM": 16.2,
      "quantityActivationDate": "02-11-2023",
      "quantityPriceChangeCode": "E"
    },
    "isAvailable": true,
    "isPriceAvailable": true,
    "inPromo": false,
    "gtin": [
      "05400141095876",
      "05400141130546"
    ],
    "topCategoryName": "Dranken",
    "topCategoryId": "354",
    "businessDomain": "RETAIL_BE",
    "IsPrivateLabel": true,
    "IsBiffe": false,
    "WeightconversionFactor": "0",
    "IsWeightArticle": false,
    "nutriscoreLabel": "B",
    "IsBio": false,
    "CountryOfOrigin": "BELGIË",
    "IsExclusivelySoldInLuxembourg": false,
    "OrderUnit": "P",
    "ShortName": "GRAI KIVU GEM 500G",
    "IsNew": false,
    "EcoscoreLabel": "C",
    "RecentQuanityOfStockUnits": "1",
    "LongName": "GRAINDOR Kivu gemalen 500g",
    "AlcoholVolume": "0",
    "FicCode": "I",
    "EcoscoreValue": "51"
  },
  {
    "productId": "1508",
    "technicalArticleNumber": "19150",
    "commercialArticleNumber": "19150",
    "name": "18,0%",
    "description": "*Likeur\n*Digestief\n*18,0 % vol",
    "brand": "HASSELT KAFFÉ",
    "seoBrand": "Hasselt Kaffé Smeets",
    "thumbNail": "https://static.colruytgroup.com/images/200x200/std.lang.all/20/63/asset-2272063.jpg",
    "fullImage": "https://static.colruytgroup.com/images/500x500/std.lang.all/20/63/asset-2272063.jpg",
    "squareImage": "https://static.colruytgroup.com/images/500x500sq/std.lang.all/20/63/asset-2272063.jpg",
    "content": "70cl",
    "walkRouteSequenceNumber": 949,
    "price": {
      "basicPrice": 12.59,
      "recommendedQuantity": "1.0",
      "measurementUnitPrice": 17.99,
      "measurementUnit": "L",
      "isRedPrice": false,
      "pricePerUOM": 17.99,
      "activationDate": "19-03-2024",
      "recordSource": "Online",
      "isPromoActive": "N",
      "priceChangeCode": "E"
    },
    "isAvailable": true,
    "isPriceAvailable": true,
    "inPromo": false,
    "gtin": [
      "05410293032025",
      "15410293032022",
      "15410293032039"
    ],
    "topCategoryName": "Dranken",
    "topCategoryId": "354",
    "businessDomain": "RETAIL_BE",
    "IsPrivateLabel": false,
    "IsBiffe": false,
    "WeightconversionFactor": "0",
    "IsWeightArticle": false,
    "IsBio": false,
    "CountryOfOrigin": "BELGIË",
    "IsExclusivelySoldInLuxembourg": false,
    "OrderUnit": "P",
    "ShortName": "HAKA 18% 70CL",
    "InSeason": true,
    "IsNew": false,
    "EcoscoreLabel": "E",
    "RecentQuanityOfStockUnits": "1",
    "LongName": "HASSELT KAFFÉ 18,0% 70cl",
    "AlcoholVolume": "18",
    "StartSeasonDate": "11/09/2013",
    "FicCode": "E",
    "EcoscoreValue": "18"
  },
  {
    "productId": "695564",
    "technicalArticleNumber": "4424926",
    "commercialArticleNumber": "25951",
    "name": "whisky 10Y 45,8%",
    "description": "*Single malt whisky\n*Schotland\n*Vol, rokerig (turf)\n*10 jaar gerijpt",
    "brand": "TALISKER",
    "seoBrand": "Talisker",
    "thumbNail": "https://static.colruytgroup.com/images/200x200/std.lang.all/38/15/asset-2903815.jpg",
    "fullImage": "https://static.colruytgroup.com/images/500x500/std.lang.all/38/15/asset-2903815.jpg",
    "squareImage": "https://static.colruytgroup.com/images/500x500sq/std.lang.all/38/15/asset-2903815.jpg",
    "content": "70cl",
    "walkRouteSequenceNumber": 951,
    "price": {
      "basicPrice": 48.95,
      "recommendedQuantity": "1.0",
      "measurementUnitPrice": 69.93,
      "measurementUnit": "L",
      "isRedPrice": false,
      "pricePerUOM": 69.93,
      "activationDate": "20-03-2024",
      "recordSource": "Online",
      "isPromoActive": "N",
      "priceChangeCode": "E"
    },
    "isAvailable": true,
    "isPriceAvailable": true,
    "inPromo": false,
    "gtin": [
      "05000281005416",
      "05000281005522"
    ],
    "topCategoryName": "Dranken",
    "topCategoryId": "354",
    "businessDomain": "RETAIL_BE",
    "IsPrivateLabel": false,
    "IsBiffe": false,
    "WeightconversionFactor": "0",
    "IsWeightArticle": false,
    "IsBio": false,
    "CountryOfOrigin": "VERENIGD KONINKRIJK",
    "IsExclusivelySoldInLuxembourg": false,
    "OrderUnit": "P",
    "ShortName": "TALI WHIS 10Y 45.8%70CL",
    "IsNew": false,
    "EcoscoreLabel": "C",
    "RecentQuanityOfStockUnits": "1",
    "LongName": "TALISKER whisky 10Y 45,8% 70cl",
    "AlcoholVolume": "45.8",
    "FicCode": "E",
    "EcoscoreValue": "50"
  },
  {
    "productId": "919344",
    "technicalArticleNumber": "4761919",
    "commercialArticleNumber": "14918",
    "name": "Crema di Bombardino 17%",
    "description": "*Likeur\n*17 % vol",
    "brand": "MARCATI",
    "seoBrand": "Marcati",
    "thumbNail": "https://static.colruytgroup.com/images/200x200/std.lang.all/00/08/asset-3340008.jpg",
    "fullImage": "https://static.colruytgroup.com/images/500x500/std.lang.all/00/08/asset-3340008.jpg",
    "squareImage": "https://static.colruytgroup.com/images/500x500sq/std.lang.all/00/08/asset-3340008.jpg",
    "content": "70cl",
    "walkRouteSequenceNumber": 915,
    "price": {
      "basicPrice": 14.99,
      "recommendedQuantity": "1.0",
      "measurementUnitPrice": 21.42,
      "measurementUnit": "L",
      "isRedPrice": false,
      "pricePerUOM": 21.42,
      "activationDate": "29-11-2023",
      "isPromoActive": "N",
      "priceChangeCode": "H"
    },
    "isAvailable": true,
    "isPriceAvailable": true,
    "inPromo": false,
    "gtin": [
      "08001305390096"
    ],
    "topCategoryName": "Dranken",
    "topCategoryId": "354",
    "businessDomain": "RETAIL_BE",
    "IsPrivateLabel": false,
    "IsBiffe": false,
    "WeightconversionFactor": "0",
    "IsWeightArticle": false,
    "IsBio": false,
    "CountryOfOrigin": "ITALIË",
    "IsExclusivelySoldInLuxembourg": false,
    "OrderUnit": "P",
    "ShortName": "MARC CREM.BOMBARDIN70CL",
    "IsNew": false,
    "RecentQuanityOfStockUnits": "1",
    "LongName": "MARCATI Crema di Bombardino 17% 70cl",
    "AlcoholVolume": "17",
    "FicCode": "E"
  },
  {
    "productId": "887030",
    "technicalArticleNumber": "4746412",
    "commercialArticleNumber": "32743",
    "name": "Excellence 12%",
    "description": "*Abdijbier\n*Barrel Aged\n*Donker\n*12 % vol",
    "brand": "VAL-DIEU",
    "seoBrand": "Val-Dieu",
    "thumbNail": "https://static.colruytgroup.com/images/200x200/std.lang.all/11/94/asset-3331194.jpg",
    "fullImage": "https://static.colruytgroup.com/images/500x500/std.lang.all/11/94/asset-3331194.jpg",
    "squareImage": "https://static.colruytgroup.com/images/500x500sq/std.lang.all/11/94/asset-3331194.jpg",
    "content": "75cl",
    "walkRouteSequenceNumber": 1557,
    "price": {
      "basicPrice": 25,
      "recommendedQuantity": "1.0",
      "quantityPrice": 23,
      "quantityPriceQuantity": "3.0",
      "measurementUnitPrice": 33.34,
      "measurementUnitQuantityPrice": 30.67,
      "measurementUnit": "L",
      "isRedPrice": false,
      "pricePerUOM": 33.34,
      "activationDate": "01-03-2024",
      "isPromoActive": "N",
      "priceChangeCode": "H",
      "quantityPricePerUOM": 30.67,
      "quantityActivationDate": "01-03-2024",
      "quantityPriceChangeCode": "H"
    },
    "isAvailable": true,
    "isPriceAvailable": true,
    "inPromo": true,
    "promotion": [
      {
        "techPromoId": "001240COLR",
        "promotionId": "001240",
        "promotionType": "4",
        "isPersonalized": "N",
        "publicationStartDate": "26-01-2024",
        "publicationEndDate": "31-03-2024"
      }
    ],
    "gtin": [
      "05413977600114",
      "05413977600107"
    ],
    "topCategoryName": "Dranken",
    "topCategoryId": "354",
    "businessDomain": "RETAIL_BE",
    "IsPrivateLabel": false,
    "IsBiffe": false,
    "WeightconversionFactor": "0",
    "IsWeightArticle": false,
    "IsBio": false,
    "CountryOfOrigin": "BELGIË",
    "IsExclusivelySoldInLuxembourg": false,
    "OrderUnit": "P",
    "ShortName": "VALD EXCELLENCE12% 75CL",
    "IsNew": false,
    "EcoscoreLabel": "D",
    "RecentQuanityOfStockUnits": "1",
    "LongName": "VAL-DIEU Excellence 12% 75cl",
    "AlcoholVolume": "12",
    "FicCode": "E",
    "EcoscoreValue": "37"
  },
  {
    "productId": "907732",
    "technicalArticleNumber": "4758972",
    "commercialArticleNumber": "3940",
    "name": "Winter's Gold 43%",
    "description": "*Single malt whisky\n*Schotland\n*Fruitig, kruidig",
    "brand": "DALWHINNIE",
    "seoBrand": "Dalwhinnie",
    "thumbNail": "https://static.colruytgroup.com/images/200x200/std.lang.all/28/33/asset-3332833.jpg",
    "fullImage": "https://static.colruytgroup.com/images/500x500/std.lang.all/28/33/asset-3332833.jpg",
    "squareImage": "https://static.colruytgroup.com/images/500x500sq/std.lang.all/28/33/asset-3332833.jpg",
    "content": "70cl",
    "walkRouteSequenceNumber": 953,
    "price": {
      "basicPrice": 53.99,
      "recommendedQuantity": "1.0",
      "measurementUnitPrice": 77.13,
      "measurementUnit": "L",
      "isRedPrice": false,
      "pricePerUOM": 77.13,
      "activationDate": "21-02-2024",
      "recordSource": "Offline",
      "isPromoActive": "N",
      "priceChangeCode": "L"
    },
    "isAvailable": true,
    "isPriceAvailable": true,
    "inPromo": true,
    "promotion": [
      {
        "techPromoId": "001003COLR",
        "promotionId": "001003",
        "promotionType": "3",
        "isPersonalized": "N",
        "publicationStartDate": "18-03-2024",
        "publicationEndDate": "19-04-2024"
      }
    ],
    "gtin": [
      "05000281041094",
      "05000281041117"
    ],
    "topCategoryName": "Dranken",
    "topCategoryId": "354",
    "businessDomain": "RETAIL_BE",
    "IsPrivateLabel": false,
    "IsBiffe": false,
    "WeightconversionFactor": "0",
    "IsWeightArticle": false,
    "IsBio": false,
    "CountryOfOrigin": "VERENIGD KONINKRIJK",
    "IsExclusivelySoldInLuxembourg": false,
    "OrderUnit": "P",
    "ShortName": "DALW WINTERS GOLD 70CL",
    "IsNew": false,
    "EcoscoreLabel": "D",
    "RecentQuanityOfStockUnits": "1",
    "LongName": "DALWHINNIE Winter's Gold 43% 70cl",
    "AlcoholVolume": "43",
    "FicCode": "E",
    "EcoscoreValue": "38"
  },
  {
    "productId": "18373",
    "technicalArticleNumber": "1712591",
    "commercialArticleNumber": "5290",
    "name": "pils extra blond 5,2%vol",
    "description": "*Luxepils\n*5,2 % vol",
    "brand": "VEDETT",
    "seoBrand": "Vedett",
    "thumbNail": "https://static.colruytgroup.com/images/200x200/std.lang.all/84/59/asset-2338459.jpg",
    "fullImage": "https://static.colruytgroup.com/images/500x500/std.lang.all/84/59/asset-2338459.jpg",
    "squareImage": "https://static.colruytgroup.com/images/500x500sq/std.lang.all/84/59/asset-2338459.jpg",
    "content": "24x33cl",
    "walkRouteSequenceNumber": 3912,
    "price": {
      "basicPrice": 30.28,
      "recommendedQuantity": "1.0",
      "measurementUnitPrice": 3.83,
      "measurementUnit": "L",
      "isRedPrice": false,
      "pricePerUOM": 3.83,
      "activationDate": "26-01-2024",
      "isPromoActive": "N",
      "priceChangeCode": "H"
    },
    "isAvailable": true,
    "isPriceAvailable": true,
    "inPromo": false,
    "gtin": [
      "05411681090009",
      "05411681090016"
    ],
    "topCategoryName": "Dranken",
    "topCategoryId": "354",
    "businessDomain": "RETAIL_BE",
    "IsPrivateLabel": false,
    "IsBiffe": false,
    "WeightconversionFactor": "0",
    "IsWeightArticle": false,
    "IsBio": false,
    "CountryOfOrigin": "BELGIË",
    "IsExclusivelySoldInLuxembourg": false,
    "OrderUnit": "P",
    "ShortName": "RE VEDETT 24X33CL",
    "IsNew": false,
    "EcoscoreLabel": "B",
    "RecentQuanityOfStockUnits": "1,1",
    "LongName": "VEDETT pils extra blond 5,2%vol 24x33cl",
    "AlcoholVolume": "5.2",
    "FicCode": "I",
    "DepositValue": [
      4.5
    ],
    "EcoscoreValue": "72"
  },
  {
    "productId": "867950",
    "technicalArticleNumber": "4721114",
    "commercialArticleNumber": "14638",
    "name": "blond 6%",
    "description": "*Abdijbier\n*Blond\n*6 % vol",
    "brand": "LUTGARDE",
    "seoBrand": "Lutgarde",
    "thumbNail": "https://static.colruytgroup.com/images/200x200/std.lang.all/50/78/asset-3195078.jpg",
    "fullImage": "https://static.colruytgroup.com/images/500x500/std.lang.all/50/78/asset-3195078.jpg",
    "squareImage": "https://static.colruytgroup.com/images/500x500sq/std.lang.all/50/78/asset-3195078.jpg",
    "content": "4x33cl",
    "walkRouteSequenceNumber": 1574,
    "price": {
      "basicPrice": 8.75,
      "recommendedQuantity": "1.0",
      "quantityPrice": 8.4,
      "quantityPriceQuantity": "3.0",
      "measurementUnitPrice": 6.63,
      "measurementUnitQuantityPrice": 6.37,
      "measurementUnit": "L",
      "isRedPrice": false,
      "pricePerUOM": 6.63,
      "activationDate": "23-03-2024",
      "recordSource": "Offline",
      "isPromoActive": "N",
      "priceChangeCode": "H",
      "quantityPricePerUOM": 6.37,
      "quantityActivationDate": "23-03-2024",
      "quantityPriceChangeCode": "H"
    },
    "isAvailable": true,
    "isPriceAvailable": true,
    "inPromo": false,
    "gtin": [
      "05400141792997",
      "05430001289268"
    ],
    "topCategoryName": "Dranken",
    "topCategoryId": "354",
    "businessDomain": "RETAIL_BE",
    "IsPrivateLabel": false,
    "IsBiffe": false,
    "WeightconversionFactor": "0",
    "IsWeightArticle": false,
    "IsBio": false,
    "CountryOfOrigin": "BELGIË",
    "IsExclusivelySoldInLuxembourg": false,
    "OrderUnit": "P",
    "ShortName": "LUTG BLOND 6% 4X33CL",
    "IsNew": false,
    "EcoscoreLabel": "D",
    "RecentQuanityOfStockUnits": "1",
    "LongName": "LUTGARDE blond 6% 4x33cl",
    "AlcoholVolume": "6",
    "FicCode": "I",
    "DepositValue": [
      0.4
    ],
    "EcoscoreValue": "37"
  },
  {
    "productId": "379729",
    "technicalArticleNumber": "3839804",
    "commercialArticleNumber": "41521",
    "name": "Gin Pink 37,5% Bio",
    "description": "*fruitig-zacht\n*met kruidige tonic\n*garn. kers\n*België\n*bio",
    "brand": "1836",
    "seoBrand": "1836",
    "thumbNail": "https://static.colruytgroup.com/images/200x200/std.lang.all/54/28/asset-2145428.jpg",
    "fullImage": "https://static.colruytgroup.com/images/500x500/std.lang.all/54/28/asset-2145428.jpg",
    "squareImage": "https://static.colruytgroup.com/images/500x500sq/std.lang.all/54/28/asset-2145428.jpg",
    "content": "70cl",
    "walkRouteSequenceNumber": 758,
    "price": {
      "basicPrice": 31.49,
      "recommendedQuantity": "1.0",
      "measurementUnitPrice": 44.99,
      "measurementUnit": "L",
      "isRedPrice": false,
      "pricePerUOM": 44.99,
      "activationDate": "10-02-2024",
      "recordSource": "Offline",
      "isPromoActive": "N",
      "priceChangeCode": "H"
    },
    "isAvailable": true,
    "isPriceAvailable": true,
    "inPromo": false,
    "gtin": [
      "05411772000641",
      "05411772000658",
      "05411772000764",
      "05411772000757"
    ],
    "topCategoryName": "Dranken",
    "topCategoryId": "354",
    "businessDomain": "RETAIL_BE",
    "IsPrivateLabel": false,
    "IsBiffe": false,
    "WeightconversionFactor": "0",
    "IsWeightArticle": false,
    "IsBio": true,
    "CountryOfOrigin": "BELGIË",
    "IsExclusivelySoldInLuxembourg": false,
    "OrderUnit": "P",
    "ShortName": "1836 GIN PINK 70CL",
    "IsNew": false,
    "EcoscoreLabel": "D",
    "RecentQuanityOfStockUnits": "1",
    "LongName": "1836 Gin Pink 37,5% Bio 70cl",
    "AlcoholVolume": "37.5",
    "FicCode": "E",
    "EcoscoreValue": "38"
  },
  {
    "productId": "885588",
    "technicalArticleNumber": "4744587",
    "commercialArticleNumber": "32612",
    "name": "Sparkl. Water Lemon Ginger Bio",
    "description": "*Gearomatiseerd\nwater\n*Bruisend\n*Zonder toegevoegde\nsuikers",
    "brand": "SQWZ",
    "seoBrand": "SQWZ",
    "thumbNail": "https://static.colruytgroup.com/images/200x200/std.lang.all/64/26/asset-3256426.jpg",
    "fullImage": "https://static.colruytgroup.com/images/500x500/std.lang.all/64/26/asset-3256426.jpg",
    "squareImage": "https://static.colruytgroup.com/images/500x500sq/std.lang.all/64/26/asset-3256426.jpg",
    "content": "33cl",
    "walkRouteSequenceNumber": 4076,
    "price": {
      "basicPrice": 1.29,
      "recommendedQuantity": "1.0",
      "quantityPrice": 1.19,
      "quantityPriceQuantity": "3.0",
      "measurementUnitPrice": 3.91,
      "measurementUnitQuantityPrice": 3.61,
      "measurementUnit": "L",
      "isRedPrice": false,
      "pricePerUOM": 3.91,
      "activationDate": "13-02-2024",
      "recordSource": "Online",
      "isPromoActive": "N",
      "priceChangeCode": "E",
      "quantityPricePerUOM": 3.61,
      "quantityActivationDate": "13-02-2024",
      "quantityPriceChangeCode": "E"
    },
    "isAvailable": true,
    "isPriceAvailable": true,
    "inPromo": false,
    "topCategoryName": "Dranken",
    "topCategoryId": "354",
    "businessDomain": "RETAIL_BE",
    "IsPrivateLabel": false,
    "IsBiffe": false,
    "WeightconversionFactor": "0",
    "IsWeightArticle": false,
    "nutriscoreLabel": "C",
    "IsBio": true,
    "CountryOfOrigin": "OOSTENRIJK",
    "IsExclusivelySoldInLuxembourg": false,
    "OrderUnit": "P",
    "ShortName": "SQWZ LEMON GING.BIO33CL",
    "IsNew": false,
    "RecentQuanityOfStockUnits": "1",
    "LongName": "SQWZ Sparkl. Water Lemon Ginger Bio 33cl",
    "FicCode": "E"
  },
  {
    "productId": "896982",
    "technicalArticleNumber": "4756586",
    "commercialArticleNumber": "17567",
    "name": "Pistacchio 17%",
    "description": "*Likeur\n*Pistache\n*17 % vol",
    "brand": "CRE. DI SICILIA",
    "seoBrand": "Cremoncello di Sicilia",
    "thumbNail": "https://static.colruytgroup.com/images/200x200/std.lang.all/45/38/asset-3324538.jpg",
    "fullImage": "https://static.colruytgroup.com/images/500x500/std.lang.all/45/38/asset-3324538.jpg",
    "squareImage": "https://static.colruytgroup.com/images/500x500sq/std.lang.all/45/38/asset-3324538.jpg",
    "content": "50cl",
    "walkRouteSequenceNumber": 916,
    "price": {
      "basicPrice": 17.25,
      "recommendedQuantity": "1.0",
      "quantityPrice": 16.56,
      "quantityPriceQuantity": "3.0",
      "measurementUnitPrice": 34.5,
      "measurementUnitQuantityPrice": 33.12,
      "measurementUnit": "L",
      "isRedPrice": false,
      "pricePerUOM": 34.5,
      "activationDate": "13-12-2023",
      "isPromoActive": "N",
      "priceChangeCode": "E",
      "quantityPricePerUOM": 33.12,
      "quantityActivationDate": "13-12-2023",
      "quantityPriceChangeCode": "E"
    },
    "isAvailable": true,
    "isPriceAvailable": true,
    "inPromo": false,
    "gtin": [
      "18013751001645",
      "08013751001648"
    ],
    "topCategoryName": "Dranken",
    "topCategoryId": "354",
    "businessDomain": "RETAIL_BE",
    "IsPrivateLabel": false,
    "IsBiffe": false,
    "WeightconversionFactor": "0",
    "IsWeightArticle": false,
    "IsBio": false,
    "CountryOfOrigin": "ITALIË",
    "IsExclusivelySoldInLuxembourg": false,
    "OrderUnit": "P",
    "ShortName": "CRSI PISTACCHIO17% 50CL",
    "IsNew": false,
    "RecentQuanityOfStockUnits": "1",
    "LongName": "CRE. DI SICILIA Pistacchio 17% 50cl",
    "AlcoholVolume": "17",
    "FicCode": "E"
  },
  {
    "productId": "885585",
    "technicalArticleNumber": "4744582",
    "commercialArticleNumber": "32609",
    "name": "Sparkl. Water White Peach Bio",
    "description": "*Gearomatiseerd\nwater\n*Bruisend\n*Zonder toegevoegde\nsuikers",
    "brand": "SQWZ",
    "seoBrand": "SQWZ",
    "thumbNail": "https://static.colruytgroup.com/images/200x200/std.lang.all/65/84/asset-3256584.jpg",
    "fullImage": "https://static.colruytgroup.com/images/500x500/std.lang.all/65/84/asset-3256584.jpg",
    "squareImage": "https://static.colruytgroup.com/images/500x500sq/std.lang.all/65/84/asset-3256584.jpg",
    "content": "33cl",
    "walkRouteSequenceNumber": 4077,
    "price": {
      "basicPrice": 1.29,
      "recommendedQuantity": "1.0",
      "quantityPrice": 1.19,
      "quantityPriceQuantity": "3.0",
      "measurementUnitPrice": 3.91,
      "measurementUnitQuantityPrice": 3.61,
      "measurementUnit": "L",
      "isRedPrice": false,
      "pricePerUOM": 3.91,
      "activationDate": "29-02-2024",
      "recordSource": "Online",
      "isPromoActive": "N",
      "priceChangeCode": "H",
      "quantityPricePerUOM": 3.61,
      "quantityActivationDate": "29-02-2024",
      "quantityPriceChangeCode": "H"
    },
    "isAvailable": true,
    "isPriceAvailable": true,
    "inPromo": false,
    "topCategoryName": "Dranken",
    "topCategoryId": "354",
    "businessDomain": "RETAIL_BE",
    "IsPrivateLabel": false,
    "IsBiffe": false,
    "WeightconversionFactor": "0",
    "IsWeightArticle": false,
    "nutriscoreLabel": "C",
    "IsBio": true,
    "CountryOfOrigin": "OOSTENRIJK",
    "IsExclusivelySoldInLuxembourg": false,
    "OrderUnit": "P",
    "ShortName": "SQWZ WHITE PEACH BIO33C",
    "IsNew": false,
    "RecentQuanityOfStockUnits": "1",
    "LongName": "SQWZ Sparkl. Water White Peach Bio 33cl",
    "FicCode": "E"
  },
  {
    "productId": "519610",
    "technicalArticleNumber": "4103117",
    "commercialArticleNumber": "8473",
    "name": "Tripel 8%",
    "description": "*Tripel\n*Blond\n*8 % vol\n*Hoge gisting",
    "brand": "SCHUPPENBOER",
    "seoBrand": "Schuppenboer",
    "thumbNail": "https://static.colruytgroup.com/images/200x200/std.lang.all/34/75/asset-1793475.jpg",
    "fullImage": "https://static.colruytgroup.com/images/500x500/std.lang.all/34/75/asset-1793475.jpg",
    "squareImage": "https://static.colruytgroup.com/images/500x500sq/std.lang.all/34/75/asset-1793475.jpg",
    "content": "4x33cl",
    "walkRouteSequenceNumber": 3682,
    "price": {
      "basicPrice": 7.92,
      "recommendedQuantity": "1.0",
      "quantityPrice": 7.6,
      "quantityPriceQuantity": "3.0",
      "measurementUnitPrice": 6,
      "measurementUnitQuantityPrice": 5.76,
      "measurementUnit": "L",
      "isRedPrice": false,
      "pricePerUOM": 6,
      "activationDate": "12-12-2023",
      "recordSource": "Online",
      "isPromoActive": "N",
      "priceChangeCode": "H",
      "quantityPricePerUOM": 5.76,
      "quantityActivationDate": "12-12-2023",
      "quantityPriceChangeCode": "E"
    },
    "isAvailable": true,
    "isPriceAvailable": true,
    "inPromo": false,
    "gtin": [
      "05425029490895",
      "05400141287073",
      "05425029490017"
    ],
    "topCategoryName": "Dranken",
    "topCategoryId": "354",
    "businessDomain": "RETAIL_BE",
    "IsPrivateLabel": false,
    "IsBiffe": false,
    "WeightconversionFactor": "0",
    "IsWeightArticle": false,
    "IsBio": false,
    "CountryOfOrigin": "BELGIË",
    "IsExclusivelySoldInLuxembourg": false,
    "OrderUnit": "P",
    "ShortName": "SCBO TRIPEL 8% 4X33CL",
    "IsNew": false,
    "RecentQuanityOfStockUnits": "1",
    "LongName": "SCHUPPENBOER Tripel 8% 4x33cl",
    "AlcoholVolume": "8",
    "FicCode": "E",
    "DepositValue": [
      0.4
    ]
  },
  {
    "productId": "770330",
    "technicalArticleNumber": "4557273",
    "commercialArticleNumber": "25700",
    "name": "rum Grande Reserve 40%",
    "description": "*Spiced rum\n*Mix van bruine rums\n*Guatemala",
    "brand": "PLANTATION",
    "seoBrand": "Plantation",
    "thumbNail": "https://static.colruytgroup.com/images/200x200/std.lang.all/59/48/asset-2725948.jpg",
    "fullImage": "https://static.colruytgroup.com/images/500x500/std.lang.all/59/48/asset-2725948.jpg",
    "squareImage": "https://static.colruytgroup.com/images/500x500sq/std.lang.all/59/48/asset-2725948.jpg",
    "content": "70cl",
    "walkRouteSequenceNumber": 826,
    "price": {
      "basicPrice": 37.45,
      "recommendedQuantity": "1.0",
      "quantityPrice": 34.45,
      "quantityPriceQuantity": "3.0",
      "measurementUnitPrice": 53.5,
      "measurementUnitQuantityPrice": 49.22,
      "measurementUnit": "L",
      "isRedPrice": false,
      "pricePerUOM": 53.5,
      "activationDate": "13-12-2023",
      "isPromoActive": "N",
      "priceChangeCode": "H",
      "quantityPricePerUOM": 49.22,
      "quantityActivationDate": "13-12-2023",
      "quantityPriceChangeCode": "H"
    },
    "isAvailable": true,
    "isPriceAvailable": true,
    "inPromo": false,
    "gtin": [
      "43460410521727",
      "03460410521729"
    ],
    "topCategoryName": "Dranken",
    "topCategoryId": "354",
    "businessDomain": "RETAIL_BE",
    "IsPrivateLabel": false,
    "IsBiffe": false,
    "WeightconversionFactor": "0",
    "IsWeightArticle": false,
    "IsBio": false,
    "CountryOfOrigin": "BRAZILIË",
    "IsExclusivelySoldInLuxembourg": false,
    "OrderUnit": "P",
    "ShortName": "PLAN RUM GRANDE RES70CL",
    "IsNew": false,
    "EcoscoreLabel": "D",
    "RecentQuanityOfStockUnits": "1",
    "LongName": "PLANTATION rum Grande Reserve 40% 70cl",
    "AlcoholVolume": "40",
    "FicCode": "E",
    "EcoscoreValue": "38"
  },
  {
    "productId": "857363",
    "technicalArticleNumber": "4707330",
    "commercialArticleNumber": "31497",
    "name": "Jawa IPA 6,5%",
    "description": "*Bier IPA\n*6,5 % vol",
    "brand": "EN STOEMELINGS",
    "seoBrand": "En Stoemelings",
    "thumbNail": "https://static.colruytgroup.com/images/200x200/std.lang.all/51/19/asset-3175119.jpg",
    "fullImage": "https://static.colruytgroup.com/images/500x500/std.lang.all/51/19/asset-3175119.jpg",
    "squareImage": "https://static.colruytgroup.com/images/500x500sq/std.lang.all/51/19/asset-3175119.jpg",
    "content": "4x33cl",
    "walkRouteSequenceNumber": 3683,
    "price": {
      "basicPrice": 7.99,
      "recommendedQuantity": "1.0",
      "measurementUnitPrice": 6.06,
      "measurementUnit": "L",
      "isRedPrice": true,
      "redPriceReason": "Promo",
      "referencePrice": 8.55,
      "retentionPeriod": 30,
      "pricePerUOM": 6.06,
      "activationDate": "14-02-2024",
      "isPromoActive": "Y",
      "priceChangeCode": "L"
    },
    "isAvailable": true,
    "isPriceAvailable": true,
    "inPromo": false,
    "gtin": [
      "05400141494501",
      "05430001385380"
    ],
    "topCategoryName": "Dranken",
    "topCategoryId": "354",
    "businessDomain": "RETAIL_BE",
    "IsPrivateLabel": false,
    "IsBiffe": false,
    "WeightconversionFactor": "0",
    "IsWeightArticle": false,
    "IsBio": false,
    "CountryOfOrigin": "BELGIË",
    "IsExclusivelySoldInLuxembourg": false,
    "OrderUnit": "P",
    "ShortName": "ENST JAWA IPA 4X33CL",
    "IsNew": false,
    "EcoscoreLabel": "D",
    "RecentQuanityOfStockUnits": "1",
    "LongName": "EN STOEMELINGS Jawa IPA 6,5% 4x33cl",
    "AlcoholVolume": "6.5",
    "FicCode": "E",
    "EcoscoreValue": "37"
  },
  {
    "productId": "691187",
    "technicalArticleNumber": "4418224",
    "commercialArticleNumber": "22231",
    "name": "Barrel Reserve 43%",
    "description": "*Single malt whisky\n*Schotland\n*Fruitig-kruidig\n*Ger.in Bourbonvaten",
    "brand": "ARRAN",
    "seoBrand": "Arran",
    "thumbNail": "https://static.colruytgroup.com/images/200x200/std.lang.all/05/63/asset-2400563.jpg",
    "fullImage": "https://static.colruytgroup.com/images/500x500/std.lang.all/05/63/asset-2400563.jpg",
    "squareImage": "https://static.colruytgroup.com/images/500x500sq/std.lang.all/05/63/asset-2400563.jpg",
    "content": "70cl",
    "walkRouteSequenceNumber": 957,
    "price": {
      "basicPrice": 39.95,
      "recommendedQuantity": "1.0",
      "measurementUnitPrice": 57.08,
      "measurementUnit": "L",
      "isRedPrice": false,
      "pricePerUOM": 57.08,
      "activationDate": "02-01-2024",
      "isPromoActive": "N",
      "priceChangeCode": "H"
    },
    "isAvailable": true,
    "isPriceAvailable": true,
    "inPromo": false,
    "gtin": [
      "05060044483745",
      "05060044483738"
    ],
    "topCategoryName": "Dranken",
    "topCategoryId": "354",
    "businessDomain": "RETAIL_BE",
    "IsPrivateLabel": false,
    "IsBiffe": false,
    "WeightconversionFactor": "0",
    "IsWeightArticle": false,
    "IsBio": false,
    "CountryOfOrigin": "VERENIGD KONINKRIJK",
    "IsExclusivelySoldInLuxembourg": false,
    "OrderUnit": "P",
    "ShortName": "ARRA BARREL RES.43%70CL",
    "IsNew": false,
    "EcoscoreLabel": "B",
    "RecentQuanityOfStockUnits": "1",
    "LongName": "ARRAN Barrel Reserve 43% 70cl",
    "AlcoholVolume": "43",
    "FicCode": "E",
    "EcoscoreValue": "60"
  },
  {
    "productId": "824475",
    "technicalArticleNumber": "4660611",
    "commercialArticleNumber": "451058",
    "name": "koude afslankthee",
    "brand": "XL-S",
    "seoBrand": "XL-S",
    "thumbNail": "https://static.colruytgroup.com/images/200x200/std.lang.all/28/86/asset-2402886.jpg",
    "fullImage": "https://static.colruytgroup.com/images/500x500/std.lang.all/28/86/asset-2402886.jpg",
    "squareImage": "https://static.colruytgroup.com/images/500x500sq/std.lang.all/28/86/asset-2402886.jpg",
    "content": "20st",
    "walkRouteSequenceNumber": 13524,
    "price": {
      "basicPrice": 7.81,
      "recommendedQuantity": "1.0",
      "measurementUnitPrice": 0.391,
      "measurementUnit": "S",
      "isRedPrice": false,
      "pricePerUOM": 0.391,
      "activationDate": "01-03-2024",
      "recordSource": "Online",
      "isPromoActive": "N",
      "priceChangeCode": "H"
    },
    "isAvailable": true,
    "isPriceAvailable": true,
    "inPromo": false,
    "gtin": [
      "05412141225559",
      "05412141225566"
    ],
    "topCategoryName": "Dranken",
    "topCategoryId": "354",
    "businessDomain": "NON_FOOD",
    "IsPrivateLabel": false,
    "IsBiffe": false,
    "IsWeightArticle": false,
    "RecentQuanityOfStockUnits": "1",
    "LongName": "XL-S koude afslankthee 20st",
    "IsBio": false,
    "CountryOfOrigin": "SPANJE",
    "FicCode": "E",
    "OrderUnit": "P",
    "ShortName": "XLS KOUDE AFSL.THEE 20P",
    "IsNew": false
  },
  {
    "productId": "782836",
    "technicalArticleNumber": "4580532",
    "commercialArticleNumber": "4284",
    "name": "Quadrupel 11%",
    "description": "*Donker bier\n*11 % vol",
    "brand": "STRAFFE HENDRIK",
    "seoBrand": "Straffe Hendrik",
    "thumbNail": "https://static.colruytgroup.com/images/200x200/std.lang.all/53/72/asset-2775372.jpg",
    "fullImage": "https://static.colruytgroup.com/images/500x500/std.lang.all/53/72/asset-2775372.jpg",
    "squareImage": "https://static.colruytgroup.com/images/500x500sq/std.lang.all/53/72/asset-2775372.jpg",
    "content": "4x33cl",
    "walkRouteSequenceNumber": 3653,
    "price": {
      "basicPrice": 9.16,
      "recommendedQuantity": "1.0",
      "quantityPrice": 8.79,
      "quantityPriceQuantity": "3.0",
      "measurementUnitPrice": 6.94,
      "measurementUnitQuantityPrice": 6.66,
      "measurementUnit": "L",
      "isRedPrice": false,
      "pricePerUOM": 6.94,
      "activationDate": "13-01-2024",
      "recordSource": "Offline",
      "isPromoActive": "N",
      "priceChangeCode": "H",
      "quantityPricePerUOM": 6.66,
      "quantityActivationDate": "13-01-2024",
      "quantityPriceChangeCode": "H"
    },
    "isAvailable": true,
    "isPriceAvailable": true,
    "inPromo": false,
    "gtin": [
      "05400141608274",
      "05425017240648"
    ],
    "topCategoryName": "Dranken",
    "topCategoryId": "354",
    "businessDomain": "RETAIL_BE",
    "IsPrivateLabel": false,
    "IsBiffe": false,
    "WeightconversionFactor": "0",
    "IsWeightArticle": false,
    "IsBio": false,
    "CountryOfOrigin": "BELGIË",
    "IsExclusivelySoldInLuxembourg": false,
    "OrderUnit": "P",
    "ShortName": "STHE QUADRUPEL 4X33CL",
    "IsNew": false,
    "EcoscoreLabel": "B",
    "RecentQuanityOfStockUnits": "1",
    "LongName": "STRAFFE HENDRIK Quadrupel 11% 4x33cl",
    "AlcoholVolume": "11",
    "FicCode": "E",
    "DepositValue": [
      0.4
    ],
    "EcoscoreValue": "69"
  },
  {
    "productId": "439144",
    "technicalArticleNumber": "3984733",
    "commercialArticleNumber": "3921",
    "name": "Tripel Bertha 7,5%",
    "description": "*Witbier\n*6,5% vol",
    "brand": "BRUSSELS BP",
    "seoBrand": "Brussels Beer Project",
    "thumbNail": "https://static.colruytgroup.com/images/200x200/std.lang.all/81/99/asset-3308199.jpg",
    "fullImage": "https://static.colruytgroup.com/images/500x500/std.lang.all/81/99/asset-3308199.jpg",
    "squareImage": "https://static.colruytgroup.com/images/500x500sq/std.lang.all/81/99/asset-3308199.jpg",
    "content": "4x33cl",
    "walkRouteSequenceNumber": 3801,
    "price": {
      "basicPrice": 9.69,
      "recommendedQuantity": "1.0",
      "quantityPrice": 9.3,
      "quantityPriceQuantity": "3.0",
      "measurementUnitPrice": 7.35,
      "measurementUnitQuantityPrice": 7.05,
      "measurementUnit": "L",
      "isRedPrice": false,
      "pricePerUOM": 7.35,
      "activationDate": "15-02-2024",
      "recordSource": "Offline",
      "isPromoActive": "N",
      "priceChangeCode": "H",
      "quantityPricePerUOM": 7.05,
      "quantityActivationDate": "15-02-2024",
      "quantityPriceChangeCode": "H"
    },
    "isAvailable": true,
    "isPriceAvailable": true,
    "inPromo": false,
    "gtin": [
      "05400141130430",
      "05411283000048",
      "05411283002042",
      "05430000829021"
    ],
    "topCategoryName": "Dranken",
    "topCategoryId": "354",
    "businessDomain": "RETAIL_BE",
    "IsPrivateLabel": false,
    "IsBiffe": false,
    "WeightconversionFactor": "0",
    "IsWeightArticle": false,
    "IsBio": false,
    "CountryOfOrigin": "BELGIË",
    "IsExclusivelySoldInLuxembourg": false,
    "OrderUnit": "P",
    "ShortName": "RE BBP TRI.BERTHA4X33CL",
    "IsNew": false,
    "EcoscoreLabel": "C",
    "RecentQuanityOfStockUnits": "1",
    "LongName": "BRUSSELS BP Tripel Bertha 7,5% 4x33cl",
    "AlcoholVolume": "7.5",
    "FicCode": "E",
    "DepositValue": [
      0.4
    ],
    "EcoscoreValue": "50"
  },
  {
    "productId": "885433",
    "technicalArticleNumber": "4744372",
    "commercialArticleNumber": "32571",
    "name": "Passionfruit ZS",
    "brand": "FHIRST",
    "seoBrand": "Fhirst",
    "thumbNail": "https://static.colruytgroup.com/images/200x200/std.lang.all/65/78/asset-3256578.jpg",
    "fullImage": "https://static.colruytgroup.com/images/500x500/std.lang.all/65/78/asset-3256578.jpg",
    "squareImage": "https://static.colruytgroup.com/images/500x500sq/std.lang.all/65/78/asset-3256578.jpg",
    "content": "33cl",
    "walkRouteSequenceNumber": 4704,
    "price": {
      "basicPrice": 1.99,
      "recommendedQuantity": "1.0",
      "quantityPrice": 1.91,
      "quantityPriceQuantity": "12.0",
      "measurementUnitPrice": 6.04,
      "measurementUnitQuantityPrice": 5.79,
      "measurementUnit": "L",
      "isRedPrice": false,
      "pricePerUOM": 6.04,
      "activationDate": "13-02-2024",
      "isPromoActive": "N",
      "priceChangeCode": "E",
      "quantityPricePerUOM": 5.79,
      "quantityActivationDate": "13-02-2024",
      "quantityPriceChangeCode": "E"
    },
    "isAvailable": true,
    "isPriceAvailable": true,
    "inPromo": false,
    "topCategoryName": "Dranken",
    "topCategoryId": "354",
    "businessDomain": "RETAIL_BE",
    "IsPrivateLabel": false,
    "IsBiffe": false,
    "WeightconversionFactor": "0",
    "IsWeightArticle": false,
    "nutriscoreLabel": "C",
    "IsBio": false,
    "CountryOfOrigin": "BELGIË",
    "IsExclusivelySoldInLuxembourg": false,
    "OrderUnit": "P",
    "ShortName": "FHIR PASSIONFR.ZS 33CL",
    "IsNew": false,
    "RecentQuanityOfStockUnits": "1",
    "LongName": "FHIRST Passionfruit ZS 33cl",
    "FicCode": "E"
  },
  {
    "productId": "17647",
    "technicalArticleNumber": "1540813",
    "commercialArticleNumber": "7812",
    "name": "pils Perf. Draft 5,2%vol vat",
    "description": "*Pilsbier\n*5,2 % vol",
    "brand": "JUPILER",
    "seoBrand": "Jupiler",
    "thumbNail": "https://static.colruytgroup.com/images/200x200/std.lang.all/02/04/asset-3180204.jpg",
    "fullImage": "https://static.colruytgroup.com/images/500x500/std.lang.all/02/04/asset-3180204.jpg",
    "squareImage": "https://static.colruytgroup.com/images/500x500sq/std.lang.all/02/04/asset-3180204.jpg",
    "content": "6L",
    "walkRouteSequenceNumber": 3838,
    "price": {
      "basicPrice": 24.99,
      "recommendedQuantity": "1.0",
      "measurementUnitPrice": 4.17,
      "measurementUnit": "L",
      "isRedPrice": false,
      "pricePerUOM": 4.17,
      "activationDate": "13-03-2024",
      "recordSource": "Online",
      "isPromoActive": "Y",
      "priceChangeCode": "H"
    },
    "isAvailable": true,
    "isPriceAvailable": true,
    "inPromo": true,
    "promotion": [
      {
        "techPromoId": "100981COLR",
        "promotionId": "100981",
        "promotionType": "3",
        "isPersonalized": "N",
        "publicationStartDate": "13-03-2024",
        "publicationEndDate": "26-03-2024"
      }
    ],
    "gtin": [
      "05410228177494"
    ],
    "topCategoryName": "Dranken",
    "topCategoryId": "354",
    "businessDomain": "RETAIL_BE",
    "IsPrivateLabel": false,
    "IsBiffe": false,
    "WeightconversionFactor": "0",
    "IsWeightArticle": false,
    "IsBio": false,
    "CountryOfOrigin": "BELGIË",
    "IsExclusivelySoldInLuxembourg": false,
    "OrderUnit": "P",
    "ShortName": "JUPILER VAT 6 LITER PD",
    "IsNew": false,
    "RecentQuanityOfStockUnits": "1",
    "LongName": "JUPILER pils Perf. Draft 5,2%vol vat 6L",
    "AlcoholVolume": "5.2",
    "FicCode": "E",
    "DepositValue": [
      7.1
    ]
  },
  {
    "productId": "861495",
    "technicalArticleNumber": "4712771",
    "commercialArticleNumber": "26071",
    "name": "Caribbean Smooth 8Y 40%",
    "description": "*Scotch blend.whisky\n*Schotland",
    "brand": "DEWAR'S",
    "seoBrand": "Dewar's",
    "thumbNail": "https://static.colruytgroup.com/images/200x200/std.lang.all/51/30/asset-3175130.jpg",
    "fullImage": "https://static.colruytgroup.com/images/500x500/std.lang.all/51/30/asset-3175130.jpg",
    "squareImage": "https://static.colruytgroup.com/images/500x500sq/std.lang.all/51/30/asset-3175130.jpg",
    "content": "70cl",
    "walkRouteSequenceNumber": 980,
    "price": {
      "basicPrice": 27.99,
      "recommendedQuantity": "1.0",
      "measurementUnitPrice": 39.99,
      "measurementUnit": "L",
      "isRedPrice": false,
      "pricePerUOM": 39.99,
      "activationDate": "19-03-2024",
      "recordSource": "Offline",
      "isPromoActive": "N",
      "priceChangeCode": "E"
    },
    "isAvailable": true,
    "isPriceAvailable": true,
    "inPromo": true,
    "promotion": [
      {
        "techPromoId": "001003COLR",
        "promotionId": "001003",
        "promotionType": "3",
        "isPersonalized": "N",
        "publicationStartDate": "18-03-2024",
        "publicationEndDate": "19-04-2024"
      }
    ],
    "gtin": [
      "07640171033730",
      "07640171035895"
    ],
    "topCategoryName": "Dranken",
    "topCategoryId": "354",
    "businessDomain": "RETAIL_BE",
    "IsPrivateLabel": false,
    "IsBiffe": false,
    "WeightconversionFactor": "0",
    "IsWeightArticle": false,
    "IsBio": false,
    "CountryOfOrigin": "VERENIGD KONINKRIJK",
    "IsExclusivelySoldInLuxembourg": false,
    "OrderUnit": "P",
    "ShortName": "DEWA CARI.SMOOTH8Y 70CL",
    "IsNew": false,
    "EcoscoreLabel": "D",
    "RecentQuanityOfStockUnits": "1,6",
    "LongName": "DEWAR'S Caribbean Smooth 8Y 40% 70cl",
    "AlcoholVolume": "40",
    "FicCode": "E",
    "EcoscoreValue": "38"
  },
  {
    "productId": "409",
    "technicalArticleNumber": "5371",
    "commercialArticleNumber": "5371",
    "name": "abdijbier dubbel 6,6%",
    "description": "*Abdijbier\n*6,5 % vol\n*Nagisting op fles",
    "brand": "ENAME",
    "seoBrand": "Ename",
    "thumbNail": "https://static.colruytgroup.com/images/200x200/std.lang.all/05/96/asset-3330596.jpg",
    "fullImage": "https://static.colruytgroup.com/images/500x500/std.lang.all/05/96/asset-3330596.jpg",
    "squareImage": "https://static.colruytgroup.com/images/500x500sq/std.lang.all/05/96/asset-3330596.jpg",
    "content": "6x33cl",
    "walkRouteSequenceNumber": 3633,
    "price": {
      "basicPrice": 10.32,
      "recommendedQuantity": "1.0",
      "quantityPrice": 9.49,
      "quantityPriceQuantity": "3.0",
      "measurementUnitPrice": 5.22,
      "measurementUnitQuantityPrice": 4.8,
      "measurementUnit": "L",
      "isRedPrice": false,
      "pricePerUOM": 5.22,
      "activationDate": "14-11-2023",
      "recordSource": "Online",
      "isPromoActive": "N",
      "priceChangeCode": "E",
      "quantityPricePerUOM": 4.8,
      "quantityActivationDate": "14-11-2023",
      "quantityPriceChangeCode": "E"
    },
    "isAvailable": true,
    "isPriceAvailable": true,
    "inPromo": false,
    "gtin": [
      "05400141053715",
      "05412583240356"
    ],
    "topCategoryName": "Dranken",
    "topCategoryId": "354",
    "businessDomain": "RETAIL_BE",
    "IsPrivateLabel": false,
    "IsBiffe": false,
    "WeightconversionFactor": "0",
    "IsWeightArticle": false,
    "IsBio": false,
    "CountryOfOrigin": "BELGIË",
    "IsExclusivelySoldInLuxembourg": false,
    "OrderUnit": "P",
    "ShortName": "ENAME DUBBEL 6X33CL",
    "IsNew": false,
    "EcoscoreLabel": "B",
    "RecentQuanityOfStockUnits": "1",
    "LongName": "ENAME abdijbier dubbel 6,6% 6x33cl",
    "AlcoholVolume": "6.6",
    "FicCode": "E",
    "DepositValue": [
      0.6
    ],
    "EcoscoreValue": "73"
  },
  {
    "productId": "883327",
    "technicalArticleNumber": "4741455",
    "commercialArticleNumber": "24918",
    "name": "45%",
    "description": "*Raki\n*45,0 % vol",
    "brand": "YENI RAKI",
    "seoBrand": "Yeni Raki",
    "thumbNail": "https://static.colruytgroup.com/images/200x200/std.lang.all/80/11/asset-3248011.jpg",
    "fullImage": "https://static.colruytgroup.com/images/500x500/std.lang.all/80/11/asset-3248011.jpg",
    "squareImage": "https://static.colruytgroup.com/images/500x500sq/std.lang.all/80/11/asset-3248011.jpg",
    "content": "70cl",
    "walkRouteSequenceNumber": 891,
    "price": {
      "basicPrice": 27.5,
      "recommendedQuantity": "1.0",
      "measurementUnitPrice": 39.29,
      "measurementUnit": "L",
      "isRedPrice": false,
      "pricePerUOM": 39.29,
      "activationDate": "13-01-2024",
      "recordSource": "Online",
      "isPromoActive": "N",
      "priceChangeCode": "H"
    },
    "isAvailable": true,
    "isPriceAvailable": true,
    "inPromo": false,
    "gtin": [
      "08697530201605",
      "08697530200103"
    ],
    "topCategoryName": "Dranken",
    "topCategoryId": "354",
    "businessDomain": "RETAIL_BE",
    "IsPrivateLabel": false,
    "IsBiffe": false,
    "WeightconversionFactor": "0",
    "IsWeightArticle": false,
    "IsBio": false,
    "CountryOfOrigin": "TURKIJE",
    "IsExclusivelySoldInLuxembourg": false,
    "OrderUnit": "P",
    "ShortName": "YENI RAKI 45% 70CL",
    "IsNew": false,
    "EcoscoreLabel": "E",
    "RecentQuanityOfStockUnits": "1",
    "LongName": "YENI RAKI 45% 70cl",
    "AlcoholVolume": "45",
    "FicCode": "E",
    "EcoscoreValue": "18"
  },
  {
    "productId": "195197",
    "technicalArticleNumber": "3418292",
    "commercialArticleNumber": "21361",
    "name": "Watermelon niet-bruisend",
    "description": "*Smaak: watermeloen\n*Niet-bruisend\n*Met suiker",
    "brand": "ARIZONA",
    "seoBrand": "AriZona",
    "thumbNail": "https://static.colruytgroup.com/images/200x200/std.lang.all/65/88/asset-3256588.jpg",
    "fullImage": "https://static.colruytgroup.com/images/500x500/std.lang.all/65/88/asset-3256588.jpg",
    "squareImage": "https://static.colruytgroup.com/images/500x500sq/std.lang.all/65/88/asset-3256588.jpg",
    "content": "50cl",
    "walkRouteSequenceNumber": 4100,
    "price": {
      "basicPrice": 1.26,
      "recommendedQuantity": "6.0",
      "quantityPrice": 1.21,
      "quantityPriceQuantity": "18.0",
      "measurementUnitPrice": 2.52,
      "measurementUnitQuantityPrice": 2.42,
      "measurementUnit": "L",
      "isRedPrice": false,
      "pricePerUOM": 2.52,
      "activationDate": "04-01-2024",
      "recordSource": "Online",
      "isPromoActive": "N",
      "priceChangeCode": "E",
      "quantityPricePerUOM": 2.42,
      "quantityActivationDate": "04-01-2024",
      "quantityPriceChangeCode": "H"
    },
    "isAvailable": true,
    "isPriceAvailable": true,
    "inPromo": false,
    "gtin": [
      "00613008739072",
      "00613008739089"
    ],
    "topCategoryName": "Dranken",
    "topCategoryId": "354",
    "businessDomain": "RETAIL_BE",
    "IsPrivateLabel": false,
    "IsBiffe": false,
    "WeightconversionFactor": "0",
    "IsWeightArticle": false,
    "nutriscoreLabel": "D",
    "IsBio": false,
    "CountryOfOrigin": "DUITSLAND",
    "IsExclusivelySoldInLuxembourg": false,
    "OrderUnit": "P",
    "ShortName": "ARIZONA WATERMEL 500ML",
    "InSeason": true,
    "IsNew": false,
    "RecentQuanityOfStockUnits": "1,6",
    "LongName": "ARIZONA Watermelon niet-bruisend 50cl",
    "AlcoholVolume": "0",
    "StartSeasonDate": "29/06/2023",
    "FicCode": "E"
  },
  {
    "productId": "861488",
    "technicalArticleNumber": "4712757",
    "commercialArticleNumber": "24400",
    "name": "Portuguese Smooth 8Y 40%",
    "description": "*Scotch blend.whisky\n*Schotland",
    "brand": "DEWAR'S",
    "seoBrand": "Dewar's",
    "thumbNail": "https://static.colruytgroup.com/images/200x200/std.lang.all/51/29/asset-3175129.jpg",
    "fullImage": "https://static.colruytgroup.com/images/500x500/std.lang.all/51/29/asset-3175129.jpg",
    "squareImage": "https://static.colruytgroup.com/images/500x500sq/std.lang.all/51/29/asset-3175129.jpg",
    "content": "70cl",
    "walkRouteSequenceNumber": 979,
    "price": {
      "basicPrice": 27.99,
      "recommendedQuantity": "1.0",
      "measurementUnitPrice": 39.99,
      "measurementUnit": "L",
      "isRedPrice": false,
      "pricePerUOM": 39.99,
      "activationDate": "19-03-2024",
      "recordSource": "Offline",
      "isPromoActive": "N",
      "priceChangeCode": "E"
    },
    "isAvailable": true,
    "isPriceAvailable": true,
    "inPromo": true,
    "promotion": [
      {
        "techPromoId": "001003COLR",
        "promotionId": "001003",
        "promotionType": "3",
        "isPersonalized": "N",
        "publicationStartDate": "18-03-2024",
        "publicationEndDate": "19-04-2024"
      }
    ],
    "gtin": [
      "07640171036540",
      "07640171036533"
    ],
    "topCategoryName": "Dranken",
    "topCategoryId": "354",
    "businessDomain": "RETAIL_BE",
    "IsPrivateLabel": false,
    "IsBiffe": false,
    "WeightconversionFactor": "0",
    "IsWeightArticle": false,
    "IsBio": false,
    "CountryOfOrigin": "VERENIGD KONINKRIJK",
    "IsExclusivelySoldInLuxembourg": false,
    "OrderUnit": "P",
    "ShortName": "DEWA PORT.SMOOTH8Y 70CL",
    "IsNew": false,
    "EcoscoreLabel": "D",
    "RecentQuanityOfStockUnits": "1,6",
    "LongName": "DEWAR'S Portuguese Smooth 8Y 40% 70cl",
    "AlcoholVolume": "40",
    "FicCode": "E",
    "EcoscoreValue": "38"
  },
  {
    "productId": "212759",
    "technicalArticleNumber": "3517713",
    "commercialArticleNumber": "18061",
    "name": "bier blond tripel 7,7%vol",
    "description": "*7,7 % vol\n*Tripelbier\n*Nagisting op fles",
    "brand": "KEYTE",
    "seoBrand": "Keyte",
    "thumbNail": "https://static.colruytgroup.com/images/200x200/std.lang.all/88/08/asset-1208808.jpg",
    "fullImage": "https://static.colruytgroup.com/images/500x500/std.lang.all/88/08/asset-1208808.jpg",
    "squareImage": "https://static.colruytgroup.com/images/500x500sq/std.lang.all/88/08/asset-1208808.jpg",
    "content": "6x33cl",
    "walkRouteSequenceNumber": 3714,
    "price": {
      "basicPrice": 7.98,
      "recommendedQuantity": "1.0",
      "quantityPrice": 7.66,
      "quantityPriceQuantity": "3.0",
      "measurementUnitPrice": 4.04,
      "measurementUnitQuantityPrice": 3.87,
      "measurementUnit": "L",
      "isRedPrice": false,
      "pricePerUOM": 4.04,
      "activationDate": "15-02-2024",
      "recordSource": "Offline",
      "isPromoActive": "N",
      "priceChangeCode": "E",
      "quantityPricePerUOM": 3.87,
      "quantityActivationDate": "15-02-2024",
      "quantityPriceChangeCode": "E"
    },
    "isAvailable": true,
    "isPriceAvailable": true,
    "inPromo": false,
    "gtin": [
      "05413784316345",
      "05400141205909"
    ],
    "topCategoryName": "Dranken",
    "topCategoryId": "354",
    "businessDomain": "RETAIL_BE",
    "IsPrivateLabel": false,
    "IsBiffe": false,
    "WeightconversionFactor": "0",
    "IsWeightArticle": false,
    "IsBio": false,
    "CountryOfOrigin": "BELGIË",
    "IsExclusivelySoldInLuxembourg": false,
    "OrderUnit": "P",
    "ShortName": "RE KEYTE OOST.TRIP6X33C",
    "IsNew": false,
    "EcoscoreLabel": "D",
    "RecentQuanityOfStockUnits": "1",
    "LongName": "KEYTE bier blond tripel 7,7%vol 6x33cl",
    "AlcoholVolume": "7.7",
    "FicCode": "I",
    "DepositValue": [
      0.6
    ],
    "EcoscoreValue": "37"
  },
  {
    "productId": "341229",
    "technicalArticleNumber": "3731558",
    "commercialArticleNumber": "11092",
    "name": "Viking Scars 10Y 40%",
    "description": "*Single malt whisky\n*Schotland\n*Vol, rokerig (turf)\n*10 jaar gerijpt",
    "brand": "HIGHLAND PARK",
    "seoBrand": "Highland Park",
    "thumbNail": "https://static.colruytgroup.com/images/200x200/std.lang.all/23/45/asset-2282345.jpg",
    "fullImage": "https://static.colruytgroup.com/images/500x500/std.lang.all/23/45/asset-2282345.jpg",
    "squareImage": "https://static.colruytgroup.com/images/500x500sq/std.lang.all/23/45/asset-2282345.jpg",
    "content": "70cl",
    "walkRouteSequenceNumber": 963,
    "price": {
      "basicPrice": 39.99,
      "recommendedQuantity": "1.0",
      "measurementUnitPrice": 57.13,
      "measurementUnit": "L",
      "isRedPrice": false,
      "pricePerUOM": 57.13,
      "activationDate": "17-02-2024",
      "recordSource": "Online",
      "isPromoActive": "N",
      "priceChangeCode": "E"
    },
    "isAvailable": true,
    "isPriceAvailable": true,
    "inPromo": false,
    "gtin": [
      "05010314203795",
      "05010314206567",
      "05010314307387",
      "05010314303556"
    ],
    "topCategoryName": "Dranken",
    "topCategoryId": "354",
    "businessDomain": "RETAIL_BE",
    "IsPrivateLabel": false,
    "IsBiffe": false,
    "WeightconversionFactor": "0",
    "IsWeightArticle": false,
    "IsBio": false,
    "CountryOfOrigin": "VERENIGD KONINKRIJK",
    "IsExclusivelySoldInLuxembourg": false,
    "OrderUnit": "P",
    "ShortName": "/HIGHL PARK 10Y 40%70CL",
    "InSeason": true,
    "IsNew": false,
    "EcoscoreLabel": "D",
    "RecentQuanityOfStockUnits": "1",
    "LongName": "HIGHLAND PARK Viking Scars 10Y 40% 70cl",
    "AlcoholVolume": "40",
    "StartSeasonDate": "26/12/2017",
    "FicCode": "E",
    "EcoscoreValue": "38"
  },
  {
    "productId": "885447",
    "technicalArticleNumber": "4744387",
    "commercialArticleNumber": "32576",
    "name": "Cowboy Cocktail Mucho Mango",
    "brand": "ARIZONA",
    "seoBrand": "AriZona",
    "thumbNail": "https://static.colruytgroup.com/images/200x200/std.lang.all/65/81/asset-3256581.jpg",
    "fullImage": "https://static.colruytgroup.com/images/500x500/std.lang.all/65/81/asset-3256581.jpg",
    "squareImage": "https://static.colruytgroup.com/images/500x500sq/std.lang.all/65/81/asset-3256581.jpg",
    "content": "50cl",
    "walkRouteSequenceNumber": 4097,
    "price": {
      "basicPrice": 1.26,
      "recommendedQuantity": "1.0",
      "quantityPrice": 1.21,
      "quantityPriceQuantity": "3.0",
      "measurementUnitPrice": 2.52,
      "measurementUnitQuantityPrice": 2.42,
      "measurementUnit": "L",
      "isRedPrice": false,
      "pricePerUOM": 2.52,
      "activationDate": "03-01-2024",
      "recordSource": "Online",
      "isPromoActive": "N",
      "priceChangeCode": "E",
      "quantityPricePerUOM": 2.42,
      "quantityActivationDate": "03-01-2024",
      "quantityPriceChangeCode": "H"
    },
    "isAvailable": true,
    "isPriceAvailable": true,
    "inPromo": false,
    "topCategoryName": "Dranken",
    "topCategoryId": "354",
    "businessDomain": "RETAIL_BE",
    "IsPrivateLabel": false,
    "IsBiffe": false,
    "WeightconversionFactor": "0",
    "IsWeightArticle": false,
    "nutriscoreLabel": "D",
    "IsBio": false,
    "CountryOfOrigin": "DUITSLAND",
    "IsExclusivelySoldInLuxembourg": false,
    "OrderUnit": "P",
    "ShortName": "ARIZ COWBOY M.MANGO50CL",
    "IsNew": false,
    "RecentQuanityOfStockUnits": "6,1",
    "LongName": "ARIZONA Cowboy Cocktail Mucho Mango 50cl",
    "AlcoholVolume": "0",
    "FicCode": "E"
  },
  {
    "productId": "885565",
    "technicalArticleNumber": "4744561",
    "commercialArticleNumber": "32607",
    "name": "Maté Guarana Bio",
    "description": "*Energy Shot\n*Met o.a. Maté thee",
    "brand": "HOLY SHOT",
    "seoBrand": "Holy Shot",
    "thumbNail": "https://static.colruytgroup.com/images/200x200/std.lang.all/56/57/asset-3275657.jpg",
    "fullImage": "https://static.colruytgroup.com/images/500x500/std.lang.all/56/57/asset-3275657.jpg",
    "squareImage": "https://static.colruytgroup.com/images/500x500sq/std.lang.all/56/57/asset-3275657.jpg",
    "content": "6cl",
    "walkRouteSequenceNumber": 4702,
    "price": {
      "basicPrice": 1.5,
      "recommendedQuantity": "1.0",
      "quantityPrice": 1.44,
      "quantityPriceQuantity": "12.0",
      "measurementUnitPrice": 25,
      "measurementUnitQuantityPrice": 24,
      "measurementUnit": "L",
      "isRedPrice": false,
      "pricePerUOM": 25,
      "activationDate": "13-02-2024",
      "recordSource": "Online",
      "isPromoActive": "N",
      "priceChangeCode": "E",
      "quantityPricePerUOM": 24,
      "quantityActivationDate": "13-02-2024",
      "quantityPriceChangeCode": "E"
    },
    "isAvailable": true,
    "isPriceAvailable": true,
    "inPromo": false,
    "topCategoryName": "Dranken",
    "topCategoryId": "354",
    "businessDomain": "RETAIL_BE",
    "IsPrivateLabel": false,
    "IsBiffe": false,
    "WeightconversionFactor": "0",
    "IsWeightArticle": false,
    "nutriscoreLabel": "C",
    "IsBio": true,
    "CountryOfOrigin": "DENEMARKEN",
    "IsExclusivelySoldInLuxembourg": false,
    "OrderUnit": "P",
    "ShortName": "HOSH MATE GUARANA 6CL",
    "IsNew": false,
    "RecentQuanityOfStockUnits": "1",
    "LongName": "HOLY SHOT Maté Guarana Bio 6cl",
    "FicCode": "E"
  },
  {
    "productId": "591906",
    "technicalArticleNumber": "4250832",
    "commercialArticleNumber": "15875",
    "name": "Awake",
    "brand": "VITAMIN WELL",
    "seoBrand": "Vitamin Well",
    "thumbNail": "https://static.colruytgroup.com/images/200x200/std.lang.all/65/91/asset-3256591.jpg",
    "fullImage": "https://static.colruytgroup.com/images/500x500/std.lang.all/65/91/asset-3256591.jpg",
    "squareImage": "https://static.colruytgroup.com/images/500x500sq/std.lang.all/65/91/asset-3256591.jpg",
    "content": "50cl",
    "walkRouteSequenceNumber": 4708,
    "price": {
      "basicPrice": 1.75,
      "recommendedQuantity": "1.0",
      "quantityPrice": 1.68,
      "quantityPriceQuantity": "24.0",
      "measurementUnitPrice": 3.5,
      "measurementUnitQuantityPrice": 3.36,
      "measurementUnit": "L",
      "isRedPrice": false,
      "pricePerUOM": 3.5,
      "activationDate": "15-02-2024",
      "recordSource": "Online",
      "isPromoActive": "N",
      "priceChangeCode": "E",
      "quantityPricePerUOM": 3.36,
      "quantityActivationDate": "15-02-2024",
      "quantityPriceChangeCode": "E"
    },
    "isAvailable": true,
    "isPriceAvailable": true,
    "inPromo": false,
    "gtin": [
      "07350042718726",
      "07350042717774"
    ],
    "topCategoryName": "Dranken",
    "topCategoryId": "354",
    "businessDomain": "RETAIL_BE",
    "IsPrivateLabel": false,
    "IsBiffe": false,
    "WeightconversionFactor": "0",
    "IsWeightArticle": false,
    "nutriscoreLabel": "C",
    "IsBio": false,
    "CountryOfOrigin": "ZWEDEN",
    "IsExclusivelySoldInLuxembourg": false,
    "OrderUnit": "P",
    "ShortName": "VIWE AWAKE 50CL",
    "InSeason": true,
    "IsNew": false,
    "RecentQuanityOfStockUnits": "1,12",
    "LongName": "VITAMIN WELL Awake 50cl",
    "StartSeasonDate": "29/06/2023",
    "FicCode": "E"
  },
  {
    "productId": "588405",
    "technicalArticleNumber": "4245689",
    "commercialArticleNumber": "20195",
    "name": "Kiwi Strawberry juice",
    "brand": "ARIZONA",
    "seoBrand": "AriZona",
    "thumbNail": "https://static.colruytgroup.com/images/200x200/std.lang.all/65/90/asset-3256590.jpg",
    "fullImage": "https://static.colruytgroup.com/images/500x500/std.lang.all/65/90/asset-3256590.jpg",
    "squareImage": "https://static.colruytgroup.com/images/500x500sq/std.lang.all/65/90/asset-3256590.jpg",
    "content": "500ml",
    "walkRouteSequenceNumber": 4101,
    "price": {
      "basicPrice": 1.26,
      "recommendedQuantity": "6.0",
      "quantityPrice": 1.21,
      "quantityPriceQuantity": "24.0",
      "measurementUnitPrice": 2.52,
      "measurementUnitQuantityPrice": 2.42,
      "measurementUnit": "L",
      "isRedPrice": false,
      "pricePerUOM": 2.52,
      "activationDate": "13-01-2024",
      "recordSource": "Online",
      "isPromoActive": "N",
      "priceChangeCode": "E",
      "quantityPricePerUOM": 2.42,
      "quantityActivationDate": "13-01-2024",
      "quantityPriceChangeCode": "L"
    },
    "isAvailable": true,
    "isPriceAvailable": true,
    "inPromo": false,
    "gtin": [
      "00613008754501",
      "00613008754518"
    ],
    "topCategoryName": "Dranken",
    "topCategoryId": "354",
    "businessDomain": "RETAIL_BE",
    "IsPrivateLabel": false,
    "IsBiffe": false,
    "WeightconversionFactor": "0",
    "IsWeightArticle": false,
    "nutriscoreLabel": "C",
    "IsBio": false,
    "CountryOfOrigin": "DUITSLAND",
    "IsExclusivelySoldInLuxembourg": false,
    "OrderUnit": "P",
    "ShortName": "OK ARIZ KIW-STRAWB 50CL",
    "InSeason": true,
    "IsNew": false,
    "EcoscoreLabel": "E",
    "RecentQuanityOfStockUnits": "6,1",
    "LongName": "ARIZONA Kiwi Strawberry juice 500ml",
    "StartSeasonDate": "29/06/2023",
    "FicCode": "E",
    "EcoscoreValue": "4"
  },
  {
    "productId": "39226",
    "technicalArticleNumber": "1789294",
    "commercialArticleNumber": "6951",
    "name": "bier dubbel 7,5%",
    "description": "*Speciaalbier\n*7,5 % vol\n*Nagisting op fles",
    "brand": "BRUGSE ZOT",
    "seoBrand": "Brugse Zot",
    "thumbNail": "https://static.colruytgroup.com/images/200x200/std.lang.all/89/29/asset-378929.jpg",
    "fullImage": "https://static.colruytgroup.com/images/500x500/std.lang.all/89/29/asset-378929.jpg",
    "squareImage": "https://static.colruytgroup.com/images/500x500sq/std.lang.all/89/29/asset-378929.jpg",
    "content": "6x33cl",
    "walkRouteSequenceNumber": 3658,
    "price": {
      "basicPrice": 9.66,
      "recommendedQuantity": "1.0",
      "measurementUnitPrice": 4.88,
      "measurementUnit": "L",
      "isRedPrice": false,
      "pricePerUOM": 4.88,
      "activationDate": "13-01-2024",
      "recordSource": "Online",
      "isPromoActive": "N",
      "priceChangeCode": "H"
    },
    "isAvailable": true,
    "isPriceAvailable": true,
    "inPromo": false,
    "gtin": [
      "05400141069518",
      "05425017240075",
      "00000025069518"
    ],
    "topCategoryName": "Dranken",
    "topCategoryId": "354",
    "businessDomain": "RETAIL_BE",
    "IsPrivateLabel": false,
    "IsBiffe": false,
    "WeightconversionFactor": "0",
    "IsWeightArticle": false,
    "IsBio": false,
    "CountryOfOrigin": "BELGIË",
    "IsExclusivelySoldInLuxembourg": false,
    "OrderUnit": "P",
    "ShortName": "BRUG ZOT DUBBEL 6X33",
    "IsNew": false,
    "EcoscoreLabel": "B",
    "RecentQuanityOfStockUnits": "1",
    "LongName": "BRUGSE ZOT bier dubbel 7,5% 6x33cl",
    "AlcoholVolume": "7.5",
    "FicCode": "E",
    "DepositValue": [
      0.6
    ],
    "EcoscoreValue": "69"
  },
  {
    "productId": "885430",
    "technicalArticleNumber": "4744369",
    "commercialArticleNumber": "32568",
    "name": "Strawberry Lemonade",
    "brand": "ARIZONA",
    "seoBrand": "AriZona",
    "thumbNail": "https://static.colruytgroup.com/images/200x200/std.lang.all/65/77/asset-3256577.jpg",
    "fullImage": "https://static.colruytgroup.com/images/500x500/std.lang.all/65/77/asset-3256577.jpg",
    "squareImage": "https://static.colruytgroup.com/images/500x500sq/std.lang.all/65/77/asset-3256577.jpg",
    "content": "50cl",
    "walkRouteSequenceNumber": 4099,
    "price": {
      "basicPrice": 1.29,
      "recommendedQuantity": "1.0",
      "quantityPrice": 1.24,
      "quantityPriceQuantity": "3.0",
      "measurementUnitPrice": 2.58,
      "measurementUnitQuantityPrice": 2.48,
      "measurementUnit": "L",
      "isRedPrice": false,
      "pricePerUOM": 2.58,
      "activationDate": "21-09-2023",
      "isPromoActive": "N",
      "priceChangeCode": "L",
      "quantityPricePerUOM": 2.48,
      "quantityActivationDate": "21-09-2023",
      "quantityPriceChangeCode": "L"
    },
    "isAvailable": true,
    "isPriceAvailable": true,
    "inPromo": false,
    "topCategoryName": "Dranken",
    "topCategoryId": "354",
    "businessDomain": "RETAIL_BE",
    "IsPrivateLabel": false,
    "IsBiffe": false,
    "WeightconversionFactor": "0",
    "IsWeightArticle": false,
    "nutriscoreLabel": "D",
    "IsBio": false,
    "CountryOfOrigin": "DUITSLAND",
    "IsExclusivelySoldInLuxembourg": false,
    "OrderUnit": "P",
    "ShortName": "ARIZ STRAWBER.LEMON50CL",
    "IsNew": false,
    "RecentQuanityOfStockUnits": "6,1",
    "LongName": "ARIZONA Strawberry Lemonade 50cl",
    "AlcoholVolume": "0",
    "FicCode": "E"
  },
  {
    "productId": "848037",
    "technicalArticleNumber": "4694962",
    "commercialArticleNumber": "27014",
    "name": "Blaasveld Broek 46%",
    "description": "*Single malt whisky\n*België\n*Krachtig & rokerig",
    "brand": "GOUDEN CAROLUS",
    "seoBrand": "Gouden Carolus",
    "thumbNail": "https://static.colruytgroup.com/images/200x200/std.lang.all/79/96/asset-3017996.jpg",
    "fullImage": "https://static.colruytgroup.com/images/500x500/std.lang.all/79/96/asset-3017996.jpg",
    "squareImage": "https://static.colruytgroup.com/images/500x500sq/std.lang.all/79/96/asset-3017996.jpg",
    "content": "50cl",
    "walkRouteSequenceNumber": 960,
    "price": {
      "basicPrice": 39,
      "recommendedQuantity": "1.0",
      "measurementUnitPrice": 78,
      "measurementUnit": "L",
      "isRedPrice": false,
      "pricePerUOM": 78,
      "activationDate": "02-01-2024",
      "recordSource": "Online",
      "isPromoActive": "N",
      "priceChangeCode": "H"
    },
    "isAvailable": true,
    "isPriceAvailable": true,
    "inPromo": false,
    "gtin": [
      "05425006245517",
      "05425006245562"
    ],
    "topCategoryName": "Dranken",
    "topCategoryId": "354",
    "businessDomain": "RETAIL_BE",
    "IsPrivateLabel": false,
    "IsBiffe": false,
    "WeightconversionFactor": "0",
    "IsWeightArticle": false,
    "IsBio": false,
    "CountryOfOrigin": "BELGIË",
    "IsExclusivelySoldInLuxembourg": false,
    "OrderUnit": "P",
    "ShortName": "GOCA BLAASVELD BROEK50C",
    "IsNew": false,
    "EcoscoreLabel": "D",
    "RecentQuanityOfStockUnits": "1",
    "LongName": "GOUDEN CAROLUS Blaasveld Broek 46% 50cl",
    "AlcoholVolume": "46",
    "FicCode": "E",
    "EcoscoreValue": "38"
  },
  {
    "productId": "775996",
    "technicalArticleNumber": "4567294",
    "commercialArticleNumber": "6919",
    "name": "whisky 12Y 43%",
    "description": "*Single malt whisky\n*Schotland",
    "brand": "GLENKINCHIE",
    "seoBrand": "Glenkinchie",
    "thumbNail": "https://static.colruytgroup.com/images/200x200/std.lang.all/50/91/asset-2755091.jpg",
    "fullImage": "https://static.colruytgroup.com/images/500x500/std.lang.all/50/91/asset-2755091.jpg",
    "squareImage": "https://static.colruytgroup.com/images/500x500sq/std.lang.all/50/91/asset-2755091.jpg",
    "content": "70cl",
    "walkRouteSequenceNumber": 968,
    "price": {
      "basicPrice": 45.95,
      "recommendedQuantity": "1.0",
      "measurementUnitPrice": 65.65,
      "measurementUnit": "L",
      "isRedPrice": false,
      "pricePerUOM": 65.65,
      "activationDate": "21-03-2024",
      "recordSource": "Online",
      "isPromoActive": "N",
      "priceChangeCode": "H"
    },
    "isAvailable": true,
    "isPriceAvailable": true,
    "inPromo": false,
    "gtin": [
      "05000281021935",
      "05000281021942",
      "05000281021966"
    ],
    "topCategoryName": "Dranken",
    "topCategoryId": "354",
    "businessDomain": "RETAIL_BE",
    "IsPrivateLabel": false,
    "IsBiffe": false,
    "WeightconversionFactor": "0",
    "IsWeightArticle": false,
    "IsBio": false,
    "CountryOfOrigin": "VERENIGD KONINKRIJK",
    "IsExclusivelySoldInLuxembourg": false,
    "OrderUnit": "P",
    "ShortName": "/GLKI WHISKY 12Y43%70CL",
    "InSeason": true,
    "IsNew": false,
    "EcoscoreLabel": "D",
    "RecentQuanityOfStockUnits": "1",
    "LongName": "GLENKINCHIE whisky 12Y 43% 70cl",
    "AlcoholVolume": "43",
    "StartSeasonDate": "17/11/2022",
    "FicCode": "E",
    "EcoscoreValue": "38"
  },
  {
    "productId": "509031",
    "technicalArticleNumber": "4083475",
    "commercialArticleNumber": "7771",
    "name": "Flor de Sevilla 41,3%",
    "description": "*fruitig-zacht\n*met mediterr. tonic\n*garn. sinaasappel\n*Verenigd Koninkrijk",
    "brand": "TANQUERAY",
    "seoBrand": "Tanqueray",
    "thumbNail": "https://static.colruytgroup.com/images/200x200/std.lang.all/15/20/asset-2471520.jpg",
    "fullImage": "https://static.colruytgroup.com/images/500x500/std.lang.all/15/20/asset-2471520.jpg",
    "squareImage": "https://static.colruytgroup.com/images/500x500sq/std.lang.all/15/20/asset-2471520.jpg",
    "content": "70cl",
    "walkRouteSequenceNumber": 745,
    "price": {
      "basicPrice": 30.99,
      "recommendedQuantity": "1.0",
      "measurementUnitPrice": 44.28,
      "measurementUnit": "L",
      "isRedPrice": false,
      "pricePerUOM": 44.28,
      "activationDate": "07-03-2024",
      "recordSource": "Offline",
      "isPromoActive": "N",
      "priceChangeCode": "H"
    },
    "isAvailable": true,
    "isPriceAvailable": true,
    "inPromo": false,
    "gtin": [
      "05000291023479",
      "05000291023462"
    ],
    "topCategoryName": "Dranken",
    "topCategoryId": "354",
    "businessDomain": "RETAIL_BE",
    "IsPrivateLabel": false,
    "IsBiffe": false,
    "WeightconversionFactor": "0",
    "IsWeightArticle": false,
    "IsBio": false,
    "CountryOfOrigin": "VERENIGD KONINKRIJK",
    "IsExclusivelySoldInLuxembourg": false,
    "OrderUnit": "P",
    "ShortName": "TANQ FLOR DE SEVILLA70C",
    "IsNew": false,
    "EcoscoreLabel": "C",
    "RecentQuanityOfStockUnits": "1",
    "LongName": "TANQUERAY Flor de Sevilla 41,3% 70cl",
    "AlcoholVolume": "41.3",
    "FicCode": "E",
    "EcoscoreValue": "49"
  },
  {
    "productId": "885439",
    "technicalArticleNumber": "4744378",
    "commercialArticleNumber": "32572",
    "name": "Cowboy Cocktail Fruit Punch",
    "brand": "ARIZONA",
    "seoBrand": "AriZona",
    "thumbNail": "https://static.colruytgroup.com/images/200x200/std.lang.all/65/79/asset-3256579.jpg",
    "fullImage": "https://static.colruytgroup.com/images/500x500/std.lang.all/65/79/asset-3256579.jpg",
    "squareImage": "https://static.colruytgroup.com/images/500x500sq/std.lang.all/65/79/asset-3256579.jpg",
    "content": "50cl",
    "walkRouteSequenceNumber": 4098,
    "price": {
      "basicPrice": 1.29,
      "recommendedQuantity": "1.0",
      "quantityPrice": 1.24,
      "quantityPriceQuantity": "3.0",
      "measurementUnitPrice": 2.58,
      "measurementUnitQuantityPrice": 2.48,
      "measurementUnit": "L",
      "isRedPrice": false,
      "pricePerUOM": 2.58,
      "activationDate": "01-07-2023",
      "isPromoActive": "N",
      "priceChangeCode": "E",
      "quantityPricePerUOM": 2.48,
      "quantityActivationDate": "01-07-2023",
      "quantityPriceChangeCode": "E"
    },
    "isAvailable": true,
    "isPriceAvailable": true,
    "inPromo": false,
    "topCategoryName": "Dranken",
    "topCategoryId": "354",
    "businessDomain": "RETAIL_BE",
    "IsPrivateLabel": false,
    "IsBiffe": false,
    "WeightconversionFactor": "0",
    "IsWeightArticle": false,
    "nutriscoreLabel": "D",
    "IsBio": false,
    "CountryOfOrigin": "DUITSLAND",
    "IsExclusivelySoldInLuxembourg": false,
    "OrderUnit": "P",
    "ShortName": "ARIZ COWBOY FR.PUNCH50C",
    "IsNew": false,
    "RecentQuanityOfStockUnits": "6,1",
    "LongName": "ARIZONA Cowboy Cocktail Fruit Punch 50cl",
    "AlcoholVolume": "0",
    "FicCode": "E"
  },
  {
    "productId": "631453",
    "technicalArticleNumber": "4317813",
    "commercialArticleNumber": "11613",
    "name": "Lam&St.+glas",
    "description": "*Geschenkverpakking",
    "brand": "TIMMERMANS GUINNESS",
    "seoBrand": "Timmermans Guinness",
    "thumbNail": "https://static.colruytgroup.com/images/200x200/std.lang.all/61/13/asset-3306113.jpg",
    "fullImage": "https://static.colruytgroup.com/images/500x500/std.lang.all/61/13/asset-3306113.jpg",
    "squareImage": "https://static.colruytgroup.com/images/500x500sq/std.lang.all/61/13/asset-3306113.jpg",
    "content": "37,5cl",
    "walkRouteSequenceNumber": 1552,
    "price": {
      "basicPrice": 9.49,
      "recommendedQuantity": "1.0",
      "measurementUnitPrice": 25.31,
      "measurementUnit": "L",
      "isRedPrice": true,
      "redPriceReason": "Promo",
      "referencePrice": 9.99,
      "retentionPeriod": 30,
      "pricePerUOM": 25.31,
      "activationDate": "05-01-2024",
      "isPromoActive": "Y",
      "priceChangeCode": "L"
    },
    "isAvailable": true,
    "isPriceAvailable": true,
    "inPromo": false,
    "gtin": [
      "05411516003648",
      "05411516003730"
    ],
    "topCategoryName": "Dranken",
    "topCategoryId": "354",
    "businessDomain": "RETAIL_BE",
    "IsPrivateLabel": false,
    "IsBiffe": false,
    "WeightconversionFactor": "0",
    "IsWeightArticle": false,
    "IsBio": false,
    "CountryOfOrigin": "BELGIË",
    "IsExclusivelySoldInLuxembourg": false,
    "OrderUnit": "P",
    "ShortName": "TIMM GUIN L+S 37.5CL+GL",
    "InSeason": true,
    "IsNew": false,
    "EcoscoreLabel": "D",
    "RecentQuanityOfStockUnits": "1",
    "LongName": "TIMMERMANS GUINNESS Lam&St.+glas 37,5cl",
    "AlcoholVolume": "6",
    "StartSeasonDate": "05/09/2023",
    "FicCode": "E",
    "DepositValue": [
      0.2
    ],
    "EcoscoreValue": "37"
  },
  {
    "productId": "107994",
    "technicalArticleNumber": "3135437",
    "commercialArticleNumber": "18769",
    "name": "Rangpur gin 41,3%vol",
    "description": "*fruitig-gekruid\n*met neutrale tonic\n*garn. bl. bosbes\n*Verenigd Koninkrijk",
    "brand": "TANQUERAY",
    "seoBrand": "Tanqueray",
    "thumbNail": "https://static.colruytgroup.com/images/200x200/std.lang.all/15/18/asset-2471518.jpg",
    "fullImage": "https://static.colruytgroup.com/images/500x500/std.lang.all/15/18/asset-2471518.jpg",
    "squareImage": "https://static.colruytgroup.com/images/500x500sq/std.lang.all/15/18/asset-2471518.jpg",
    "content": "70cl",
    "walkRouteSequenceNumber": 746,
    "price": {
      "basicPrice": 29.99,
      "recommendedQuantity": "1.0",
      "measurementUnitPrice": 42.85,
      "measurementUnit": "L",
      "isRedPrice": false,
      "pricePerUOM": 42.85,
      "activationDate": "13-02-2024",
      "recordSource": "Offline",
      "isPromoActive": "N",
      "priceChangeCode": "E"
    },
    "isAvailable": true,
    "isPriceAvailable": true,
    "inPromo": false,
    "gtin": [
      "05000291025947",
      "05000291025930",
      "05000291021635",
      "05000291021628"
    ],
    "topCategoryName": "Dranken",
    "topCategoryId": "354",
    "businessDomain": "RETAIL_BE",
    "IsPrivateLabel": false,
    "IsBiffe": false,
    "WeightconversionFactor": "0",
    "IsWeightArticle": false,
    "IsBio": false,
    "CountryOfOrigin": "VERENIGD KONINKRIJK",
    "IsExclusivelySoldInLuxembourg": false,
    "OrderUnit": "P",
    "ShortName": "RE TANQUERAY RANGPUR70C",
    "IsNew": false,
    "EcoscoreLabel": "C",
    "RecentQuanityOfStockUnits": "1,1",
    "LongName": "TANQUERAY Rangpur gin 41,3%vol 70cl",
    "AlcoholVolume": "41.3",
    "FicCode": "E",
    "EcoscoreValue": "51"
  },
  {
    "productId": "885591",
    "technicalArticleNumber": "4744591",
    "commercialArticleNumber": "32613",
    "name": "Sparkling Water Rhubarb Bio",
    "description": "*Gearomatiseerd\nwater\n*Bruisend\n*Zonder toegevoegde\nsuikers",
    "brand": "SQWZ",
    "seoBrand": "SQWZ",
    "thumbNail": "https://static.colruytgroup.com/images/200x200/std.lang.all/65/85/asset-3256585.jpg",
    "fullImage": "https://static.colruytgroup.com/images/500x500/std.lang.all/65/85/asset-3256585.jpg",
    "squareImage": "https://static.colruytgroup.com/images/500x500sq/std.lang.all/65/85/asset-3256585.jpg",
    "content": "33cl",
    "walkRouteSequenceNumber": 4075,
    "price": {
      "basicPrice": 1.19,
      "recommendedQuantity": "1.0",
      "quantityPrice": 1.14,
      "quantityPriceQuantity": "3.0",
      "measurementUnitPrice": 3.61,
      "measurementUnitQuantityPrice": 3.46,
      "measurementUnit": "L",
      "isRedPrice": false,
      "pricePerUOM": 3.61,
      "activationDate": "21-03-2024",
      "isPromoActive": "N",
      "priceChangeCode": "L",
      "quantityPricePerUOM": 3.46,
      "quantityActivationDate": "21-03-2024",
      "quantityPriceChangeCode": "L"
    },
    "isAvailable": true,
    "isPriceAvailable": true,
    "inPromo": false,
    "topCategoryName": "Dranken",
    "topCategoryId": "354",
    "businessDomain": "RETAIL_BE",
    "IsPrivateLabel": false,
    "IsBiffe": false,
    "WeightconversionFactor": "0",
    "IsWeightArticle": false,
    "nutriscoreLabel": "C",
    "IsBio": true,
    "CountryOfOrigin": "OOSTENRIJK",
    "IsExclusivelySoldInLuxembourg": false,
    "OrderUnit": "P",
    "ShortName": "SQWZ RHUBARB BIO 33CL",
    "IsNew": false,
    "RecentQuanityOfStockUnits": "1",
    "LongName": "SQWZ Sparkling Water Rhubarb Bio 33cl",
    "FicCode": "E"
  },
  {
    "productId": "885510",
    "technicalArticleNumber": "4744329",
    "commercialArticleNumber": "32557",
    "name": "Ginger Mandarin ZS",
    "brand": "FHIRST",
    "seoBrand": "Fhirst",
    "thumbNail": "https://static.colruytgroup.com/images/200x200/std.lang.all/65/83/asset-3256583.jpg",
    "fullImage": "https://static.colruytgroup.com/images/500x500/std.lang.all/65/83/asset-3256583.jpg",
    "squareImage": "https://static.colruytgroup.com/images/500x500sq/std.lang.all/65/83/asset-3256583.jpg",
    "content": "33cl",
    "walkRouteSequenceNumber": 4705,
    "price": {
      "basicPrice": 1.99,
      "recommendedQuantity": "1.0",
      "quantityPrice": 1.91,
      "quantityPriceQuantity": "3.0",
      "measurementUnitPrice": 6.04,
      "measurementUnitQuantityPrice": 5.79,
      "measurementUnit": "L",
      "isRedPrice": false,
      "pricePerUOM": 6.04,
      "activationDate": "04-07-2023",
      "isPromoActive": "N",
      "priceChangeCode": "E",
      "quantityPricePerUOM": 5.79,
      "quantityActivationDate": "04-07-2023",
      "quantityPriceChangeCode": "E"
    },
    "isAvailable": true,
    "isPriceAvailable": true,
    "inPromo": false,
    "topCategoryName": "Dranken",
    "topCategoryId": "354",
    "businessDomain": "RETAIL_BE",
    "IsPrivateLabel": false,
    "IsBiffe": false,
    "WeightconversionFactor": "0",
    "IsWeightArticle": false,
    "nutriscoreLabel": "C",
    "IsBio": false,
    "CountryOfOrigin": "BELGIË",
    "IsExclusivelySoldInLuxembourg": false,
    "OrderUnit": "P",
    "ShortName": "FHIR GING.MAND.ZS 33CL",
    "IsNew": false,
    "RecentQuanityOfStockUnits": "1,12",
    "LongName": "FHIRST Ginger Mandarin ZS 33cl",
    "FicCode": "E"
  },
  {
    "productId": "866650",
    "technicalArticleNumber": "4719035",
    "commercialArticleNumber": "8389",
    "name": "Blood Ora+Fagn.bl.33cl gr.",
    "description": "*Amber bier\n*7 % vol\n*Met gratis flesje\nFagnes blond 33cl\n*Beperkte voorraad",
    "brand": "FAGNES",
    "seoBrand": "Fagnes",
    "thumbNail": "https://static.colruytgroup.com/images/200x200/std.lang.all/54/44/asset-3225444.jpg",
    "fullImage": "https://static.colruytgroup.com/images/500x500/std.lang.all/54/44/asset-3225444.jpg",
    "squareImage": "https://static.colruytgroup.com/images/500x500sq/std.lang.all/54/44/asset-3225444.jpg",
    "content": "6x33cl",
    "walkRouteSequenceNumber": 3758,
    "price": {
      "basicPrice": 12.33,
      "recommendedQuantity": "1.0",
      "quantityPrice": 11.84,
      "quantityPriceQuantity": "3.0",
      "measurementUnitPrice": 6.23,
      "measurementUnitQuantityPrice": 5.98,
      "measurementUnit": "L",
      "isRedPrice": false,
      "pricePerUOM": 6.23,
      "activationDate": "23-03-2024",
      "isPromoActive": "N",
      "priceChangeCode": "H",
      "quantityPricePerUOM": 5.98,
      "quantityActivationDate": "23-03-2024",
      "quantityPriceChangeCode": "H"
    },
    "isAvailable": true,
    "isPriceAvailable": true,
    "inPromo": false,
    "gtin": [
      "05400141736014"
    ],
    "topCategoryName": "Dranken",
    "topCategoryId": "354",
    "businessDomain": "RETAIL_BE",
    "IsPrivateLabel": false,
    "IsBiffe": false,
    "WeightconversionFactor": "0",
    "IsWeightArticle": false,
    "IsBio": false,
    "CountryOfOrigin": "BELGIË",
    "IsExclusivelySoldInLuxembourg": false,
    "OrderUnit": "P",
    "ShortName": "FAGN BO+FAG.B33C.GR6X33",
    "IsNew": false,
    "RecentQuanityOfStockUnits": "1",
    "LongName": "FAGNES Blood Ora+Fagn.bl.33cl gr. 6x33cl",
    "AlcoholVolume": "7",
    "FicCode": "E",
    "DepositValue": [
      0.7
    ]
  },
  {
    "productId": "566947",
    "technicalArticleNumber": "4209467",
    "commercialArticleNumber": "7390",
    "name": "Abdijbier Dubbel 8%",
    "description": "*Abdijbier\n*Dubbel\n*Bruin\n*8 % vol",
    "brand": "ACHEL",
    "seoBrand": "Achel",
    "thumbNail": "https://static.colruytgroup.com/images/200x200/std.lang.all/63/22/asset-1956322.jpg",
    "fullImage": "https://static.colruytgroup.com/images/500x500/std.lang.all/63/22/asset-1956322.jpg",
    "squareImage": "https://static.colruytgroup.com/images/500x500sq/std.lang.all/63/22/asset-1956322.jpg",
    "content": "4x33cl",
    "walkRouteSequenceNumber": 3617,
    "price": {
      "basicPrice": 8.04,
      "recommendedQuantity": "1.0",
      "quantityPrice": 7.72,
      "quantityPriceQuantity": "3.0",
      "measurementUnitPrice": 6.1,
      "measurementUnitQuantityPrice": 5.85,
      "measurementUnit": "L",
      "isRedPrice": false,
      "pricePerUOM": 6.1,
      "activationDate": "16-03-2024",
      "recordSource": "Online",
      "isPromoActive": "N",
      "priceChangeCode": "H",
      "quantityPricePerUOM": 5.85,
      "quantityActivationDate": "16-03-2024",
      "quantityPriceChangeCode": "E"
    },
    "isAvailable": true,
    "isPriceAvailable": true,
    "inPromo": false,
    "gtin": [
      "05400141345674"
    ],
    "topCategoryName": "Dranken",
    "topCategoryId": "354",
    "businessDomain": "RETAIL_BE",
    "IsPrivateLabel": false,
    "IsBiffe": false,
    "WeightconversionFactor": "0",
    "IsWeightArticle": false,
    "IsBio": false,
    "CountryOfOrigin": "BELGIË",
    "IsExclusivelySoldInLuxembourg": false,
    "OrderUnit": "P",
    "ShortName": "ACHE DUBBEL 4X33CL",
    "IsNew": false,
    "RecentQuanityOfStockUnits": "1",
    "LongName": "ACHEL Abdijbier Dubbel 8% 4x33cl",
    "AlcoholVolume": "8",
    "FicCode": "E",
    "DepositValue": [
      0.4
    ]
  },
  {
    "productId": "892871",
    "technicalArticleNumber": "4754828",
    "commercialArticleNumber": "4352",
    "name": "Black Spiced 40%",
    "description": "*Spiced rum\n*Caraïben",
    "brand": "CAPTAIN MORGAN",
    "seoBrand": "Captain Morgan",
    "thumbNail": "https://static.colruytgroup.com/images/200x200/std.lang.all/85/60/asset-3328560.jpg",
    "fullImage": "https://static.colruytgroup.com/images/500x500/std.lang.all/85/60/asset-3328560.jpg",
    "squareImage": "https://static.colruytgroup.com/images/500x500sq/std.lang.all/85/60/asset-3328560.jpg",
    "content": "70cl",
    "walkRouteSequenceNumber": 802,
    "price": {
      "basicPrice": 26.49,
      "recommendedQuantity": "1.0",
      "measurementUnitPrice": 37.85,
      "measurementUnit": "L",
      "isRedPrice": false,
      "pricePerUOM": 37.85,
      "activationDate": "20-03-2024",
      "recordSource": "Folder",
      "isPromoActive": "N",
      "priceChangeCode": "L"
    },
    "isAvailable": true,
    "isPriceAvailable": true,
    "inPromo": false,
    "gtin": [
      "05000281033273",
      "05000281033266"
    ],
    "topCategoryName": "Dranken",
    "topCategoryId": "354",
    "businessDomain": "RETAIL_BE",
    "IsPrivateLabel": false,
    "IsBiffe": false,
    "WeightconversionFactor": "0",
    "IsWeightArticle": false,
    "IsBio": false,
    "CountryOfOrigin": "VERENIGD KONINKRIJK",
    "IsExclusivelySoldInLuxembourg": false,
    "OrderUnit": "P",
    "ShortName": "CAMO BLACK SPICED 70CL",
    "IsNew": false,
    "EcoscoreLabel": "D",
    "RecentQuanityOfStockUnits": "1",
    "LongName": "CAPTAIN MORGAN Black Spiced 40% 70cl",
    "AlcoholVolume": "40",
    "FicCode": "E",
    "EcoscoreValue": "38"
  },
  {
    "productId": "847500",
    "technicalArticleNumber": "4693904",
    "commercialArticleNumber": "19766",
    "name": "Dark & Spicy Non-Alcoholic",
    "description": "*Alcoholvrije spirit\n*Basis voor cocktail",
    "brand": "CALEÑO",
    "seoBrand": "Caleño",
    "thumbNail": "https://static.colruytgroup.com/images/200x200/std.lang.all/33/89/asset-3143389.jpg",
    "fullImage": "https://static.colruytgroup.com/images/500x500/std.lang.all/33/89/asset-3143389.jpg",
    "squareImage": "https://static.colruytgroup.com/images/500x500sq/std.lang.all/33/89/asset-3143389.jpg",
    "content": "50cl",
    "walkRouteSequenceNumber": 619,
    "price": {
      "basicPrice": 19.95,
      "recommendedQuantity": "1.0",
      "quantityPrice": 19.15,
      "quantityPriceQuantity": "3.0",
      "measurementUnitPrice": 39.9,
      "measurementUnitQuantityPrice": 38.3,
      "measurementUnit": "L",
      "isRedPrice": false,
      "pricePerUOM": 39.9,
      "activationDate": "23-03-2024",
      "recordSource": "Online",
      "isPromoActive": "N",
      "priceChangeCode": "E",
      "quantityPricePerUOM": 38.3,
      "quantityActivationDate": "23-03-2024",
      "quantityPriceChangeCode": "E"
    },
    "isAvailable": true,
    "isPriceAvailable": true,
    "inPromo": true,
    "promotion": [
      {
        "techPromoId": "001036COLR",
        "promotionId": "001036",
        "promotionType": "3",
        "isPersonalized": "N",
        "publicationStartDate": "21-03-2024",
        "publicationEndDate": "30-04-2024"
      }
    ],
    "gtin": [
      "15060708440050",
      "05060708440053"
    ],
    "topCategoryName": "Dranken",
    "topCategoryId": "354",
    "businessDomain": "RETAIL_BE",
    "IsPrivateLabel": false,
    "IsBiffe": false,
    "WeightconversionFactor": "0",
    "IsWeightArticle": false,
    "IsBio": false,
    "CountryOfOrigin": "BELGIË",
    "IsExclusivelySoldInLuxembourg": false,
    "OrderUnit": "P",
    "ShortName": "CALE DARK&SPICY 0% 50CL",
    "IsNew": false,
    "RecentQuanityOfStockUnits": "1",
    "LongName": "CALEÑO Dark & Spicy Non-Alcoholic 50cl",
    "AlcoholVolume": "0",
    "FicCode": "E"
  },
  {
    "productId": "337754",
    "technicalArticleNumber": "3825842",
    "commercialArticleNumber": "21546",
    "name": "American Oak whisky40%",
    "description": "*Single malt whisky\n*Schotland\n*Rijk en zacht",
    "brand": "AUCHENTOSHAN",
    "seoBrand": "Auchentoshan",
    "thumbNail": "https://static.colruytgroup.com/images/200x200/std.lang.all/21/27/asset-2992127.jpg",
    "fullImage": "https://static.colruytgroup.com/images/500x500/std.lang.all/21/27/asset-2992127.jpg",
    "squareImage": "https://static.colruytgroup.com/images/500x500sq/std.lang.all/21/27/asset-2992127.jpg",
    "content": "70cl",
    "walkRouteSequenceNumber": 969,
    "price": {
      "basicPrice": 31.99,
      "recommendedQuantity": "1.0",
      "measurementUnitPrice": 45.7,
      "measurementUnit": "L",
      "isRedPrice": false,
      "pricePerUOM": 45.7,
      "activationDate": "04-01-2024",
      "recordSource": "Offline",
      "isPromoActive": "N",
      "priceChangeCode": "E"
    },
    "isAvailable": true,
    "isPriceAvailable": true,
    "inPromo": false,
    "gtin": [
      "05010496003565",
      "05010496005293",
      "15010496103682",
      "15010496105716"
    ],
    "topCategoryName": "Dranken",
    "topCategoryId": "354",
    "businessDomain": "RETAIL_BE",
    "IsPrivateLabel": false,
    "IsBiffe": false,
    "WeightconversionFactor": "0",
    "IsWeightArticle": false,
    "IsBio": false,
    "CountryOfOrigin": "VERENIGD KONINKRIJK",
    "IsExclusivelySoldInLuxembourg": false,
    "OrderUnit": "P",
    "ShortName": "AUCH AMER.OAK WHISK70C",
    "InSeason": true,
    "IsNew": false,
    "EcoscoreLabel": "D",
    "RecentQuanityOfStockUnits": "1",
    "LongName": "AUCHENTOSHAN American Oak whisky40% 70cl",
    "AlcoholVolume": "40",
    "StartSeasonDate": "14/11/2022",
    "FicCode": "E",
    "EcoscoreValue": "38"
  },
  {
    "productId": "336192",
    "technicalArticleNumber": "3808099",
    "commercialArticleNumber": "42142",
    "name": "Defence",
    "brand": "VITAMIN WELL",
    "seoBrand": "Vitamin Well",
    "thumbNail": "https://static.colruytgroup.com/images/200x200/std.lang.all/65/89/asset-3256589.jpg",
    "fullImage": "https://static.colruytgroup.com/images/500x500/std.lang.all/65/89/asset-3256589.jpg",
    "squareImage": "https://static.colruytgroup.com/images/500x500sq/std.lang.all/65/89/asset-3256589.jpg",
    "content": "50cl",
    "walkRouteSequenceNumber": 4697,
    "price": {
      "basicPrice": 1.75,
      "recommendedQuantity": "1.0",
      "quantityPrice": 1.68,
      "quantityPriceQuantity": "12.0",
      "measurementUnitPrice": 3.5,
      "measurementUnitQuantityPrice": 3.36,
      "measurementUnit": "L",
      "isRedPrice": false,
      "pricePerUOM": 3.5,
      "activationDate": "08-03-2024",
      "recordSource": "Online",
      "isPromoActive": "N",
      "priceChangeCode": "E",
      "quantityPricePerUOM": 3.36,
      "quantityActivationDate": "08-03-2024",
      "quantityPriceChangeCode": "E"
    },
    "isAvailable": true,
    "isPriceAvailable": true,
    "inPromo": false,
    "gtin": [
      "27350042716030",
      "07350042716036",
      "27350042718782",
      "07350042718696"
    ],
    "topCategoryName": "Dranken",
    "topCategoryId": "354",
    "businessDomain": "RETAIL_BE",
    "IsPrivateLabel": false,
    "IsBiffe": false,
    "WeightconversionFactor": "0",
    "IsWeightArticle": false,
    "nutriscoreLabel": "C",
    "IsBio": false,
    "CountryOfOrigin": "ZWEDEN",
    "IsExclusivelySoldInLuxembourg": false,
    "OrderUnit": "P",
    "ShortName": "VIWE DEFENCE 50CL",
    "InSeason": true,
    "IsNew": false,
    "RecentQuanityOfStockUnits": "1",
    "LongName": "VITAMIN WELL Defence 50cl",
    "AlcoholVolume": "0",
    "StartSeasonDate": "29/06/2023",
    "FicCode": "E"
  },
  {
    "productId": "920156",
    "technicalArticleNumber": "4762402",
    "commercialArticleNumber": "18459",
    "name": "Strawberry Mojito 0%",
    "description": "*Alcoholvrij\naperitief\n*0 % vol",
    "brand": "LADY JANE",
    "seoBrand": "Lady Jane",
    "thumbNail": "https://static.colruytgroup.com/images/200x200/std.lang.all/75/26/asset-3337526.jpg",
    "fullImage": "https://static.colruytgroup.com/images/500x500/std.lang.all/75/26/asset-3337526.jpg",
    "squareImage": "https://static.colruytgroup.com/images/500x500sq/std.lang.all/75/26/asset-3337526.jpg",
    "content": "70cl",
    "walkRouteSequenceNumber": 607,
    "price": {
      "basicPrice": 17.99,
      "recommendedQuantity": "1.0",
      "quantityPrice": 17.27,
      "quantityPriceQuantity": "6.0",
      "measurementUnitPrice": 25.7,
      "measurementUnitQuantityPrice": 24.68,
      "measurementUnit": "L",
      "isRedPrice": false,
      "pricePerUOM": 25.7,
      "activationDate": "14-03-2024",
      "isPromoActive": "N",
      "priceChangeCode": "H",
      "quantityPricePerUOM": 24.68,
      "quantityActivationDate": "14-03-2024",
      "quantityPriceChangeCode": "H"
    },
    "isAvailable": true,
    "isPriceAvailable": true,
    "inPromo": false,
    "gtin": [
      "05407006400509",
      "15407006400506"
    ],
    "topCategoryName": "Dranken",
    "topCategoryId": "354",
    "businessDomain": "RETAIL_BE",
    "IsPrivateLabel": false,
    "IsBiffe": false,
    "WeightconversionFactor": "0",
    "IsWeightArticle": false,
    "nutriscoreLabel": "E",
    "IsBio": false,
    "CountryOfOrigin": "BELGIË",
    "IsExclusivelySoldInLuxembourg": false,
    "OrderUnit": "P",
    "ShortName": "LAJA STR.MOJITO 0% 70CL",
    "IsNew": false,
    "RecentQuanityOfStockUnits": "1",
    "LongName": "LADY JANE Strawberry Mojito 0% 70cl",
    "AlcoholVolume": "0",
    "FicCode": "E"
  },
  {
    "productId": "896974",
    "technicalArticleNumber": "4756578",
    "commercialArticleNumber": "17557",
    "name": "Nocciola 17%",
    "description": "*Likeur\n*Hazelnoot\n*17 % vol",
    "brand": "CRE. DI SICILIA",
    "seoBrand": "Cremoncello di Sicilia",
    "thumbNail": "https://static.colruytgroup.com/images/200x200/std.lang.all/44/43/asset-3324443.jpg",
    "fullImage": "https://static.colruytgroup.com/images/500x500/std.lang.all/44/43/asset-3324443.jpg",
    "squareImage": "https://static.colruytgroup.com/images/500x500sq/std.lang.all/44/43/asset-3324443.jpg",
    "content": "50cl",
    "walkRouteSequenceNumber": 917,
    "price": {
      "basicPrice": 17.25,
      "recommendedQuantity": "1.0",
      "quantityPrice": 16.56,
      "quantityPriceQuantity": "3.0",
      "measurementUnitPrice": 34.5,
      "measurementUnitQuantityPrice": 33.12,
      "measurementUnit": "L",
      "isRedPrice": false,
      "pricePerUOM": 34.5,
      "activationDate": "13-12-2023",
      "isPromoActive": "N",
      "priceChangeCode": "E",
      "quantityPricePerUOM": 33.12,
      "quantityActivationDate": "13-12-2023",
      "quantityPriceChangeCode": "E"
    },
    "isAvailable": true,
    "isPriceAvailable": true,
    "inPromo": false,
    "gtin": [
      "18013751001799",
      "08013751001792"
    ],
    "topCategoryName": "Dranken",
    "topCategoryId": "354",
    "businessDomain": "RETAIL_BE",
    "IsPrivateLabel": false,
    "IsBiffe": false,
    "WeightconversionFactor": "0",
    "IsWeightArticle": false,
    "IsBio": false,
    "CountryOfOrigin": "ITALIË",
    "IsExclusivelySoldInLuxembourg": false,
    "OrderUnit": "P",
    "ShortName": "CRSI NOCCIOLA 17% 50CL",
    "IsNew": false,
    "RecentQuanityOfStockUnits": "1",
    "LongName": "CRE. DI SICILIA Nocciola 17% 50cl",
    "AlcoholVolume": "17",
    "FicCode": "E"
  },
  {
    "productId": "885601",
    "technicalArticleNumber": "4744610",
    "commercialArticleNumber": "32621",
    "name": "Apple Kiwi",
    "brand": "ACTIVE O2",
    "seoBrand": "Active O2",
    "thumbNail": "https://static.colruytgroup.com/images/200x200/std.lang.all/64/28/asset-3256428.jpg",
    "fullImage": "https://static.colruytgroup.com/images/500x500/std.lang.all/64/28/asset-3256428.jpg",
    "squareImage": "https://static.colruytgroup.com/images/500x500sq/std.lang.all/64/28/asset-3256428.jpg",
    "content": "50cl",
    "walkRouteSequenceNumber": 4698,
    "price": {
      "basicPrice": 1.59,
      "recommendedQuantity": "1.0",
      "quantityPrice": 1.46,
      "quantityPriceQuantity": "18.0",
      "measurementUnitPrice": 3.18,
      "measurementUnitQuantityPrice": 2.92,
      "measurementUnit": "L",
      "isRedPrice": false,
      "pricePerUOM": 3.18,
      "activationDate": "12-03-2024",
      "isPromoActive": "N",
      "priceChangeCode": "H",
      "quantityPricePerUOM": 2.92,
      "quantityActivationDate": "12-03-2024",
      "quantityPriceChangeCode": "H"
    },
    "isAvailable": true,
    "isPriceAvailable": true,
    "inPromo": false,
    "topCategoryName": "Dranken",
    "topCategoryId": "354",
    "businessDomain": "RETAIL_BE",
    "IsPrivateLabel": false,
    "IsBiffe": false,
    "WeightconversionFactor": "0",
    "IsWeightArticle": false,
    "nutriscoreLabel": "D",
    "IsBio": false,
    "CountryOfOrigin": "DUITSLAND",
    "IsExclusivelySoldInLuxembourg": false,
    "OrderUnit": "P",
    "ShortName": "ACO2 APPLE KIWI 50CL",
    "IsNew": false,
    "RecentQuanityOfStockUnits": "1,6",
    "LongName": "ACTIVE O2 Apple Kiwi 50cl",
    "AlcoholVolume": "0",
    "FicCode": "E"
  },
  {
    "productId": "676433",
    "technicalArticleNumber": "4392830",
    "commercialArticleNumber": "16868",
    "name": "Refresh",
    "brand": "VITAMIN WELL",
    "seoBrand": "Vitamin Well",
    "thumbNail": "https://static.colruytgroup.com/images/200x200/std.lang.all/65/94/asset-3256594.jpg",
    "fullImage": "https://static.colruytgroup.com/images/500x500/std.lang.all/65/94/asset-3256594.jpg",
    "squareImage": "https://static.colruytgroup.com/images/500x500sq/std.lang.all/65/94/asset-3256594.jpg",
    "content": "50cl",
    "walkRouteSequenceNumber": 4707,
    "price": {
      "basicPrice": 1.75,
      "recommendedQuantity": "1.0",
      "quantityPrice": 1.68,
      "quantityPriceQuantity": "12.0",
      "measurementUnitPrice": 3.5,
      "measurementUnitQuantityPrice": 3.36,
      "measurementUnit": "L",
      "isRedPrice": false,
      "pricePerUOM": 3.5,
      "activationDate": "23-02-2024",
      "recordSource": "Online",
      "isPromoActive": "N",
      "priceChangeCode": "E",
      "quantityPricePerUOM": 3.36,
      "quantityActivationDate": "23-02-2024",
      "quantityPriceChangeCode": "E"
    },
    "isAvailable": true,
    "isPriceAvailable": true,
    "inPromo": false,
    "gtin": [
      "07350042718689"
    ],
    "topCategoryName": "Dranken",
    "topCategoryId": "354",
    "businessDomain": "RETAIL_BE",
    "IsPrivateLabel": false,
    "IsBiffe": false,
    "WeightconversionFactor": "0",
    "IsWeightArticle": false,
    "nutriscoreLabel": "C",
    "IsBio": false,
    "CountryOfOrigin": "ZWEDEN",
    "IsExclusivelySoldInLuxembourg": false,
    "OrderUnit": "P",
    "ShortName": "VIWE REFRESH 50CL",
    "InSeason": true,
    "IsNew": false,
    "RecentQuanityOfStockUnits": "1",
    "LongName": "VITAMIN WELL Refresh 50cl",
    "StartSeasonDate": "29/06/2023",
    "FicCode": "E"
  },
  {
    "productId": "847507",
    "technicalArticleNumber": "4693911",
    "commercialArticleNumber": "20003",
    "name": "Light & Zesty Non-Alcoholic",
    "description": "*Alcoholvrije spirit\n*Basis voor cocktail",
    "brand": "CALEÑO",
    "seoBrand": "Caleño",
    "thumbNail": "https://static.colruytgroup.com/images/200x200/std.lang.all/33/90/asset-3143390.jpg",
    "fullImage": "https://static.colruytgroup.com/images/500x500/std.lang.all/33/90/asset-3143390.jpg",
    "squareImage": "https://static.colruytgroup.com/images/500x500sq/std.lang.all/33/90/asset-3143390.jpg",
    "content": "50cl",
    "walkRouteSequenceNumber": 618,
    "price": {
      "basicPrice": 19.95,
      "recommendedQuantity": "1.0",
      "quantityPrice": 19.15,
      "quantityPriceQuantity": "3.0",
      "measurementUnitPrice": 39.9,
      "measurementUnitQuantityPrice": 38.3,
      "measurementUnit": "L",
      "isRedPrice": false,
      "pricePerUOM": 39.9,
      "activationDate": "13-03-2024",
      "recordSource": "Offline",
      "isPromoActive": "N",
      "priceChangeCode": "E",
      "quantityPricePerUOM": 38.3,
      "quantityActivationDate": "13-03-2024",
      "quantityPriceChangeCode": "E"
    },
    "isAvailable": true,
    "isPriceAvailable": true,
    "inPromo": true,
    "promotion": [
      {
        "techPromoId": "001036COLR",
        "promotionId": "001036",
        "promotionType": "3",
        "isPersonalized": "N",
        "publicationStartDate": "21-03-2024",
        "publicationEndDate": "30-04-2024"
      }
    ],
    "gtin": [
      "05060708440015",
      "15060708440012"
    ],
    "topCategoryName": "Dranken",
    "topCategoryId": "354",
    "businessDomain": "RETAIL_BE",
    "IsPrivateLabel": false,
    "IsBiffe": false,
    "WeightconversionFactor": "0",
    "IsWeightArticle": false,
    "IsBio": false,
    "CountryOfOrigin": "BELGIË",
    "IsExclusivelySoldInLuxembourg": false,
    "OrderUnit": "P",
    "ShortName": "CALE LIGHT&ZESTY0% 50CL",
    "IsNew": false,
    "RecentQuanityOfStockUnits": "1",
    "LongName": "CALEÑO Light & Zesty Non-Alcoholic 50cl",
    "AlcoholVolume": "0",
    "FicCode": "E"
  },
  {
    "productId": "820342",
    "technicalArticleNumber": "4653959",
    "commercialArticleNumber": "20559",
    "name": "12Y Single Malt whisky",
    "description": "*Singel malt whisky\n*Schotland",
    "brand": "CAOL ILA",
    "seoBrand": "Caol Ila",
    "thumbNail": "https://static.colruytgroup.com/images/200x200/std.lang.all/56/95/asset-2935695.jpg",
    "fullImage": "https://static.colruytgroup.com/images/500x500/std.lang.all/56/95/asset-2935695.jpg",
    "squareImage": "https://static.colruytgroup.com/images/500x500sq/std.lang.all/56/95/asset-2935695.jpg",
    "content": "70cl",
    "walkRouteSequenceNumber": 964,
    "price": {
      "basicPrice": 56.89,
      "recommendedQuantity": "1.0",
      "measurementUnitPrice": 81.28,
      "measurementUnit": "L",
      "isRedPrice": false,
      "pricePerUOM": 81.28,
      "activationDate": "20-03-2024",
      "recordSource": "Offline",
      "isPromoActive": "N",
      "priceChangeCode": "L"
    },
    "isAvailable": true,
    "isPriceAvailable": true,
    "inPromo": false,
    "gtin": [
      "05000281016306",
      "05000281016283",
      "05000281016290"
    ],
    "topCategoryName": "Dranken",
    "topCategoryId": "354",
    "businessDomain": "RETAIL_BE",
    "IsPrivateLabel": false,
    "IsBiffe": false,
    "WeightconversionFactor": "0",
    "IsWeightArticle": false,
    "IsBio": false,
    "CountryOfOrigin": "VERENIGD KONINKRIJK",
    "IsExclusivelySoldInLuxembourg": false,
    "OrderUnit": "P",
    "ShortName": "/CAOL ILA 12Y 70CL",
    "IsNew": false,
    "EcoscoreLabel": "D",
    "RecentQuanityOfStockUnits": "1",
    "LongName": "CAOL ILA 12Y Single Malt whisky 70cl",
    "AlcoholVolume": "43",
    "FicCode": "E",
    "EcoscoreValue": "38"
  },
  {
    "productId": "1033460",
    "technicalArticleNumber": "4795498",
    "commercialArticleNumber": "35742",
    "name": "Rum wit 3 Años 37,5%",
    "description": "*Witte rum\n*Traditionele rum\n*Cuba\n*3 jaar gerijpt",
    "brand": "HAVANA CLUB",
    "seoBrand": "Havana Club",
    "thumbNail": "https://static.colruytgroup.com/images/200x200/std.lang.all/23/96/asset-3432396.jpg",
    "fullImage": "https://static.colruytgroup.com/images/500x500/std.lang.all/23/96/asset-3432396.jpg",
    "squareImage": "https://static.colruytgroup.com/images/500x500sq/std.lang.all/23/96/asset-3432396.jpg",
    "content": "70cl",
    "walkRouteSequenceNumber": 800,
    "price": {
      "basicPrice": 22.14,
      "recommendedQuantity": "1.0",
      "measurementUnitPrice": 31.63,
      "measurementUnit": "L",
      "isRedPrice": false,
      "pricePerUOM": 31.63,
      "activationDate": "15-02-2024",
      "isPromoActive": "N",
      "priceChangeCode": "H"
    },
    "isAvailable": true,
    "isPriceAvailable": true,
    "inPromo": false,
    "gtin": [
      "28501110088835",
      "08501110088831"
    ],
    "topCategoryName": "Dranken",
    "topCategoryId": "354",
    "businessDomain": "RETAIL_BE",
    "IsPrivateLabel": false,
    "IsBiffe": false,
    "WeightconversionFactor": "0",
    "IsWeightArticle": false,
    "IsBio": false,
    "CountryOfOrigin": "CUBA",
    "IsExclusivelySoldInLuxembourg": false,
    "OrderUnit": "P",
    "ShortName": "HACL WIT 3Y 37.5% 70CL",
    "IsNew": true,
    "EcoscoreLabel": "D",
    "RecentQuanityOfStockUnits": "1",
    "LongName": "HAVANA CLUB Rum wit 3 Años 37,5% 70cl",
    "AlcoholVolume": "37.5",
    "FicCode": "E",
    "EcoscoreValue": "38"
  },
  {
    "productId": "638874",
    "technicalArticleNumber": "4330513",
    "commercialArticleNumber": "8700",
    "name": "Pink 19% +33%gr",
    "description": "*Porto rosé\n*Aperitief\n*19 % vol\n*Beperkte voorraad",
    "brand": "PORTO CRUZ",
    "seoBrand": "Porto Cruz",
    "thumbNail": "https://static.colruytgroup.com/images/200x200/std.lang.all/00/13/asset-3340013.jpg",
    "fullImage": "https://static.colruytgroup.com/images/500x500/std.lang.all/00/13/asset-3340013.jpg",
    "squareImage": "https://static.colruytgroup.com/images/500x500sq/std.lang.all/00/13/asset-3340013.jpg",
    "content": "1L",
    "walkRouteSequenceNumber": 710,
    "price": {
      "basicPrice": 11.69,
      "recommendedQuantity": "1.0",
      "quantityPrice": 9.35,
      "quantityPriceQuantity": "2.0",
      "measurementUnitPrice": 11.69,
      "measurementUnitQuantityPrice": 9.35,
      "measurementUnit": "L",
      "isRedPrice": false,
      "pricePerUOM": 11.69,
      "activationDate": "23-03-2024",
      "recordSource": "Offline",
      "isPromoActive": "N",
      "priceChangeCode": "E",
      "quantityPricePerUOM": 9.35,
      "quantityActivationDate": "23-03-2024",
      "quantityPriceChangeCode": "E"
    },
    "isAvailable": true,
    "isPriceAvailable": true,
    "inPromo": false,
    "gtin": [
      "03147699114889",
      "03147691250943"
    ],
    "topCategoryName": "Dranken",
    "topCategoryId": "354",
    "businessDomain": "RETAIL_BE",
    "IsPrivateLabel": false,
    "IsBiffe": false,
    "WeightconversionFactor": "0",
    "IsWeightArticle": false,
    "IsBio": false,
    "CountryOfOrigin": "PORTUGAL",
    "IsExclusivelySoldInLuxembourg": false,
    "OrderUnit": "P",
    "ShortName": "CRUZ PINK 19% +33%GR 1L",
    "InSeason": true,
    "IsNew": false,
    "EcoscoreLabel": "D",
    "RecentQuanityOfStockUnits": "1",
    "LongName": "PORTO CRUZ Pink 19% +33%gr 1L",
    "AlcoholVolume": "19",
    "StartSeasonDate": "25/01/2024",
    "FicCode": "E",
    "EcoscoreValue": "27"
  },
  {
    "productId": "599795",
    "technicalArticleNumber": "4264641",
    "commercialArticleNumber": "14885",
    "name": "rum Bourbon Cask 40,0%vol",
    "description": "*Amber rum\n*Mix van bruine rums\n*Mauritius\n*Ger.in bourbonvaten",
    "brand": "NEW GROVE",
    "seoBrand": "New Grove",
    "thumbNail": "https://static.colruytgroup.com/images/200x200/std.lang.all/85/38/asset-2138538.jpg",
    "fullImage": "https://static.colruytgroup.com/images/500x500/std.lang.all/85/38/asset-2138538.jpg",
    "squareImage": "https://static.colruytgroup.com/images/500x500sq/std.lang.all/85/38/asset-2138538.jpg",
    "content": "70cl",
    "walkRouteSequenceNumber": 824,
    "price": {
      "basicPrice": 29.49,
      "recommendedQuantity": "1.0",
      "measurementUnitPrice": 42.13,
      "measurementUnit": "L",
      "isRedPrice": false,
      "pricePerUOM": 42.13,
      "activationDate": "03-01-2024",
      "isPromoActive": "N",
      "priceChangeCode": "H"
    },
    "isAvailable": true,
    "isPriceAvailable": true,
    "inPromo": false,
    "gtin": [
      "06091023021725",
      "06091023021756",
      "06091023021732"
    ],
    "topCategoryName": "Dranken",
    "topCategoryId": "354",
    "businessDomain": "RETAIL_BE",
    "IsPrivateLabel": false,
    "IsBiffe": false,
    "WeightconversionFactor": "0",
    "IsWeightArticle": false,
    "IsBio": false,
    "CountryOfOrigin": "MAURITIUS",
    "IsExclusivelySoldInLuxembourg": false,
    "OrderUnit": "P",
    "ShortName": "/NEGR BOURBON CASK 70CL",
    "IsNew": false,
    "EcoscoreLabel": "D",
    "RecentQuanityOfStockUnits": "1",
    "LongName": "NEW GROVE rum Bourbon Cask 40,0%vol 70cl",
    "AlcoholVolume": "40",
    "FicCode": "E",
    "EcoscoreValue": "38"
  },
  {
    "productId": "885444",
    "technicalArticleNumber": "4744384",
    "commercialArticleNumber": "32575",
    "name": "Cherry vanilla Zero Sugar",
    "brand": "FHIRST",
    "seoBrand": "Fhirst",
    "thumbNail": "https://static.colruytgroup.com/images/200x200/std.lang.all/65/80/asset-3256580.jpg",
    "fullImage": "https://static.colruytgroup.com/images/500x500/std.lang.all/65/80/asset-3256580.jpg",
    "squareImage": "https://static.colruytgroup.com/images/500x500sq/std.lang.all/65/80/asset-3256580.jpg",
    "content": "33cl",
    "walkRouteSequenceNumber": 4703,
    "price": {
      "basicPrice": 1.99,
      "recommendedQuantity": "1.0",
      "quantityPrice": 1.91,
      "quantityPriceQuantity": "12.0",
      "measurementUnitPrice": 6.04,
      "measurementUnitQuantityPrice": 5.79,
      "measurementUnit": "L",
      "isRedPrice": false,
      "pricePerUOM": 6.04,
      "activationDate": "13-02-2024",
      "isPromoActive": "N",
      "priceChangeCode": "E",
      "quantityPricePerUOM": 5.79,
      "quantityActivationDate": "13-02-2024",
      "quantityPriceChangeCode": "E"
    },
    "isAvailable": true,
    "isPriceAvailable": true,
    "inPromo": false,
    "topCategoryName": "Dranken",
    "topCategoryId": "354",
    "businessDomain": "RETAIL_BE",
    "IsPrivateLabel": false,
    "IsBiffe": false,
    "WeightconversionFactor": "0",
    "IsWeightArticle": false,
    "nutriscoreLabel": "C",
    "IsBio": false,
    "CountryOfOrigin": "BELGIË",
    "IsExclusivelySoldInLuxembourg": false,
    "OrderUnit": "P",
    "ShortName": "FHIR CHERRY VAN.ZS 33CL",
    "IsNew": false,
    "RecentQuanityOfStockUnits": "1",
    "LongName": "FHIRST Cherry vanilla Zero Sugar 33cl",
    "FicCode": "E"
  },
  {
    "productId": "680513",
    "technicalArticleNumber": "4399173",
    "commercialArticleNumber": "24565",
    "name": "Refined Lager 5,2%",
    "description": "*Pilsbier\n*5,2 % vol",
    "brand": "ESTAMINET",
    "seoBrand": "Estaminet",
    "thumbNail": "https://static.colruytgroup.com/images/200x200/std.lang.all/54/36/asset-3245436.jpg",
    "fullImage": "https://static.colruytgroup.com/images/500x500/std.lang.all/54/36/asset-3245436.jpg",
    "squareImage": "https://static.colruytgroup.com/images/500x500sq/std.lang.all/54/36/asset-3245436.jpg",
    "content": "24x25cl",
    "walkRouteSequenceNumber": 3915,
    "price": {
      "basicPrice": 16.49,
      "recommendedQuantity": "1.0",
      "measurementUnitPrice": 2.75,
      "measurementUnit": "L",
      "isRedPrice": false,
      "pricePerUOM": 2.75,
      "activationDate": "02-01-2024",
      "isPromoActive": "N",
      "priceChangeCode": "H"
    },
    "isAvailable": true,
    "isPriceAvailable": true,
    "inPromo": false,
    "gtin": [
      "00000054057142",
      "05410783003184"
    ],
    "topCategoryName": "Dranken",
    "topCategoryId": "354",
    "businessDomain": "RETAIL_BE",
    "IsPrivateLabel": false,
    "IsBiffe": false,
    "WeightconversionFactor": "0",
    "IsWeightArticle": false,
    "IsBio": false,
    "CountryOfOrigin": "BELGIË",
    "IsExclusivelySoldInLuxembourg": false,
    "OrderUnit": "P",
    "ShortName": "ESTA PREM. PILS 24X25CL",
    "IsNew": false,
    "EcoscoreLabel": "D",
    "RecentQuanityOfStockUnits": "1",
    "LongName": "ESTAMINET Refined Lager 5,2% 24x25cl",
    "AlcoholVolume": "5.2",
    "FicCode": "E",
    "DepositValue": [
      4.5
    ],
    "EcoscoreValue": "37"
  },
  {
    "productId": "868784",
    "technicalArticleNumber": "4721422",
    "commercialArticleNumber": "15616",
    "name": "Kriek 4,5%",
    "description": "*Abdijbier\n*Kriek\n*4,5 % vol",
    "brand": "TER DOLEN",
    "seoBrand": "Ter Dolen",
    "thumbNail": "https://static.colruytgroup.com/images/200x200/std.lang.all/00/37/asset-3210037.jpg",
    "fullImage": "https://static.colruytgroup.com/images/500x500/std.lang.all/00/37/asset-3210037.jpg",
    "squareImage": "https://static.colruytgroup.com/images/500x500sq/std.lang.all/00/37/asset-3210037.jpg",
    "content": "4x33cl",
    "walkRouteSequenceNumber": 3797,
    "price": {
      "basicPrice": 6.72,
      "recommendedQuantity": "1.0",
      "measurementUnitPrice": 5.1,
      "measurementUnit": "L",
      "isRedPrice": false,
      "pricePerUOM": 5.1,
      "activationDate": "23-09-2023",
      "recordSource": "Online",
      "isPromoActive": "N",
      "priceChangeCode": "H"
    },
    "isAvailable": true,
    "isPriceAvailable": true,
    "inPromo": false,
    "gtin": [
      "05400141793024",
      "05414239000109"
    ],
    "topCategoryName": "Dranken",
    "topCategoryId": "354",
    "businessDomain": "RETAIL_BE",
    "IsPrivateLabel": false,
    "IsBiffe": false,
    "WeightconversionFactor": "0",
    "IsWeightArticle": false,
    "IsBio": false,
    "CountryOfOrigin": "BELGIË",
    "IsExclusivelySoldInLuxembourg": false,
    "OrderUnit": "P",
    "ShortName": "TEDO KRIEK 4.5% 4X33CL",
    "IsNew": false,
    "RecentQuanityOfStockUnits": "1",
    "LongName": "TER DOLEN Kriek 4,5% 4x33cl",
    "AlcoholVolume": "4.5",
    "FicCode": "E",
    "DepositValue": [
      0.4
    ]
  },
  {
    "productId": "885788",
    "technicalArticleNumber": "4744604",
    "commercialArticleNumber": "32616",
    "name": "Iced Berry",
    "brand": "ACTIVE O2",
    "seoBrand": "Active O2",
    "thumbNail": "https://static.colruytgroup.com/images/200x200/std.lang.all/65/87/asset-3256587.jpg",
    "fullImage": "https://static.colruytgroup.com/images/500x500/std.lang.all/65/87/asset-3256587.jpg",
    "squareImage": "https://static.colruytgroup.com/images/500x500sq/std.lang.all/65/87/asset-3256587.jpg",
    "content": "50cl",
    "walkRouteSequenceNumber": 4700,
    "price": {
      "basicPrice": 1.59,
      "recommendedQuantity": "1.0",
      "quantityPrice": 1.46,
      "quantityPriceQuantity": "18.0",
      "measurementUnitPrice": 3.18,
      "measurementUnitQuantityPrice": 2.92,
      "measurementUnit": "L",
      "isRedPrice": false,
      "pricePerUOM": 3.18,
      "activationDate": "12-03-2024",
      "isPromoActive": "N",
      "priceChangeCode": "H",
      "quantityPricePerUOM": 2.92,
      "quantityActivationDate": "12-03-2024",
      "quantityPriceChangeCode": "H"
    },
    "isAvailable": true,
    "isPriceAvailable": true,
    "inPromo": false,
    "topCategoryName": "Dranken",
    "topCategoryId": "354",
    "businessDomain": "RETAIL_BE",
    "IsPrivateLabel": false,
    "IsBiffe": false,
    "WeightconversionFactor": "0",
    "IsWeightArticle": false,
    "nutriscoreLabel": "D",
    "IsBio": false,
    "CountryOfOrigin": "DUITSLAND",
    "IsExclusivelySoldInLuxembourg": false,
    "OrderUnit": "P",
    "ShortName": "ACO2 ICED BERRY 50CL",
    "IsNew": false,
    "RecentQuanityOfStockUnits": "1,6",
    "LongName": "ACTIVE O2 Iced Berry 50cl",
    "AlcoholVolume": "0",
    "FicCode": "E"
  },
  {
    "productId": "4498",
    "technicalArticleNumber": "1012562",
    "commercialArticleNumber": "5015",
    "name": "pils 5,2%vol",
    "description": "*Pilsbier\n*5,2 % vol",
    "brand": "PRIMUS",
    "seoBrand": "Primus",
    "thumbNail": "https://static.colruytgroup.com/images/200x200/std.lang.all/92/95/asset-2999295.jpg",
    "fullImage": "https://static.colruytgroup.com/images/500x500/std.lang.all/92/95/asset-2999295.jpg",
    "squareImage": "https://static.colruytgroup.com/images/500x500sq/std.lang.all/92/95/asset-2999295.jpg",
    "content": "24x25cl",
    "walkRouteSequenceNumber": 3913,
    "price": {
      "basicPrice": 16.56,
      "recommendedQuantity": "1.0",
      "quantityPrice": 15.9,
      "quantityPriceQuantity": "3.0",
      "measurementUnitPrice": 2.76,
      "measurementUnitQuantityPrice": 2.65,
      "measurementUnit": "L",
      "isRedPrice": false,
      "pricePerUOM": 2.76,
      "activationDate": "17-01-2024",
      "isPromoActive": "N",
      "priceChangeCode": "E",
      "quantityPricePerUOM": 2.65,
      "quantityActivationDate": "17-01-2024",
      "quantityPriceChangeCode": "E"
    },
    "isAvailable": true,
    "isPriceAvailable": true,
    "inPromo": false,
    "gtin": [
      "00000054085107",
      "05410971030152"
    ],
    "topCategoryName": "Dranken",
    "topCategoryId": "354",
    "businessDomain": "RETAIL_BE",
    "IsPrivateLabel": false,
    "IsBiffe": false,
    "WeightconversionFactor": "0",
    "IsWeightArticle": false,
    "IsBio": false,
    "CountryOfOrigin": "BELGIË",
    "IsExclusivelySoldInLuxembourg": false,
    "OrderUnit": "P",
    "ShortName": "PRIMUS PILS 24X25CL",
    "IsNew": false,
    "EcoscoreLabel": "D",
    "RecentQuanityOfStockUnits": "1",
    "LongName": "PRIMUS pils 5,2%vol 24x25cl",
    "AlcoholVolume": "5.2",
    "FicCode": "E",
    "DepositValue": [
      4.5
    ],
    "EcoscoreValue": "37"
  },
  {
    "productId": "878475",
    "technicalArticleNumber": "4734490",
    "commercialArticleNumber": "17375",
    "name": "Tripel 10%",
    "description": "*Sterk blond bier\n*10 % vol",
    "brand": "LA CORNE DU BOIS",
    "seoBrand": "La Corne du Bois des Pendus",
    "thumbNail": "https://static.colruytgroup.com/images/200x200/std.lang.all/38/35/asset-3233835.jpg",
    "fullImage": "https://static.colruytgroup.com/images/500x500/std.lang.all/38/35/asset-3233835.jpg",
    "squareImage": "https://static.colruytgroup.com/images/500x500sq/std.lang.all/38/35/asset-3233835.jpg",
    "content": "4x33cl",
    "walkRouteSequenceNumber": 1571,
    "price": {
      "basicPrice": 7.69,
      "recommendedQuantity": "1.0",
      "measurementUnitPrice": 5.83,
      "measurementUnit": "L",
      "isRedPrice": false,
      "pricePerUOM": 5.83,
      "activationDate": "16-02-2024",
      "recordSource": "Online",
      "isPromoActive": "N",
      "priceChangeCode": "L"
    },
    "isAvailable": true,
    "isPriceAvailable": true,
    "inPromo": false,
    "gtin": [
      "05425026610012",
      "05400141604306"
    ],
    "topCategoryName": "Dranken",
    "topCategoryId": "354",
    "businessDomain": "RETAIL_BE",
    "IsPrivateLabel": false,
    "IsBiffe": false,
    "WeightconversionFactor": "0",
    "IsWeightArticle": false,
    "IsBio": false,
    "CountryOfOrigin": "BELGIË",
    "IsExclusivelySoldInLuxembourg": false,
    "OrderUnit": "P",
    "ShortName": "COBO TRIPEL 10% 4X33CL",
    "IsNew": false,
    "EcoscoreLabel": "D",
    "RecentQuanityOfStockUnits": "1",
    "LongName": "LA CORNE DU BOIS Tripel 10% 4x33cl",
    "AlcoholVolume": "10",
    "FicCode": "E",
    "DepositValue": [
      0.4
    ],
    "EcoscoreValue": "37"
  },
  {
    "productId": "312435",
    "technicalArticleNumber": "3743112",
    "commercialArticleNumber": "19118",
    "name": "blond 6,5 % vol",
    "description": "*Abdijbier\n*6,5 % vol",
    "brand": "PATER LIEVEN",
    "seoBrand": "Pater Lieven",
    "thumbNail": "https://static.colruytgroup.com/images/200x200/std.lang.all/98/17/asset-1299817.jpg",
    "fullImage": "https://static.colruytgroup.com/images/500x500/std.lang.all/98/17/asset-1299817.jpg",
    "squareImage": "https://static.colruytgroup.com/images/500x500sq/std.lang.all/98/17/asset-1299817.jpg",
    "content": "6x33cl",
    "walkRouteSequenceNumber": 3710,
    "price": {
      "basicPrice": 7.99,
      "recommendedQuantity": "1.0",
      "measurementUnitPrice": 4.04,
      "measurementUnit": "L",
      "isRedPrice": false,
      "pricePerUOM": 4.04,
      "activationDate": "01-03-2024",
      "isPromoActive": "N",
      "priceChangeCode": "L"
    },
    "isAvailable": true,
    "isPriceAvailable": true,
    "inPromo": false,
    "gtin": [
      "05412215327417",
      "05400141101881"
    ],
    "topCategoryName": "Dranken",
    "topCategoryId": "354",
    "businessDomain": "RETAIL_BE",
    "IsPrivateLabel": false,
    "IsBiffe": false,
    "WeightconversionFactor": "0",
    "IsWeightArticle": false,
    "IsBio": false,
    "CountryOfOrigin": "BELGIË",
    "IsExclusivelySoldInLuxembourg": false,
    "OrderUnit": "P",
    "ShortName": "RE PALI BLOND 6X33CL",
    "InSeason": true,
    "IsNew": false,
    "RecentQuanityOfStockUnits": "1",
    "LongName": "PATER LIEVEN blond 6,5 % vol 6x33cl",
    "AlcoholVolume": "6.5",
    "StartSeasonDate": "05/04/2022",
    "FicCode": "E",
    "DepositValue": [
      0.6
    ]
  },
  {
    "productId": "874545",
    "technicalArticleNumber": "4729517",
    "commercialArticleNumber": "32135",
    "name": "Blond 6,5%",
    "description": "*Sterk blond bier\n*6,5 % vol",
    "brand": "PETRUS",
    "seoBrand": "Petrus",
    "thumbNail": "https://static.colruytgroup.com/images/200x200/std.lang.all/57/21/asset-3285721.jpg",
    "fullImage": "https://static.colruytgroup.com/images/500x500/std.lang.all/57/21/asset-3285721.jpg",
    "squareImage": "https://static.colruytgroup.com/images/500x500sq/std.lang.all/57/21/asset-3285721.jpg",
    "content": "4x33cl",
    "walkRouteSequenceNumber": 1572,
    "price": {
      "basicPrice": 6.1,
      "recommendedQuantity": "1.0",
      "measurementUnitPrice": 4.63,
      "measurementUnit": "L",
      "isRedPrice": false,
      "pricePerUOM": 4.63,
      "activationDate": "23-03-2024",
      "isPromoActive": "N",
      "priceChangeCode": "H"
    },
    "isAvailable": true,
    "isPriceAvailable": true,
    "inPromo": false,
    "gtin": [
      "00875213000044",
      "05400141504880"
    ],
    "topCategoryName": "Dranken",
    "topCategoryId": "354",
    "businessDomain": "RETAIL_BE",
    "IsPrivateLabel": false,
    "IsBiffe": false,
    "WeightconversionFactor": "0",
    "IsWeightArticle": false,
    "IsBio": false,
    "CountryOfOrigin": "BELGIË",
    "IsExclusivelySoldInLuxembourg": false,
    "OrderUnit": "P",
    "ShortName": "PETR BLOND 6.5% 4X33CL",
    "IsNew": false,
    "RecentQuanityOfStockUnits": "1",
    "LongName": "PETRUS Blond 6,5% 4x33cl",
    "AlcoholVolume": "6.5",
    "FicCode": "E",
    "DepositValue": [
      0.4
    ]
  },
  {
    "productId": "44708",
    "technicalArticleNumber": "2508205",
    "commercialArticleNumber": "7583",
    "name": "Bianco 15,0%vol",
    "description": "*Vermouth\n*Aperitief\n*15,0 % vol",
    "brand": "MARTINI",
    "seoBrand": "Martini",
    "thumbNail": "https://static.colruytgroup.com/images/200x200/std.lang.all/56/27/asset-1145627.jpg",
    "fullImage": "https://static.colruytgroup.com/images/500x500/std.lang.all/56/27/asset-1145627.jpg",
    "squareImage": "https://static.colruytgroup.com/images/500x500sq/std.lang.all/56/27/asset-1145627.jpg",
    "content": "1L",
    "walkRouteSequenceNumber": 852,
    "price": {
      "basicPrice": 7.98,
      "recommendedQuantity": "1.0",
      "measurementUnitPrice": 7.98,
      "measurementUnit": "L",
      "isRedPrice": false,
      "pricePerUOM": 7.98,
      "activationDate": "13-03-2024",
      "recordSource": "Offline",
      "isPromoActive": "Y",
      "priceChangeCode": "L"
    },
    "isAvailable": true,
    "isPriceAvailable": true,
    "inPromo": true,
    "promotion": [
      {
        "techPromoId": "100907COLR",
        "promotionId": "100907",
        "promotionType": "3",
        "isPersonalized": "N",
        "publicationStartDate": "13-03-2024",
        "publicationEndDate": "26-03-2024"
      }
    ],
    "gtin": [
      "05010677925006",
      "05410098605943",
      "07630040401081"
    ],
    "topCategoryName": "Dranken",
    "topCategoryId": "354",
    "businessDomain": "RETAIL_BE",
    "IsPrivateLabel": false,
    "IsBiffe": false,
    "WeightconversionFactor": "0",
    "IsWeightArticle": false,
    "IsBio": false,
    "CountryOfOrigin": "ITALIË",
    "IsExclusivelySoldInLuxembourg": false,
    "OrderUnit": "P",
    "ShortName": "MARTINI BIANCO 1L",
    "IsNew": false,
    "EcoscoreLabel": "D",
    "RecentQuanityOfStockUnits": "1",
    "LongName": "MARTINI Bianco 15,0%vol 1L",
    "AlcoholVolume": "15",
    "FicCode": "E",
    "EcoscoreValue": "27"
  },
  {
    "productId": "26156",
    "technicalArticleNumber": "1958814",
    "commercialArticleNumber": "233879",
    "name": "glas in doos",
    "brand": "LEFFE",
    "seoBrand": "Leffe",
    "thumbNail": "https://static.colruytgroup.com/images/200x200/std.lang.all/20/47/asset-1282047.jpg",
    "fullImage": "https://static.colruytgroup.com/images/500x500/std.lang.all/20/47/asset-1282047.jpg",
    "squareImage": "https://static.colruytgroup.com/images/500x500sq/std.lang.all/20/47/asset-1282047.jpg",
    "content": "33cl",
    "walkRouteSequenceNumber": 9620,
    "price": {
      "basicPrice": 5.29,
      "recommendedQuantity": "1.0",
      "measurementUnitPrice": 5.29,
      "measurementUnit": "S",
      "isRedPrice": false,
      "pricePerUOM": 5.29,
      "activationDate": "19-03-2024",
      "recordSource": "Online",
      "isPromoActive": "N",
      "priceChangeCode": "E"
    },
    "isAvailable": true,
    "isPriceAvailable": true,
    "inPromo": false,
    "gtin": [
      "05400141533873",
      "05410767002578",
      "05410228229742",
      "05410228183235",
      "04110767009102",
      "05410767009102"
    ],
    "topCategoryName": "Dranken",
    "topCategoryId": "354",
    "businessDomain": "NON_FOOD",
    "IsPrivateLabel": false,
    "IsBiffe": false,
    "IsWeightArticle": false,
    "RecentQuanityOfStockUnits": "1",
    "LongName": "LEFFE glas in doos 33cl",
    "IsBio": false,
    "CountryOfOrigin": "BELGIË",
    "FicCode": "N",
    "OrderUnit": "P",
    "ShortName": "GLAS LEFFE IN DOOS",
    "IsNew": false
  },
  {
    "productId": "707721",
    "technicalArticleNumber": "4445352",
    "commercialArticleNumber": "18828",
    "name": "de Cuba 3y 40%",
    "description": "*Amber rum\n*Traditionele rum\n*Cuba\n*3 jaar gerijpt",
    "brand": "SANTISIMA TRINIDAD",
    "seoBrand": "Santisima Trinidad",
    "thumbNail": "https://static.colruytgroup.com/images/200x200/std.lang.all/68/10/asset-2956810.jpg",
    "fullImage": "https://static.colruytgroup.com/images/500x500/std.lang.all/68/10/asset-2956810.jpg",
    "squareImage": "https://static.colruytgroup.com/images/500x500sq/std.lang.all/68/10/asset-2956810.jpg",
    "content": "70cl",
    "walkRouteSequenceNumber": 810,
    "price": {
      "basicPrice": 21.83,
      "recommendedQuantity": "1.0",
      "measurementUnitPrice": 31.19,
      "measurementUnit": "L",
      "isRedPrice": false,
      "pricePerUOM": 31.19,
      "activationDate": "17-01-2024",
      "isPromoActive": "N",
      "priceChangeCode": "H"
    },
    "isAvailable": true,
    "isPriceAvailable": true,
    "inPromo": false,
    "gtin": [
      "08500004250446",
      "18500004250443"
    ],
    "topCategoryName": "Dranken",
    "topCategoryId": "354",
    "businessDomain": "RETAIL_BE",
    "IsPrivateLabel": false,
    "IsBiffe": false,
    "WeightconversionFactor": "0",
    "IsWeightArticle": false,
    "IsBio": false,
    "CountryOfOrigin": "CUBA",
    "IsExclusivelySoldInLuxembourg": false,
    "OrderUnit": "P",
    "ShortName": "SATR DE CUBA 3Y 70CL",
    "IsNew": false,
    "EcoscoreLabel": "B",
    "RecentQuanityOfStockUnits": "1",
    "LongName": "SANTISIMA TRINIDAD de Cuba 3y 40% 70cl",
    "AlcoholVolume": "40",
    "FicCode": "E",
    "EcoscoreValue": "61"
  },
  {
    "productId": "698579",
    "technicalArticleNumber": "4429748",
    "commercialArticleNumber": "5222",
    "name": "glas",
    "description": "*Bruisende limonade\n*Smaak: citroen",
    "brand": "SPRITE",
    "seoBrand": "Sprite",
    "thumbNail": "https://static.colruytgroup.com/images/200x200/std.lang.all/52/21/asset-2675221.jpg",
    "fullImage": "https://static.colruytgroup.com/images/500x500/std.lang.all/52/21/asset-2675221.jpg",
    "squareImage": "https://static.colruytgroup.com/images/500x500sq/std.lang.all/52/21/asset-2675221.jpg",
    "content": "24x20cl",
    "walkRouteSequenceNumber": 4319,
    "price": {
      "basicPrice": 18.25,
      "recommendedQuantity": "1.0",
      "measurementUnitPrice": 3.81,
      "measurementUnit": "L",
      "isRedPrice": false,
      "pricePerUOM": 3.81,
      "activationDate": "09-01-2024",
      "isPromoActive": "N",
      "priceChangeCode": "H"
    },
    "isAvailable": true,
    "isPriceAvailable": true,
    "inPromo": false,
    "gtin": [
      "00000054000797",
      "05449000003003",
      "00000090495502"
    ],
    "topCategoryName": "Dranken",
    "topCategoryId": "354",
    "businessDomain": "RETAIL_BE",
    "IsPrivateLabel": false,
    "IsBiffe": false,
    "WeightconversionFactor": "0",
    "IsWeightArticle": false,
    "nutriscoreLabel": "E",
    "IsBio": false,
    "CountryOfOrigin": "BELGIË",
    "IsExclusivelySoldInLuxembourg": false,
    "OrderUnit": "P",
    "ShortName": "SPRI GLAS 24X20CL",
    "IsNew": false,
    "RecentQuanityOfStockUnits": "1",
    "LongName": "SPRITE glas 24x20cl",
    "FicCode": "E",
    "DepositValue": [
      5
    ]
  },
  {
    "productId": "707704",
    "technicalArticleNumber": "4445335",
    "commercialArticleNumber": "18524",
    "name": "de Cuba15Y 40,7%",
    "description": "*Donkere rum\n*Traditionele rum\n*Cuba\n*15 jaar gerijpt",
    "brand": "SANTISIMA TRINIDAD",
    "seoBrand": "Santisima Trinidad",
    "thumbNail": "https://static.colruytgroup.com/images/200x200/std.lang.all/67/29/asset-2956729.jpg",
    "fullImage": "https://static.colruytgroup.com/images/500x500/std.lang.all/67/29/asset-2956729.jpg",
    "squareImage": "https://static.colruytgroup.com/images/500x500sq/std.lang.all/67/29/asset-2956729.jpg",
    "content": "70cl",
    "walkRouteSequenceNumber": 823,
    "price": {
      "basicPrice": 39.83,
      "recommendedQuantity": "1.0",
      "measurementUnitPrice": 56.9,
      "measurementUnit": "L",
      "isRedPrice": false,
      "pricePerUOM": 56.9,
      "activationDate": "15-02-2024",
      "isPromoActive": "N",
      "priceChangeCode": "L"
    },
    "isAvailable": true,
    "isPriceAvailable": true,
    "inPromo": false,
    "gtin": [
      "08500004250460",
      "18500004250467",
      "08411640010809"
    ],
    "topCategoryName": "Dranken",
    "topCategoryId": "354",
    "businessDomain": "RETAIL_BE",
    "IsPrivateLabel": false,
    "IsBiffe": false,
    "WeightconversionFactor": "0",
    "IsWeightArticle": false,
    "IsBio": false,
    "CountryOfOrigin": "CUBA",
    "IsExclusivelySoldInLuxembourg": false,
    "OrderUnit": "P",
    "ShortName": "SATR DE CUBA 15Y 70CL",
    "IsNew": false,
    "EcoscoreLabel": "B",
    "RecentQuanityOfStockUnits": "1",
    "LongName": "SANTISIMA TRINIDAD de Cuba15Y 40,7% 70cl",
    "AlcoholVolume": "40.7",
    "FicCode": "E",
    "EcoscoreValue": "61"
  },
  {
    "productId": "860908",
    "technicalArticleNumber": "4711849",
    "commercialArticleNumber": "16335",
    "name": "5Y Red Port Cask Finish",
    "description": "*Single malt whisky\n*België\n*Rijk en zacht,\nlicht rokerig\n*5 jaar gerijpt",
    "brand": "LAMBERTUS",
    "seoBrand": "Lambertus",
    "thumbNail": "https://static.colruytgroup.com/images/200x200/std.lang.all/83/29/asset-3188329.jpg",
    "fullImage": "https://static.colruytgroup.com/images/500x500/std.lang.all/83/29/asset-3188329.jpg",
    "squareImage": "https://static.colruytgroup.com/images/500x500sq/std.lang.all/83/29/asset-3188329.jpg",
    "content": "70cl",
    "walkRouteSequenceNumber": 962,
    "price": {
      "basicPrice": 45.59,
      "recommendedQuantity": "1.0",
      "measurementUnitPrice": 65.13,
      "measurementUnit": "L",
      "isRedPrice": false,
      "pricePerUOM": 65.13,
      "activationDate": "23-09-2023",
      "isPromoActive": "N",
      "priceChangeCode": "H"
    },
    "isAvailable": true,
    "isPriceAvailable": true,
    "inPromo": false,
    "gtin": [
      "05411772230499",
      "05411772230505"
    ],
    "topCategoryName": "Dranken",
    "topCategoryId": "354",
    "businessDomain": "RETAIL_BE",
    "IsPrivateLabel": false,
    "IsBiffe": false,
    "WeightconversionFactor": "0",
    "IsWeightArticle": false,
    "IsBio": false,
    "CountryOfOrigin": "BELGIË",
    "IsExclusivelySoldInLuxembourg": false,
    "OrderUnit": "P",
    "ShortName": "LAMB 5YRED PORT CASK70C",
    "IsNew": false,
    "RecentQuanityOfStockUnits": "1",
    "LongName": "LAMBERTUS 5Y Red Port Cask Finish 70cl",
    "AlcoholVolume": "46",
    "FicCode": "E"
  },
  {
    "productId": "829419",
    "technicalArticleNumber": "4668370",
    "commercialArticleNumber": "19266",
    "name": "Pira 42%",
    "description": "*Floraal\n*Met neutrale tonic\n*Garn. peer\n*Frankrijk",
    "brand": "LE GIN DE CHRISTIAN DROUIN",
    "seoBrand": "Le Gin de Christian Drouin",
    "thumbNail": "https://static.colruytgroup.com/images/200x200/std.lang.all/27/74/asset-2932774.jpg",
    "fullImage": "https://static.colruytgroup.com/images/500x500/std.lang.all/27/74/asset-2932774.jpg",
    "squareImage": "https://static.colruytgroup.com/images/500x500sq/std.lang.all/27/74/asset-2932774.jpg",
    "content": "70cl",
    "walkRouteSequenceNumber": 753,
    "price": {
      "basicPrice": 36.09,
      "recommendedQuantity": "1.0",
      "measurementUnitPrice": 51.56,
      "measurementUnit": "L",
      "isRedPrice": false,
      "pricePerUOM": 51.56,
      "activationDate": "13-12-2023",
      "isPromoActive": "N",
      "priceChangeCode": "H"
    },
    "isAvailable": true,
    "isPriceAvailable": true,
    "inPromo": false,
    "gtin": [
      "03297362470009",
      "03297362470092"
    ],
    "topCategoryName": "Dranken",
    "topCategoryId": "354",
    "businessDomain": "RETAIL_BE",
    "IsPrivateLabel": false,
    "IsBiffe": false,
    "WeightconversionFactor": "0",
    "IsWeightArticle": false,
    "IsBio": false,
    "CountryOfOrigin": "FRANKRIJK",
    "IsExclusivelySoldInLuxembourg": false,
    "OrderUnit": "P",
    "ShortName": "DROU GIN PIRA 42% 70CL",
    "IsNew": false,
    "EcoscoreLabel": "D",
    "RecentQuanityOfStockUnits": "1",
    "LongName": "LE GIN DE CHRISTIAN DROUIN Pira 42% 70cl",
    "AlcoholVolume": "42",
    "FicCode": "E",
    "EcoscoreValue": "38"
  },
  {
    "productId": "859241",
    "technicalArticleNumber": "4709643",
    "commercialArticleNumber": "31811",
    "name": "Rum Daiquiri 14,9%",
    "description": "*Ready to serve\n*Aperitief\n*14,9 % vol",
    "brand": "TAILS COCKTAILS",
    "seoBrand": "TAILS COCKTAILS",
    "thumbNail": "https://static.colruytgroup.com/images/200x200/std.lang.all/03/55/asset-3160355.jpg",
    "fullImage": "https://static.colruytgroup.com/images/500x500/std.lang.all/03/55/asset-3160355.jpg",
    "squareImage": "https://static.colruytgroup.com/images/500x500sq/std.lang.all/03/55/asset-3160355.jpg",
    "content": "50cl",
    "walkRouteSequenceNumber": 778,
    "price": {
      "basicPrice": 15.95,
      "recommendedQuantity": "1.0",
      "measurementUnitPrice": 31.9,
      "measurementUnit": "L",
      "isRedPrice": false,
      "pricePerUOM": 31.9,
      "activationDate": "23-03-2024",
      "recordSource": "Online",
      "isPromoActive": "N",
      "priceChangeCode": "H"
    },
    "isAvailable": true,
    "isPriceAvailable": true,
    "inPromo": true,
    "promotion": [
      {
        "techPromoId": "001003COLR",
        "promotionId": "001003",
        "promotionType": "3",
        "isPersonalized": "N",
        "publicationStartDate": "18-03-2024",
        "publicationEndDate": "19-04-2024"
      }
    ],
    "gtin": [
      "07610113017609",
      "07610113017593"
    ],
    "topCategoryName": "Dranken",
    "topCategoryId": "354",
    "businessDomain": "RETAIL_BE",
    "IsPrivateLabel": false,
    "IsBiffe": false,
    "WeightconversionFactor": "0",
    "IsWeightArticle": false,
    "IsBio": false,
    "CountryOfOrigin": "VERENIGD KONINKRIJK",
    "IsExclusivelySoldInLuxembourg": false,
    "OrderUnit": "P",
    "ShortName": "TACO RUM DAIQUIRI 50CL",
    "IsNew": false,
    "EcoscoreLabel": "D",
    "RecentQuanityOfStockUnits": "1",
    "LongName": "TAILS COCKTAILS Rum Daiquiri 14,9% 50cl",
    "AlcoholVolume": "14.9",
    "FicCode": "E",
    "EcoscoreValue": "31"
  },
  {
    "productId": "848932",
    "technicalArticleNumber": "4696279",
    "commercialArticleNumber": "30738",
    "name": "Dark Cane Spirit Non-Alc.",
    "description": "*Alcoholvrij\n*Aperitief",
    "brand": "LYRE'S",
    "seoBrand": "Lyre's",
    "thumbNail": "https://static.colruytgroup.com/images/200x200/std.lang.all/06/65/asset-3030665.jpg",
    "fullImage": "https://static.colruytgroup.com/images/500x500/std.lang.all/06/65/asset-3030665.jpg",
    "squareImage": "https://static.colruytgroup.com/images/500x500sq/std.lang.all/06/65/asset-3030665.jpg",
    "content": "70cl",
    "walkRouteSequenceNumber": 628,
    "price": {
      "basicPrice": 23.5,
      "recommendedQuantity": "1.0",
      "quantityPrice": 22.56,
      "quantityPriceQuantity": "3.0",
      "measurementUnitPrice": 33.58,
      "measurementUnitQuantityPrice": 32.23,
      "measurementUnit": "L",
      "isRedPrice": false,
      "pricePerUOM": 33.58,
      "activationDate": "08-03-2024",
      "recordSource": "Online",
      "isPromoActive": "N",
      "priceChangeCode": "E",
      "quantityPricePerUOM": 32.23,
      "quantityActivationDate": "08-03-2024",
      "quantityPriceChangeCode": "E"
    },
    "isAvailable": true,
    "isPriceAvailable": true,
    "inPromo": true,
    "promotion": [
      {
        "techPromoId": "001120COLR",
        "promotionId": "001120",
        "promotionType": "3",
        "isPersonalized": "N",
        "publicationStartDate": "11-01-2024",
        "publicationEndDate": "10-05-2024"
      },
      {
        "techPromoId": "001003COLR",
        "promotionId": "001003",
        "promotionType": "3",
        "isPersonalized": "N",
        "publicationStartDate": "18-03-2024",
        "publicationEndDate": "19-04-2024"
      }
    ],
    "gtin": [
      "09354596000113",
      "19354596000110"
    ],
    "topCategoryName": "Dranken",
    "topCategoryId": "354",
    "businessDomain": "RETAIL_BE",
    "IsPrivateLabel": false,
    "IsBiffe": false,
    "WeightconversionFactor": "0",
    "IsWeightArticle": false,
    "nutriscoreLabel": "C",
    "IsBio": false,
    "CountryOfOrigin": "VERENIGD KONINKRIJK",
    "IsExclusivelySoldInLuxembourg": false,
    "OrderUnit": "P",
    "ShortName": "LYRE DARK CANE N-ALC70C",
    "IsNew": false,
    "RecentQuanityOfStockUnits": "1",
    "LongName": "LYRE'S Dark Cane Spirit Non-Alc. 70cl",
    "AlcoholVolume": "0",
    "FicCode": "E"
  },
  {
    "productId": "814653",
    "technicalArticleNumber": "4642970",
    "commercialArticleNumber": "20178",
    "name": "Lazy Red Cheeks 18%",
    "description": "*Ready to serve\n*Aperitief\n*18 % vol",
    "brand": "LADY JANE",
    "seoBrand": "Lady Jane",
    "thumbNail": "https://static.colruytgroup.com/images/200x200/std.lang.all/34/41/asset-2883441.jpg",
    "fullImage": "https://static.colruytgroup.com/images/500x500/std.lang.all/34/41/asset-2883441.jpg",
    "squareImage": "https://static.colruytgroup.com/images/500x500sq/std.lang.all/34/41/asset-2883441.jpg",
    "content": "50cl",
    "walkRouteSequenceNumber": 772,
    "price": {
      "basicPrice": 17.49,
      "recommendedQuantity": "1.0",
      "measurementUnitPrice": 34.98,
      "measurementUnit": "L",
      "isRedPrice": false,
      "pricePerUOM": 34.98,
      "activationDate": "17-02-2024",
      "recordSource": "Online",
      "isPromoActive": "N",
      "priceChangeCode": "H"
    },
    "isAvailable": true,
    "isPriceAvailable": true,
    "inPromo": false,
    "gtin": [
      "15407006400391",
      "05407006400394"
    ],
    "topCategoryName": "Dranken",
    "topCategoryId": "354",
    "businessDomain": "RETAIL_BE",
    "IsPrivateLabel": false,
    "IsBiffe": false,
    "WeightconversionFactor": "0",
    "IsWeightArticle": false,
    "IsBio": false,
    "CountryOfOrigin": "BELGIË",
    "IsExclusivelySoldInLuxembourg": false,
    "OrderUnit": "P",
    "ShortName": "LAJA LAZY RED CHEECK50C",
    "IsNew": false,
    "EcoscoreLabel": "D",
    "RecentQuanityOfStockUnits": "1",
    "LongName": "LADY JANE Lazy Red Cheeks 18% 50cl",
    "AlcoholVolume": "18",
    "FicCode": "E",
    "EcoscoreValue": "31"
  },
  {
    "productId": "355213",
    "technicalArticleNumber": "3856912",
    "commercialArticleNumber": "40918",
    "name": "Rum 43%",
    "description": "*Amber rum\n*Mix van bruine rums\n*Caraïben",
    "brand": "MAMAN BRIGITTE",
    "seoBrand": "Maman Brigitte",
    "thumbNail": "https://static.colruytgroup.com/images/200x200/std.lang.all/66/43/asset-3276643.jpg",
    "fullImage": "https://static.colruytgroup.com/images/500x500/std.lang.all/66/43/asset-3276643.jpg",
    "squareImage": "https://static.colruytgroup.com/images/500x500sq/std.lang.all/66/43/asset-3276643.jpg",
    "content": "70cl",
    "walkRouteSequenceNumber": 827,
    "price": {
      "basicPrice": 37.6,
      "recommendedQuantity": "1.0",
      "measurementUnitPrice": 53.72,
      "measurementUnit": "L",
      "isRedPrice": false,
      "pricePerUOM": 53.72,
      "activationDate": "13-12-2023",
      "isPromoActive": "N",
      "priceChangeCode": "H"
    },
    "isAvailable": true,
    "isPriceAvailable": true,
    "inPromo": false,
    "gtin": [
      "05425038632019",
      "05425038639025"
    ],
    "topCategoryName": "Dranken",
    "topCategoryId": "354",
    "businessDomain": "RETAIL_BE",
    "IsPrivateLabel": false,
    "IsBiffe": false,
    "WeightconversionFactor": "0",
    "IsWeightArticle": false,
    "IsBio": false,
    "CountryOfOrigin": "BARBADOS",
    "IsExclusivelySoldInLuxembourg": false,
    "OrderUnit": "P",
    "ShortName": "MAMA BRIG RUM 43% 70CL",
    "IsNew": false,
    "EcoscoreLabel": "C",
    "RecentQuanityOfStockUnits": "1",
    "LongName": "MAMAN BRIGITTE Rum 43% 70cl",
    "AlcoholVolume": "43",
    "FicCode": "E",
    "EcoscoreValue": "54"
  },
  {
    "productId": "863508",
    "technicalArticleNumber": "4714920",
    "commercialArticleNumber": "31924",
    "name": "Pornstar Martini 18%",
    "description": "*Ready to serve\n*Aperitief\n*18 % vol",
    "brand": "LADY JANE",
    "seoBrand": "Lady Jane",
    "thumbNail": "https://static.colruytgroup.com/images/200x200/std.lang.all/74/09/asset-3197409.jpg",
    "fullImage": "https://static.colruytgroup.com/images/500x500/std.lang.all/74/09/asset-3197409.jpg",
    "squareImage": "https://static.colruytgroup.com/images/500x500sq/std.lang.all/74/09/asset-3197409.jpg",
    "content": "50cl",
    "walkRouteSequenceNumber": 773,
    "price": {
      "basicPrice": 17.49,
      "recommendedQuantity": "1.0",
      "measurementUnitPrice": 34.98,
      "measurementUnit": "L",
      "isRedPrice": false,
      "pricePerUOM": 34.98,
      "activationDate": "24-02-2024",
      "isPromoActive": "N",
      "priceChangeCode": "L"
    },
    "isAvailable": true,
    "isPriceAvailable": true,
    "inPromo": false,
    "gtin": [
      "05407006400493",
      "15407006400490"
    ],
    "topCategoryName": "Dranken",
    "topCategoryId": "354",
    "businessDomain": "RETAIL_BE",
    "IsPrivateLabel": false,
    "IsBiffe": false,
    "WeightconversionFactor": "0",
    "IsWeightArticle": false,
    "IsBio": false,
    "CountryOfOrigin": "BELGIË",
    "IsExclusivelySoldInLuxembourg": false,
    "OrderUnit": "P",
    "ShortName": "LAJA PORNST.MARTINI50CL",
    "IsNew": false,
    "EcoscoreLabel": "D",
    "RecentQuanityOfStockUnits": "1",
    "LongName": "LADY JANE Pornstar Martini 18% 50cl",
    "AlcoholVolume": "18",
    "FicCode": "E",
    "EcoscoreValue": "31"
  },
  {
    "productId": "885786",
    "technicalArticleNumber": "4744598",
    "commercialArticleNumber": "32615",
    "name": "Orange Lemon",
    "brand": "ACTIVE O2",
    "seoBrand": "Active O2",
    "thumbNail": "https://static.colruytgroup.com/images/200x200/std.lang.all/65/86/asset-3256586.jpg",
    "fullImage": "https://static.colruytgroup.com/images/500x500/std.lang.all/65/86/asset-3256586.jpg",
    "squareImage": "https://static.colruytgroup.com/images/500x500sq/std.lang.all/65/86/asset-3256586.jpg",
    "content": "50cl",
    "walkRouteSequenceNumber": 4701,
    "price": {
      "basicPrice": 1.29,
      "recommendedQuantity": "1.0",
      "quantityPrice": 1.24,
      "quantityPriceQuantity": "18.0",
      "measurementUnitPrice": 2.58,
      "measurementUnitQuantityPrice": 2.48,
      "measurementUnit": "L",
      "isRedPrice": false,
      "pricePerUOM": 2.58,
      "activationDate": "13-02-2024",
      "isPromoActive": "N",
      "priceChangeCode": "E",
      "quantityPricePerUOM": 2.48,
      "quantityActivationDate": "13-02-2024",
      "quantityPriceChangeCode": "E"
    },
    "isAvailable": true,
    "isPriceAvailable": true,
    "inPromo": false,
    "topCategoryName": "Dranken",
    "topCategoryId": "354",
    "businessDomain": "RETAIL_BE",
    "IsPrivateLabel": false,
    "IsBiffe": false,
    "WeightconversionFactor": "0",
    "IsWeightArticle": false,
    "nutriscoreLabel": "D",
    "IsBio": false,
    "CountryOfOrigin": "DUITSLAND",
    "IsExclusivelySoldInLuxembourg": false,
    "OrderUnit": "P",
    "ShortName": "ACO2 ORANGE LEMON 50CL",
    "IsNew": false,
    "RecentQuanityOfStockUnits": "1,6",
    "LongName": "ACTIVE O2 Orange Lemon 50cl",
    "AlcoholVolume": "0",
    "FicCode": "E"
  },
  {
    "productId": "885600",
    "technicalArticleNumber": "4744607",
    "commercialArticleNumber": "32619",
    "name": "Lemon",
    "brand": "ACTIVE O2",
    "seoBrand": "Active O2",
    "thumbNail": "https://static.colruytgroup.com/images/200x200/std.lang.all/64/27/asset-3256427.jpg",
    "fullImage": "https://static.colruytgroup.com/images/500x500/std.lang.all/64/27/asset-3256427.jpg",
    "squareImage": "https://static.colruytgroup.com/images/500x500sq/std.lang.all/64/27/asset-3256427.jpg",
    "content": "50cl",
    "walkRouteSequenceNumber": 4699,
    "price": {
      "basicPrice": 1.59,
      "recommendedQuantity": "1.0",
      "quantityPrice": 1.46,
      "quantityPriceQuantity": "18.0",
      "measurementUnitPrice": 3.18,
      "measurementUnitQuantityPrice": 2.92,
      "measurementUnit": "L",
      "isRedPrice": false,
      "pricePerUOM": 3.18,
      "activationDate": "12-03-2024",
      "isPromoActive": "N",
      "priceChangeCode": "H",
      "quantityPricePerUOM": 2.92,
      "quantityActivationDate": "12-03-2024",
      "quantityPriceChangeCode": "H"
    },
    "isAvailable": true,
    "isPriceAvailable": true,
    "inPromo": false,
    "topCategoryName": "Dranken",
    "topCategoryId": "354",
    "businessDomain": "RETAIL_BE",
    "IsPrivateLabel": false,
    "IsBiffe": false,
    "WeightconversionFactor": "0",
    "IsWeightArticle": false,
    "nutriscoreLabel": "D",
    "IsBio": false,
    "CountryOfOrigin": "DUITSLAND",
    "IsExclusivelySoldInLuxembourg": false,
    "OrderUnit": "P",
    "ShortName": "ACO2 LEMON 50CL",
    "IsNew": false,
    "RecentQuanityOfStockUnits": "1,6",
    "LongName": "ACTIVE O2 Lemon 50cl",
    "AlcoholVolume": "0",
    "FicCode": "E"
  },
  {
    "productId": "859235",
    "technicalArticleNumber": "4709637",
    "commercialArticleNumber": "31810",
    "name": "Whisky Sour 14,9%",
    "description": "*Ready to serve\n*Aperitief\n*14,9 % vol",
    "brand": "TAILS COCKTAILS",
    "seoBrand": "TAILS COCKTAILS",
    "thumbNail": "https://static.colruytgroup.com/images/200x200/std.lang.all/93/35/asset-3169335.jpg",
    "fullImage": "https://static.colruytgroup.com/images/500x500/std.lang.all/93/35/asset-3169335.jpg",
    "squareImage": "https://static.colruytgroup.com/images/500x500sq/std.lang.all/93/35/asset-3169335.jpg",
    "content": "50cl",
    "walkRouteSequenceNumber": 777,
    "price": {
      "basicPrice": 15.95,
      "recommendedQuantity": "1.0",
      "measurementUnitPrice": 31.9,
      "measurementUnit": "L",
      "isRedPrice": false,
      "pricePerUOM": 31.9,
      "activationDate": "23-03-2024",
      "recordSource": "Online",
      "isPromoActive": "N",
      "priceChangeCode": "H"
    },
    "isAvailable": true,
    "isPriceAvailable": true,
    "inPromo": true,
    "promotion": [
      {
        "techPromoId": "001003COLR",
        "promotionId": "001003",
        "promotionType": "3",
        "isPersonalized": "N",
        "publicationStartDate": "18-03-2024",
        "publicationEndDate": "19-04-2024"
      }
    ],
    "gtin": [
      "07610113017555",
      "07610113017562"
    ],
    "topCategoryName": "Dranken",
    "topCategoryId": "354",
    "businessDomain": "RETAIL_BE",
    "IsPrivateLabel": false,
    "IsBiffe": false,
    "WeightconversionFactor": "0",
    "IsWeightArticle": false,
    "IsBio": false,
    "CountryOfOrigin": "VERENIGD KONINKRIJK",
    "IsExclusivelySoldInLuxembourg": false,
    "OrderUnit": "P",
    "ShortName": "TACO WHISKY SOUR 50CL",
    "IsNew": false,
    "EcoscoreLabel": "D",
    "RecentQuanityOfStockUnits": "1",
    "LongName": "TAILS COCKTAILS Whisky Sour 14,9% 50cl",
    "AlcoholVolume": "14.9",
    "FicCode": "E",
    "EcoscoreValue": "31"
  },
  {
    "productId": "859246",
    "technicalArticleNumber": "4709650",
    "commercialArticleNumber": "31813",
    "name": "Gin Gimlet 14,9%",
    "description": "*Ready to serve\n*Aperitief\n*14,9 % vol",
    "brand": "TAILS COCKTAILS",
    "seoBrand": "TAILS COCKTAILS",
    "thumbNail": "https://static.colruytgroup.com/images/200x200/std.lang.all/95/08/asset-3169508.jpg",
    "fullImage": "https://static.colruytgroup.com/images/500x500/std.lang.all/95/08/asset-3169508.jpg",
    "squareImage": "https://static.colruytgroup.com/images/500x500sq/std.lang.all/95/08/asset-3169508.jpg",
    "content": "50cl",
    "walkRouteSequenceNumber": 776,
    "price": {
      "basicPrice": 15.49,
      "recommendedQuantity": "1.0",
      "measurementUnitPrice": 30.98,
      "measurementUnit": "L",
      "isRedPrice": false,
      "pricePerUOM": 30.98,
      "activationDate": "19-03-2024",
      "recordSource": "Offline",
      "isPromoActive": "N",
      "priceChangeCode": "E"
    },
    "isAvailable": true,
    "isPriceAvailable": true,
    "inPromo": true,
    "promotion": [
      {
        "techPromoId": "001003COLR",
        "promotionId": "001003",
        "promotionType": "3",
        "isPersonalized": "N",
        "publicationStartDate": "18-03-2024",
        "publicationEndDate": "19-04-2024"
      }
    ],
    "gtin": [
      "07610113017579",
      "07610113017586"
    ],
    "topCategoryName": "Dranken",
    "topCategoryId": "354",
    "businessDomain": "RETAIL_BE",
    "IsPrivateLabel": false,
    "IsBiffe": false,
    "WeightconversionFactor": "0",
    "IsWeightArticle": false,
    "IsBio": false,
    "CountryOfOrigin": "VERENIGD KONINKRIJK",
    "IsExclusivelySoldInLuxembourg": false,
    "OrderUnit": "P",
    "ShortName": "TACO GIN GIMLET 50CL",
    "IsNew": false,
    "EcoscoreLabel": "D",
    "RecentQuanityOfStockUnits": "1",
    "LongName": "TAILS COCKTAILS Gin Gimlet 14,9% 50cl",
    "AlcoholVolume": "14.9",
    "FicCode": "E",
    "EcoscoreValue": "31"
  },
  {
    "productId": "26154",
    "technicalArticleNumber": "1958810",
    "commercialArticleNumber": "233877",
    "name": "Glas in doos 33cl",
    "description": "x",
    "brand": "DUVEL",
    "seoBrand": "Duvel",
    "thumbNail": "https://static.colruytgroup.com/images/200x200/std.lang.all/76/13/asset-2797613.jpg",
    "fullImage": "https://static.colruytgroup.com/images/500x500/std.lang.all/76/13/asset-2797613.jpg",
    "squareImage": "https://static.colruytgroup.com/images/500x500sq/std.lang.all/76/13/asset-2797613.jpg",
    "walkRouteSequenceNumber": 9621,
    "price": {
      "basicPrice": 5.99,
      "recommendedQuantity": "1.0",
      "measurementUnitPrice": 5.99,
      "measurementUnit": "S",
      "isRedPrice": false,
      "pricePerUOM": 5.99,
      "activationDate": "19-03-2024",
      "isPromoActive": "N",
      "priceChangeCode": "E"
    },
    "isAvailable": true,
    "isPriceAvailable": true,
    "inPromo": false,
    "gtin": [
      "05410767002585",
      "05400141333879",
      "05411681014081"
    ],
    "topCategoryName": "Dranken",
    "topCategoryId": "354",
    "businessDomain": "NON_FOOD",
    "IsPrivateLabel": false,
    "IsBiffe": false,
    "IsWeightArticle": false,
    "RecentQuanityOfStockUnits": "1",
    "LongName": "DUVEL Glas in doos 33cl",
    "IsBio": false,
    "CountryOfOrigin": "BELGIË",
    "FicCode": "N",
    "OrderUnit": "P",
    "ShortName": "GLAS DUVEL IN DOOS",
    "IsNew": false
  },
  {
    "productId": "857994",
    "technicalArticleNumber": "4708199",
    "commercialArticleNumber": "31613",
    "name": "Blood Orange 7%",
    "description": "*Fruitig amberbier\n*7 % vol\n*Hoge gisting",
    "brand": "FAGNES",
    "seoBrand": "Fagnes",
    "thumbNail": "https://static.colruytgroup.com/images/200x200/std.lang.all/71/34/asset-3177134.jpg",
    "fullImage": "https://static.colruytgroup.com/images/500x500/std.lang.all/71/34/asset-3177134.jpg",
    "squareImage": "https://static.colruytgroup.com/images/500x500sq/std.lang.all/71/34/asset-3177134.jpg",
    "content": "6x33cl",
    "walkRouteSequenceNumber": 3757,
    "price": {
      "basicPrice": 12.33,
      "recommendedQuantity": "1.0",
      "quantityPrice": 11.84,
      "quantityPriceQuantity": "3.0",
      "measurementUnitPrice": 6.23,
      "measurementUnitQuantityPrice": 5.98,
      "measurementUnit": "L",
      "isRedPrice": false,
      "pricePerUOM": 6.23,
      "activationDate": "23-03-2024",
      "isPromoActive": "N",
      "priceChangeCode": "H",
      "quantityPricePerUOM": 5.98,
      "quantityActivationDate": "23-03-2024",
      "quantityPriceChangeCode": "H"
    },
    "isAvailable": true,
    "isPriceAvailable": true,
    "inPromo": false,
    "gtin": [
      "05400141506020",
      "05425032455416"
    ],
    "topCategoryName": "Dranken",
    "topCategoryId": "354",
    "businessDomain": "RETAIL_BE",
    "IsPrivateLabel": false,
    "IsBiffe": false,
    "WeightconversionFactor": "0",
    "IsWeightArticle": false,
    "IsBio": false,
    "CountryOfOrigin": "BELGIË",
    "IsExclusivelySoldInLuxembourg": false,
    "OrderUnit": "P",
    "ShortName": "FAGN BLOOD ORANGE6X33CL",
    "IsNew": false,
    "RecentQuanityOfStockUnits": "1",
    "LongName": "FAGNES Blood Orange 7% 6x33cl",
    "AlcoholVolume": "7",
    "FicCode": "E",
    "DepositValue": [
      0.6
    ]
  },
  {
    "productId": "942152",
    "technicalArticleNumber": "4767852",
    "commercialArticleNumber": "6883",
    "name": "Pineau de Charentes Vieux",
    "description": "*Likeurwijn\n*Pineau de charentes\n*17 % vol",
    "brand": "SANTONUM",
    "seoBrand": "Santonum",
    "thumbNail": "https://static.colruytgroup.com/images/200x200/std.lang.all/21/81/asset-3342181.jpg",
    "fullImage": "https://static.colruytgroup.com/images/500x500/std.lang.all/21/81/asset-3342181.jpg",
    "squareImage": "https://static.colruytgroup.com/images/500x500sq/std.lang.all/21/81/asset-3342181.jpg",
    "content": "75cl",
    "walkRouteSequenceNumber": 679,
    "price": {
      "basicPrice": 44.95,
      "recommendedQuantity": "1.0",
      "measurementUnitPrice": 59.94,
      "measurementUnit": "L",
      "isRedPrice": false,
      "pricePerUOM": 59.94,
      "activationDate": "13-12-2023",
      "isPromoActive": "N",
      "priceChangeCode": "H"
    },
    "isAvailable": true,
    "isPriceAvailable": true,
    "inPromo": false,
    "gtin": [
      "05425038639759",
      "05425038633139"
    ],
    "topCategoryName": "Dranken",
    "topCategoryId": "354",
    "businessDomain": "RETAIL_BE",
    "IsPrivateLabel": false,
    "IsBiffe": false,
    "WeightconversionFactor": "0",
    "IsWeightArticle": false,
    "IsBio": false,
    "CountryOfOrigin": "FRANKRIJK",
    "IsExclusivelySoldInLuxembourg": false,
    "OrderUnit": "P",
    "ShortName": "SANT PI.CHAREN.VIEUX75C",
    "IsNew": false,
    "EcoscoreLabel": "D",
    "RecentQuanityOfStockUnits": "1",
    "LongName": "SANTONUM Pineau de Charentes Vieux 75cl",
    "AlcoholVolume": "17",
    "FicCode": "E",
    "EcoscoreValue": "27"
  },
  {
    "productId": "638871",
    "technicalArticleNumber": "4330510",
    "commercialArticleNumber": "8695",
    "name": "Tawny 19% +33%gr",
    "description": "*Porto Tawny\n*Aperitief\n*19 % vol\n*Beperkte voorraad",
    "brand": "PORTO CRUZ",
    "seoBrand": "Porto Cruz",
    "thumbNail": "https://static.colruytgroup.com/images/200x200/std.lang.all/46/48/asset-2964648.jpg",
    "fullImage": "https://static.colruytgroup.com/images/500x500/std.lang.all/46/48/asset-2964648.jpg",
    "squareImage": "https://static.colruytgroup.com/images/500x500sq/std.lang.all/46/48/asset-2964648.jpg",
    "content": "1L",
    "walkRouteSequenceNumber": 711,
    "price": {
      "basicPrice": 9.95,
      "recommendedQuantity": "1.0",
      "quantityPrice": 7.99,
      "quantityPriceQuantity": "2.0",
      "measurementUnitPrice": 9.95,
      "measurementUnitQuantityPrice": 7.99,
      "measurementUnit": "L",
      "isRedPrice": false,
      "pricePerUOM": 9.95,
      "activationDate": "23-03-2024",
      "recordSource": "Offline",
      "isPromoActive": "N",
      "priceChangeCode": "E",
      "quantityPricePerUOM": 7.99,
      "quantityActivationDate": "23-03-2024",
      "quantityPriceChangeCode": "E"
    },
    "isAvailable": true,
    "isPriceAvailable": true,
    "inPromo": false,
    "gtin": [
      "03147691250400",
      "03147699114773"
    ],
    "topCategoryName": "Dranken",
    "topCategoryId": "354",
    "businessDomain": "RETAIL_BE",
    "IsPrivateLabel": false,
    "IsBiffe": false,
    "WeightconversionFactor": "0",
    "IsWeightArticle": false,
    "IsBio": false,
    "CountryOfOrigin": "PORTUGAL",
    "IsExclusivelySoldInLuxembourg": false,
    "OrderUnit": "P",
    "ShortName": "CRUZ TAWNY +33%GR 1L",
    "InSeason": true,
    "IsNew": false,
    "EcoscoreLabel": "D",
    "RecentQuanityOfStockUnits": "1",
    "LongName": "PORTO CRUZ Tawny 19% +33%gr 1L",
    "AlcoholVolume": "19",
    "StartSeasonDate": "25/01/2024",
    "FicCode": "E",
    "EcoscoreValue": "27"
  },
  {
    "productId": "613548",
    "technicalArticleNumber": "4287783",
    "commercialArticleNumber": "23236",
    "name": "Rhum agricole 43%",
    "description": "*Amber rum\n*Rum agricole\n*Guadeloupe\n*Ger.in bourbonvaten",
    "brand": "THE TIPSY TURTLE",
    "seoBrand": "The Tipsy Turtle",
    "thumbNail": "https://static.colruytgroup.com/images/200x200/std.lang.all/08/61/asset-2130861.jpg",
    "fullImage": "https://static.colruytgroup.com/images/500x500/std.lang.all/08/61/asset-2130861.jpg",
    "squareImage": "https://static.colruytgroup.com/images/500x500sq/std.lang.all/08/61/asset-2130861.jpg",
    "content": "70cl",
    "walkRouteSequenceNumber": 829,
    "price": {
      "basicPrice": 40.56,
      "recommendedQuantity": "1.0",
      "measurementUnitPrice": 57.95,
      "measurementUnit": "L",
      "isRedPrice": false,
      "pricePerUOM": 57.95,
      "activationDate": "13-12-2023",
      "isPromoActive": "N",
      "priceChangeCode": "H"
    },
    "isAvailable": true,
    "isPriceAvailable": true,
    "inPromo": false,
    "gtin": [
      "05425038639322",
      "05425038632149"
    ],
    "topCategoryName": "Dranken",
    "topCategoryId": "354",
    "businessDomain": "RETAIL_BE",
    "IsPrivateLabel": false,
    "IsBiffe": false,
    "WeightconversionFactor": "0",
    "IsWeightArticle": false,
    "IsBio": false,
    "CountryOfOrigin": "FRANKRIJK",
    "IsExclusivelySoldInLuxembourg": false,
    "OrderUnit": "P",
    "ShortName": "TIPSY TURTLE RUM43%70CL",
    "IsNew": false,
    "RecentQuanityOfStockUnits": "1",
    "LongName": "THE TIPSY TURTLE Rhum agricole 43% 70cl",
    "AlcoholVolume": "43",
    "FicCode": "E"
  },
  {
    "productId": "780908",
    "technicalArticleNumber": "4576999",
    "commercialArticleNumber": "28791",
    "name": "Reser.Tawny Provador 20%",
    "description": "*Porto Reserve\n*Aperitief\n*20 % vol",
    "brand": "COCKBURN'S",
    "seoBrand": "Cockburn's",
    "thumbNail": "https://static.colruytgroup.com/images/200x200/std.lang.all/10/92/asset-2761092.jpg",
    "fullImage": "https://static.colruytgroup.com/images/500x500/std.lang.all/10/92/asset-2761092.jpg",
    "squareImage": "https://static.colruytgroup.com/images/500x500sq/std.lang.all/10/92/asset-2761092.jpg",
    "content": "75cl",
    "walkRouteSequenceNumber": 722,
    "price": {
      "basicPrice": 9.49,
      "recommendedQuantity": "1.0",
      "measurementUnitPrice": 12.66,
      "measurementUnit": "L",
      "isRedPrice": false,
      "pricePerUOM": 12.66,
      "activationDate": "04-10-2023",
      "isPromoActive": "N",
      "priceChangeCode": "E"
    },
    "isAvailable": true,
    "isPriceAvailable": true,
    "inPromo": false,
    "gtin": [
      "05608309013209",
      "05608309013315"
    ],
    "topCategoryName": "Dranken",
    "topCategoryId": "354",
    "businessDomain": "RETAIL_BE",
    "IsPrivateLabel": false,
    "IsBiffe": false,
    "WeightconversionFactor": "0",
    "IsWeightArticle": false,
    "IsBio": false,
    "CountryOfOrigin": "PORTUGAL",
    "IsExclusivelySoldInLuxembourg": false,
    "OrderUnit": "P",
    "ShortName": "COCK RES.TAWN.PROVAD75C",
    "IsNew": false,
    "RecentQuanityOfStockUnits": "1",
    "LongName": "COCKBURN'S Reser.Tawny Provador 20% 75cl",
    "AlcoholVolume": "20",
    "FicCode": "E"
  },
  {
    "productId": "345981",
    "technicalArticleNumber": "3823849",
    "commercialArticleNumber": "40866",
    "name": "Cappuccino Choco RFA 10st",
    "description": "*Cappuccino met\nchocolade\n*Oploskoffie\n*Rainforest Alliance",
    "brand": "BONI",
    "seoBrand": "Boni Selection",
    "thumbNail": "https://static.colruytgroup.com/images/200x200/std.lang.all/91/17/asset-2539117.jpg",
    "fullImage": "https://static.colruytgroup.com/images/500x500/std.lang.all/91/17/asset-2539117.jpg",
    "squareImage": "https://static.colruytgroup.com/images/500x500sq/std.lang.all/91/17/asset-2539117.jpg",
    "content": "125g",
    "walkRouteSequenceNumber": 1191,
    "price": {
      "basicPrice": 1.64,
      "recommendedQuantity": "1.0",
      "measurementUnitPrice": 13.12,
      "measurementUnit": "K",
      "isRedPrice": false,
      "pricePerUOM": 13.12,
      "activationDate": "20-03-2024",
      "recordSource": "Folder",
      "isPromoActive": "N",
      "priceChangeCode": "L"
    },
    "isAvailable": true,
    "isPriceAvailable": true,
    "inPromo": false,
    "gtin": [
      "15400141422181",
      "15400141205685",
      "05400141422184",
      "05400141205688"
    ],
    "topCategoryName": "Dranken",
    "topCategoryId": "354",
    "businessDomain": "RETAIL_BE",
    "IsPrivateLabel": true,
    "IsBiffe": false,
    "WeightconversionFactor": "0",
    "IsWeightArticle": false,
    "nutriscoreLabel": "C",
    "IsBio": false,
    "CountryOfOrigin": "DUITSLAND",
    "IsExclusivelySoldInLuxembourg": false,
    "OrderUnit": "P",
    "ShortName": "BONI CAP.CHOC.RFA10S125",
    "IsNew": false,
    "EcoscoreLabel": "A",
    "RecentQuanityOfStockUnits": "1",
    "LongName": "BONI Cappuccino Choco RFA 10st 125g",
    "AlcoholVolume": "0",
    "FicCode": "I",
    "EcoscoreValue": "100"
  },
  {
    "productId": "823890",
    "technicalArticleNumber": "4659594",
    "commercialArticleNumber": "451039",
    "name": "afslankthee",
    "brand": "XL-S",
    "seoBrand": "XL-S",
    "thumbNail": "https://static.colruytgroup.com/images/200x200/std.lang.all/55/31/asset-1785531.jpg",
    "fullImage": "https://static.colruytgroup.com/images/500x500/std.lang.all/55/31/asset-1785531.jpg",
    "squareImage": "https://static.colruytgroup.com/images/500x500sq/std.lang.all/55/31/asset-1785531.jpg",
    "content": "40g",
    "walkRouteSequenceNumber": 13610,
    "price": {
      "basicPrice": 9.49,
      "recommendedQuantity": "1.0",
      "measurementUnitPrice": 237.25,
      "measurementUnit": "K",
      "isRedPrice": false,
      "pricePerUOM": 237.25,
      "activationDate": "20-12-2023",
      "isPromoActive": "N",
      "priceChangeCode": "H"
    },
    "isAvailable": true,
    "isPriceAvailable": true,
    "inPromo": false,
    "topCategoryName": "Dranken",
    "topCategoryId": "354",
    "businessDomain": "NON_FOOD",
    "IsPrivateLabel": false,
    "IsBiffe": false,
    "IsWeightArticle": false,
    "RecentQuanityOfStockUnits": "1,1",
    "LongName": "XL-S afslankthee 40g",
    "IsBio": false,
    "CountryOfOrigin": "BELGIË",
    "FicCode": "E",
    "OrderUnit": "P",
    "ShortName": "XLS AFSLANKTHEE 40G",
    "IsNew": false
  },
  {
    "productId": "875868",
    "technicalArticleNumber": "4730790",
    "commercialArticleNumber": "32230",
    "name": "IPA 4,9%+gratis glas",
    "description": "*Abdijbier\n*IPA blond\n*4,9 % vol\n*Met gratis glas\n*Beperkte voorraad",
    "brand": "LA CAMBRE",
    "seoBrand": "La cambre",
    "thumbNail": "https://static.colruytgroup.com/images/200x200/std.lang.all/81/08/asset-3248108.jpg",
    "fullImage": "https://static.colruytgroup.com/images/500x500/std.lang.all/81/08/asset-3248108.jpg",
    "squareImage": "https://static.colruytgroup.com/images/500x500sq/std.lang.all/81/08/asset-3248108.jpg",
    "content": "6x33cl",
    "walkRouteSequenceNumber": 1568,
    "price": {
      "basicPrice": 8.3,
      "recommendedQuantity": "1.0",
      "measurementUnitPrice": 4.2,
      "measurementUnit": "L",
      "isRedPrice": false,
      "pricePerUOM": 4.2,
      "activationDate": "27-02-2024",
      "isPromoActive": "N",
      "priceChangeCode": "E"
    },
    "isAvailable": true,
    "isPriceAvailable": true,
    "inPromo": false,
    "gtin": [
      "05400141509830"
    ],
    "topCategoryName": "Dranken",
    "topCategoryId": "354",
    "businessDomain": "RETAIL_BE",
    "IsPrivateLabel": false,
    "IsBiffe": false,
    "WeightconversionFactor": "0",
    "IsWeightArticle": false,
    "IsBio": false,
    "CountryOfOrigin": "BELGIË",
    "IsExclusivelySoldInLuxembourg": false,
    "OrderUnit": "P",
    "ShortName": "LACA IPA+GLAS 6X33CL",
    "IsNew": false,
    "RecentQuanityOfStockUnits": "1",
    "LongName": "LA CAMBRE IPA 4,9%+gratis glas 6x33cl",
    "AlcoholVolume": "4.9",
    "FicCode": "E",
    "DepositValue": [
      0.6
    ]
  },
  {
    "productId": "875874",
    "technicalArticleNumber": "4730798",
    "commercialArticleNumber": "32231",
    "name": "Blond 6,3%+gratis glas",
    "description": "*Abdijbier\n*Blond\n*6,3 % vol\n*Met gratis glas\n*Beperkte voorraad",
    "brand": "LA CAMBRE",
    "seoBrand": "La cambre",
    "thumbNail": "https://static.colruytgroup.com/images/200x200/std.lang.all/81/09/asset-3248109.jpg",
    "fullImage": "https://static.colruytgroup.com/images/500x500/std.lang.all/81/09/asset-3248109.jpg",
    "squareImage": "https://static.colruytgroup.com/images/500x500sq/std.lang.all/81/09/asset-3248109.jpg",
    "content": "6x33cl",
    "walkRouteSequenceNumber": 1576,
    "price": {
      "basicPrice": 8.3,
      "recommendedQuantity": "1.0",
      "measurementUnitPrice": 4.2,
      "measurementUnit": "L",
      "isRedPrice": false,
      "pricePerUOM": 4.2,
      "activationDate": "13-03-2024",
      "isPromoActive": "Y",
      "priceChangeCode": "E"
    },
    "isAvailable": true,
    "isPriceAvailable": true,
    "inPromo": false,
    "gtin": [
      "05400141512212"
    ],
    "topCategoryName": "Dranken",
    "topCategoryId": "354",
    "businessDomain": "RETAIL_BE",
    "IsPrivateLabel": false,
    "IsBiffe": false,
    "WeightconversionFactor": "0",
    "IsWeightArticle": false,
    "IsBio": false,
    "CountryOfOrigin": "BELGIË",
    "IsExclusivelySoldInLuxembourg": false,
    "OrderUnit": "P",
    "ShortName": "LACA BLOND+GLAS 6X33CL",
    "IsNew": false,
    "RecentQuanityOfStockUnits": "1",
    "LongName": "LA CAMBRE Blond 6,3%+gratis glas 6x33cl",
    "AlcoholVolume": "6.3",
    "FicCode": "E",
    "DepositValue": [
      0.6
    ]
  },
  {
    "productId": "820891",
    "technicalArticleNumber": "4654542",
    "commercialArticleNumber": "21792",
    "name": "Ginger Beer",
    "brand": "THOMAS HENRY",
    "seoBrand": "Thomas Henry",
    "thumbNail": "https://static.colruytgroup.com/images/200x200/std.lang.all/25/74/asset-3432574.jpg",
    "fullImage": "https://static.colruytgroup.com/images/500x500/std.lang.all/25/74/asset-3432574.jpg",
    "squareImage": "https://static.colruytgroup.com/images/500x500sq/std.lang.all/25/74/asset-3432574.jpg",
    "content": "75cl",
    "walkRouteSequenceNumber": 733,
    "price": {
      "basicPrice": 4.29,
      "recommendedQuantity": "1.0",
      "quantityPrice": 3.95,
      "quantityPriceQuantity": "6.0",
      "measurementUnitPrice": 5.72,
      "measurementUnitQuantityPrice": 5.27,
      "measurementUnit": "L",
      "isRedPrice": false,
      "pricePerUOM": 5.72,
      "activationDate": "14-03-2024",
      "isPromoActive": "N",
      "priceChangeCode": "H",
      "quantityPricePerUOM": 5.27,
      "quantityActivationDate": "14-03-2024",
      "quantityPriceChangeCode": "E"
    },
    "isAvailable": true,
    "isPriceAvailable": true,
    "inPromo": false,
    "gtin": [
      "04260310557663",
      "04260310557700"
    ],
    "topCategoryName": "Dranken",
    "topCategoryId": "354",
    "businessDomain": "RETAIL_BE",
    "IsPrivateLabel": false,
    "IsBiffe": false,
    "WeightconversionFactor": "0",
    "IsWeightArticle": false,
    "nutriscoreLabel": "E",
    "IsBio": false,
    "CountryOfOrigin": "DUITSLAND",
    "IsExclusivelySoldInLuxembourg": false,
    "OrderUnit": "P",
    "ShortName": "THHE GINGER BEER 75CL",
    "InSeason": true,
    "IsNew": false,
    "RecentQuanityOfStockUnits": "1",
    "LongName": "THOMAS HENRY Ginger Beer 75cl",
    "StartSeasonDate": "05/02/2024",
    "FicCode": "E"
  },
  {
    "productId": "865437",
    "technicalArticleNumber": "4717565",
    "commercialArticleNumber": "3321",
    "name": "G.Cru+fruit2x33cl gr",
    "description": "*Tripel blond\n*9,5 % vol\n*2 Gratis flesjes\nSt Feuillien fruit\n*Beperkte voorraad",
    "brand": "ST FEUILLIEN",
    "seoBrand": "St Feuillien",
    "thumbNail": "https://static.colruytgroup.com/images/200x200/std.lang.all/52/23/asset-3215223.jpg",
    "fullImage": "https://static.colruytgroup.com/images/500x500/std.lang.all/52/23/asset-3215223.jpg",
    "squareImage": "https://static.colruytgroup.com/images/500x500sq/std.lang.all/52/23/asset-3215223.jpg",
    "content": "6x33cl",
    "walkRouteSequenceNumber": 3708,
    "price": {
      "basicPrice": 9.54,
      "recommendedQuantity": "1.0",
      "measurementUnitPrice": 4.82,
      "measurementUnit": "L",
      "isRedPrice": false,
      "pricePerUOM": 4.82,
      "activationDate": "16-03-2024",
      "recordSource": "Offline",
      "isPromoActive": "N",
      "priceChangeCode": "L"
    },
    "isAvailable": true,
    "isPriceAvailable": true,
    "inPromo": false,
    "gtin": [
      "05400141710465"
    ],
    "topCategoryName": "Dranken",
    "topCategoryId": "354",
    "businessDomain": "RETAIL_BE",
    "IsPrivateLabel": false,
    "IsBiffe": false,
    "WeightconversionFactor": "0",
    "IsWeightArticle": false,
    "IsBio": false,
    "CountryOfOrigin": "BELGIË",
    "IsExclusivelySoldInLuxembourg": false,
    "OrderUnit": "P",
    "ShortName": "STFE GR.CR+2FRUIGR6X33C",
    "IsNew": false,
    "RecentQuanityOfStockUnits": "1",
    "LongName": "ST FEUILLIEN G.Cru+fruit2x33cl gr 6x33cl",
    "AlcoholVolume": "9.5",
    "FicCode": "E",
    "DepositValue": [
      0.8
    ]
  }
]