[
  {
    "productId": "435965",
    "technicalArticleNumber": "3988731",
    "commercialArticleNumber": "4111",
    "name": "kattenbakvulling",
    "brand": "EVERYDAY",
    "seoBrand": "Everyday",
    "thumbNail": "https://static.colruytgroup.com/images/200x200/std.lang.all/23/53/asset-3342353.jpg",
    "fullImage": "https://static.colruytgroup.com/images/500x500/std.lang.all/23/53/asset-3342353.jpg",
    "squareImage": "https://static.colruytgroup.com/images/500x500sq/std.lang.all/23/53/asset-3342353.jpg",
    "content": "±7L",
    "walkRouteSequenceNumber": 2349,
    "price": {
      "basicPrice": 1.67,
      "recommendedQuantity": "1.0",
      "measurementUnitPrice": 0.239,
      "measurementUnit": "L",
      "isRedPrice": false,
      "pricePerUOM": 0.239,
      "activationDate": "18-10-2023",
      "recordSource": "Offline",
      "isPromoActive": "N",
      "priceChangeCode": "L"
    },
    "isAvailable": true,
    "isPriceAvailable": true,
    "inPromo": false,
    "gtin": [
      "05400141625257",
      "05400141132021"
    ],
    "topCategoryName": "Huisdieren",
    "topCategoryId": "670",
    "businessDomain": "RETAIL_BE",
    "IsPrivateLabel": true,
    "IsBiffe": false,
    "WeightconversionFactor": "0",
    "IsWeightArticle": false,
    "IsBio": false,
    "CountryOfOrigin": "SENEGAL",
    "IsExclusivelySoldInLuxembourg": false,
    "OrderUnit": "P",
    "ShortName": "EVD KATTENBAKVULLING 7L",
    "IsNew": false,
    "RecentQuanityOfStockUnits": "1,1",
    "LongName": "EVERYDAY kattenbakvulling ±7L",
    "FicCode": "N"
  },
  {
    "productId": "525",
    "technicalArticleNumber": "9376",
    "commercialArticleNumber": "9376",
    "name": "kat terrine rund vlootje",
    "description": "*Voor volwassen\nkatten\n*Paté\n*4% rund",
    "brand": "EVERYDAY",
    "seoBrand": "Everyday",
    "thumbNail": "https://static.colruytgroup.com/images/200x200/std.lang.all/87/17/asset-2778717.jpg",
    "fullImage": "https://static.colruytgroup.com/images/500x500/std.lang.all/87/17/asset-2778717.jpg",
    "squareImage": "https://static.colruytgroup.com/images/500x500sq/std.lang.all/87/17/asset-2778717.jpg",
    "content": "100g",
    "walkRouteSequenceNumber": 2452,
    "price": {
      "basicPrice": 0.2,
      "recommendedQuantity": "11.0",
      "measurementUnitPrice": 2,
      "measurementUnit": "K",
      "isRedPrice": false,
      "pricePerUOM": 2,
      "activationDate": "14-11-2023",
      "recordSource": "Offline",
      "isPromoActive": "N",
      "priceChangeCode": "E"
    },
    "isAvailable": true,
    "isPriceAvailable": true,
    "inPromo": false,
    "gtin": [
      "00000025093759",
      "05400141005066",
      "05400141024371",
      "15400141024378",
      "05400141601015",
      "05400141802870",
      "25400141601019",
      "15400141604204",
      "05400141604207",
      "55400141971465"
    ],
    "topCategoryName": "Huisdieren",
    "topCategoryId": "670",
    "businessDomain": "RETAIL_BE",
    "IsPrivateLabel": true,
    "IsBiffe": false,
    "WeightconversionFactor": "0",
    "IsWeightArticle": false,
    "IsBio": false,
    "CountryOfOrigin": "FRANKRIJK",
    "IsExclusivelySoldInLuxembourg": false,
    "OrderUnit": "P",
    "ShortName": "EVD RUND 100G .",
    "IsNew": false,
    "RecentQuanityOfStockUnits": "1,32,8",
    "LongName": "EVERYDAY kat terrine rund vlootje 100g",
    "AlcoholVolume": "0",
    "FicCode": "N"
  },
  {
    "productId": "559",
    "technicalArticleNumber": "9544",
    "commercialArticleNumber": "9544",
    "name": "hond terrine rund vlootje",
    "description": "*Voor volwassen\nhonden\n*Terrine\n*4% rund",
    "brand": "EVERYDAY",
    "seoBrand": "Everyday",
    "thumbNail": "https://static.colruytgroup.com/images/200x200/std.lang.all/90/78/asset-569078.jpg",
    "fullImage": "https://static.colruytgroup.com/images/500x500/std.lang.all/90/78/asset-569078.jpg",
    "squareImage": "https://static.colruytgroup.com/images/500x500sq/std.lang.all/90/78/asset-569078.jpg",
    "content": "300g",
    "walkRouteSequenceNumber": 2789,
    "price": {
      "basicPrice": 0.49,
      "recommendedQuantity": "3.0",
      "measurementUnitPrice": 1.64,
      "measurementUnit": "K",
      "isRedPrice": false,
      "pricePerUOM": 1.64,
      "activationDate": "14-11-2023",
      "recordSource": "Offline",
      "isPromoActive": "N",
      "priceChangeCode": "E"
    },
    "isAvailable": true,
    "isPriceAvailable": true,
    "inPromo": false,
    "gtin": [
      "05400141980295",
      "15400141980292",
      "05400141250312",
      "15400141250319",
      "00000025095449",
      "05400141016598",
      "05400141195446"
    ],
    "topCategoryName": "Huisdieren",
    "topCategoryId": "670",
    "businessDomain": "RETAIL_BE",
    "IsPrivateLabel": true,
    "IsBiffe": false,
    "WeightconversionFactor": "0",
    "IsWeightArticle": false,
    "IsBio": false,
    "CountryOfOrigin": "FRANKRIJK",
    "IsExclusivelySoldInLuxembourg": false,
    "OrderUnit": "P",
    "ShortName": "EVD RUND 300G .",
    "IsNew": false,
    "RecentQuanityOfStockUnits": "1,18",
    "LongName": "EVERYDAY hond terrine rund vlootje 300g",
    "AlcoholVolume": "0",
    "FicCode": "N"
  },
  {
    "productId": "87973",
    "technicalArticleNumber": "2993791",
    "commercialArticleNumber": "7025",
    "name": "katbakvulling lavendel doos",
    "description": "*Klontervormend\n*Bentonite\n*Lavendelgeur,\nabsorberend",
    "brand": "BONI",
    "seoBrand": "Boni Selection",
    "thumbNail": "https://static.colruytgroup.com/images/200x200/std.lang.all/32/01/asset-2503201.jpg",
    "fullImage": "https://static.colruytgroup.com/images/500x500/std.lang.all/32/01/asset-2503201.jpg",
    "squareImage": "https://static.colruytgroup.com/images/500x500sq/std.lang.all/32/01/asset-2503201.jpg",
    "content": "6L",
    "walkRouteSequenceNumber": 3556,
    "price": {
      "basicPrice": 3.99,
      "recommendedQuantity": "1.0",
      "measurementUnitPrice": 0.67,
      "measurementUnit": "L",
      "isRedPrice": false,
      "pricePerUOM": 0.67,
      "activationDate": "02-02-2024",
      "recordSource": "Offline",
      "isPromoActive": "N",
      "priceChangeCode": "E"
    },
    "isAvailable": true,
    "isPriceAvailable": true,
    "inPromo": false,
    "gtin": [
      "05400141611151",
      "05400141150018",
      "05400141186086",
      "05400141323665",
      "05400141143706",
      "05400141255133"
    ],
    "topCategoryName": "Huisdieren",
    "topCategoryId": "670",
    "businessDomain": "RETAIL_BE",
    "IsPrivateLabel": true,
    "IsBiffe": false,
    "WeightconversionFactor": "0",
    "IsWeightArticle": false,
    "IsBio": false,
    "CountryOfOrigin": "MAROKKO",
    "IsExclusivelySoldInLuxembourg": false,
    "OrderUnit": "P",
    "ShortName": "BONI KLONTERV.LAVEN 6L",
    "IsNew": false,
    "RecentQuanityOfStockUnits": "1",
    "LongName": "BONI katbakvulling lavendel doos 6L",
    "AlcoholVolume": "0",
    "FicCode": "N"
  },
  {
    "productId": "560",
    "technicalArticleNumber": "9545",
    "commercialArticleNumber": "9545",
    "name": "hond terrine kip vlootje",
    "description": "*Voor volwassen\nhonden\n*Terrine\n*4% kip",
    "brand": "EVERYDAY",
    "seoBrand": "Everyday",
    "thumbNail": "https://static.colruytgroup.com/images/200x200/std.lang.all/40/09/asset-2324009.jpg",
    "fullImage": "https://static.colruytgroup.com/images/500x500/std.lang.all/40/09/asset-2324009.jpg",
    "squareImage": "https://static.colruytgroup.com/images/500x500sq/std.lang.all/40/09/asset-2324009.jpg",
    "content": "300g",
    "walkRouteSequenceNumber": 2788,
    "price": {
      "basicPrice": 0.49,
      "recommendedQuantity": "3.0",
      "measurementUnitPrice": 1.64,
      "measurementUnit": "K",
      "isRedPrice": false,
      "pricePerUOM": 1.64,
      "activationDate": "14-11-2023",
      "recordSource": "Offline",
      "isPromoActive": "N",
      "priceChangeCode": "E"
    },
    "isAvailable": true,
    "isPriceAvailable": true,
    "inPromo": false,
    "gtin": [
      "00000024095457",
      "05400141016642",
      "05400141195453",
      "05400141250275",
      "15400141250272",
      "05400141431186",
      "05400141980271",
      "15400141980278"
    ],
    "topCategoryName": "Huisdieren",
    "topCategoryId": "670",
    "businessDomain": "RETAIL_BE",
    "IsPrivateLabel": true,
    "IsBiffe": false,
    "WeightconversionFactor": "0",
    "IsWeightArticle": false,
    "IsBio": false,
    "CountryOfOrigin": "FRANKRIJK",
    "IsExclusivelySoldInLuxembourg": false,
    "OrderUnit": "P",
    "ShortName": "EVD KIP HOND 300G .",
    "IsNew": false,
    "RecentQuanityOfStockUnits": "18,1",
    "LongName": "EVERYDAY hond terrine kip vlootje 300g",
    "AlcoholVolume": "0",
    "FicCode": "N"
  },
  {
    "productId": "65731",
    "technicalArticleNumber": "2739336",
    "commercialArticleNumber": "819200",
    "name": "sticks gev.-lam",
    "description": "*Voor kat",
    "brand": "BONI",
    "seoBrand": "Boni Selection",
    "thumbNail": "https://static.colruytgroup.com/images/200x200/std.lang.all/85/45/asset-638545.jpg",
    "fullImage": "https://static.colruytgroup.com/images/500x500/std.lang.all/85/45/asset-638545.jpg",
    "squareImage": "https://static.colruytgroup.com/images/500x500sq/std.lang.all/85/45/asset-638545.jpg",
    "content": "50g",
    "walkRouteSequenceNumber": 2533,
    "price": {
      "basicPrice": 0.99,
      "recommendedQuantity": "1.0",
      "measurementUnitPrice": 19.8,
      "measurementUnit": "K",
      "isRedPrice": false,
      "pricePerUOM": 19.8,
      "activationDate": "02-02-2024",
      "recordSource": "Offline",
      "isPromoActive": "N",
      "priceChangeCode": "E"
    },
    "isAvailable": true,
    "isPriceAvailable": true,
    "inPromo": false,
    "gtin": [
      "05400141012255",
      "15400141995692",
      "15400141895084",
      "15400141001461",
      "05400141254396",
      "05400141023992"
    ],
    "topCategoryName": "Huisdieren",
    "topCategoryId": "670",
    "businessDomain": "NON_FOOD",
    "IsPrivateLabel": true,
    "IsBiffe": false,
    "IsWeightArticle": false,
    "RecentQuanityOfStockUnits": "1,30",
    "LongName": "BONI sticks gev.-lam 50g",
    "IsBio": false,
    "AlcoholVolume": "0",
    "CountryOfOrigin": "BELGIË",
    "FicCode": "N",
    "OrderUnit": "P",
    "ShortName": "BONI STICK LAM-GEV 50G",
    "IsNew": false
  },
  {
    "productId": "119103",
    "technicalArticleNumber": "3009298",
    "commercialArticleNumber": "133036",
    "name": "kat sticks zalm/forel 10x5g",
    "description": "*Voor kat",
    "brand": "BONI",
    "seoBrand": "Boni Selection",
    "thumbNail": "https://static.colruytgroup.com/images/200x200/std.lang.all/85/34/asset-638534.jpg",
    "fullImage": "https://static.colruytgroup.com/images/500x500/std.lang.all/85/34/asset-638534.jpg",
    "squareImage": "https://static.colruytgroup.com/images/500x500sq/std.lang.all/85/34/asset-638534.jpg",
    "content": "50g",
    "walkRouteSequenceNumber": 2532,
    "price": {
      "basicPrice": 0.983,
      "recommendedQuantity": "1.0",
      "measurementUnitPrice": 19.66,
      "measurementUnit": "K",
      "isRedPrice": false,
      "pricePerUOM": 19.66,
      "activationDate": "28-02-2024",
      "recordSource": "Offline",
      "isPromoActive": "N",
      "priceChangeCode": "L"
    },
    "isAvailable": true,
    "isPriceAvailable": true,
    "inPromo": false,
    "gtin": [
      "15400141995432",
      "15400141930679",
      "05400141217834",
      "05400141023688"
    ],
    "topCategoryName": "Huisdieren",
    "topCategoryId": "670",
    "businessDomain": "NON_FOOD",
    "IsPrivateLabel": true,
    "IsBiffe": false,
    "IsWeightArticle": false,
    "RecentQuanityOfStockUnits": "1",
    "LongName": "BONI kat sticks zalm/forel 10x5g 50g",
    "IsBio": false,
    "AlcoholVolume": "0",
    "CountryOfOrigin": "BELGIË",
    "FicCode": "N",
    "OrderUnit": "P",
    "ShortName": "BONI STICK ZALM/FOREL",
    "IsNew": false
  },
  {
    "productId": "488275",
    "technicalArticleNumber": "4041871",
    "commercialArticleNumber": "6094",
    "name": "kat terrine zalm-kabeljauw",
    "description": "*Voor volwassen\nkatten\n*Terrine\n*Met zalm-kabeljauw",
    "brand": "BONI",
    "seoBrand": "Boni Selection",
    "thumbNail": "https://static.colruytgroup.com/images/200x200/std.lang.all/27/81/asset-3332781.jpg",
    "fullImage": "https://static.colruytgroup.com/images/500x500/std.lang.all/27/81/asset-3332781.jpg",
    "squareImage": "https://static.colruytgroup.com/images/500x500sq/std.lang.all/27/81/asset-3332781.jpg",
    "content": "100g",
    "walkRouteSequenceNumber": 2421,
    "price": {
      "basicPrice": 0.39,
      "recommendedQuantity": "1.0",
      "measurementUnitPrice": 3.9,
      "measurementUnit": "K",
      "isRedPrice": false,
      "pricePerUOM": 3.9,
      "activationDate": "17-02-2024",
      "recordSource": "Offline",
      "isPromoActive": "N",
      "priceChangeCode": "E"
    },
    "isAvailable": true,
    "isPriceAvailable": true,
    "inPromo": false,
    "gtin": [
      "15400141340850",
      "35400141276023",
      "15400141250258",
      "05400141340853",
      "05400141250251"
    ],
    "topCategoryName": "Huisdieren",
    "topCategoryId": "670",
    "businessDomain": "RETAIL_BE",
    "IsPrivateLabel": true,
    "IsBiffe": false,
    "WeightconversionFactor": "0",
    "IsWeightArticle": false,
    "IsBio": false,
    "CountryOfOrigin": "DENEMARKEN",
    "IsExclusivelySoldInLuxembourg": false,
    "OrderUnit": "P",
    "ShortName": "BONI ZALM-KABELJAUW100",
    "IsNew": false,
    "RecentQuanityOfStockUnits": "8,1,32",
    "LongName": "BONI kat terrine zalm-kabeljauw 100g",
    "FicCode": "N"
  },
  {
    "productId": "535",
    "technicalArticleNumber": "9447",
    "commercialArticleNumber": "9447",
    "name": "kat stukjes met rund",
    "description": "*Voor volwassen\nkatten\n*Balletjes\n*4% rundsvlees",
    "brand": "EVERYDAY",
    "seoBrand": "Everyday",
    "thumbNail": "https://static.colruytgroup.com/images/200x200/std.lang.all/65/78/asset-606578.jpg",
    "fullImage": "https://static.colruytgroup.com/images/500x500/std.lang.all/65/78/asset-606578.jpg",
    "squareImage": "https://static.colruytgroup.com/images/500x500sq/std.lang.all/65/78/asset-606578.jpg",
    "content": "415g",
    "walkRouteSequenceNumber": 2490,
    "price": {
      "basicPrice": 0.49,
      "recommendedQuantity": "6.0",
      "measurementUnitPrice": 1.19,
      "measurementUnit": "K",
      "isRedPrice": false,
      "pricePerUOM": 1.19,
      "activationDate": "14-11-2023",
      "recordSource": "Offline",
      "isPromoActive": "N",
      "priceChangeCode": "E"
    },
    "isAvailable": true,
    "isPriceAvailable": true,
    "inPromo": false,
    "gtin": [
      "00000025094473",
      "05400141021196",
      "05400141255096",
      "05400141294477",
      "15400141844563",
      "15400141871248",
      "15400141094449"
    ],
    "topCategoryName": "Huisdieren",
    "topCategoryId": "670",
    "businessDomain": "RETAIL_BE",
    "IsPrivateLabel": true,
    "IsBiffe": false,
    "WeightconversionFactor": "0",
    "IsWeightArticle": false,
    "IsBio": false,
    "CountryOfOrigin": "NEDERLAND",
    "IsExclusivelySoldInLuxembourg": false,
    "OrderUnit": "P",
    "ShortName": "EVD RUND STUKJES 415G",
    "IsNew": false,
    "RecentQuanityOfStockUnits": "1,12",
    "LongName": "EVERYDAY kat stukjes met rund 415g",
    "AlcoholVolume": "0",
    "FicCode": "N"
  },
  {
    "productId": "536",
    "technicalArticleNumber": "9448",
    "commercialArticleNumber": "9448",
    "name": "kat stukjes gevogelte",
    "description": "*Voor volwassen\nkatten\n*Balletjes\n*4% gevogelte",
    "brand": "EVERYDAY",
    "seoBrand": "Everyday",
    "thumbNail": "https://static.colruytgroup.com/images/200x200/std.lang.all/96/66/asset-609666.jpg",
    "fullImage": "https://static.colruytgroup.com/images/500x500/std.lang.all/96/66/asset-609666.jpg",
    "squareImage": "https://static.colruytgroup.com/images/500x500sq/std.lang.all/96/66/asset-609666.jpg",
    "content": "415g",
    "walkRouteSequenceNumber": 2487,
    "price": {
      "basicPrice": 0.49,
      "recommendedQuantity": "6.0",
      "measurementUnitPrice": 1.19,
      "measurementUnit": "K",
      "isRedPrice": false,
      "pricePerUOM": 1.19,
      "activationDate": "14-11-2023",
      "recordSource": "Offline",
      "isPromoActive": "N",
      "priceChangeCode": "E"
    },
    "isAvailable": true,
    "isPriceAvailable": true,
    "inPromo": false,
    "gtin": [
      "00000025094480",
      "05400141021158",
      "05400141255102",
      "05400141719444",
      "15400141844570",
      "15400141871255"
    ],
    "topCategoryName": "Huisdieren",
    "topCategoryId": "670",
    "businessDomain": "RETAIL_BE",
    "IsPrivateLabel": true,
    "IsBiffe": false,
    "WeightconversionFactor": "0",
    "IsWeightArticle": false,
    "IsBio": false,
    "CountryOfOrigin": "NEDERLAND",
    "IsExclusivelySoldInLuxembourg": false,
    "OrderUnit": "P",
    "ShortName": "EVD STUK.GEV.415G",
    "IsNew": false,
    "RecentQuanityOfStockUnits": "1,12",
    "LongName": "EVERYDAY kat stukjes gevogelte 415g",
    "AlcoholVolume": "0",
    "FicCode": "N"
  },
  {
    "productId": "43405",
    "technicalArticleNumber": "2490515",
    "commercialArticleNumber": "819164",
    "name": "Biscrok",
    "description": "*Voor hond",
    "brand": "PEDIGREE",
    "seoBrand": "Pedigree Biscrok",
    "thumbNail": "https://static.colruytgroup.com/images/200x200/std.lang.all/78/21/asset-567821.jpg",
    "fullImage": "https://static.colruytgroup.com/images/500x500/std.lang.all/78/21/asset-567821.jpg",
    "squareImage": "https://static.colruytgroup.com/images/500x500sq/std.lang.all/78/21/asset-567821.jpg",
    "content": "500g",
    "walkRouteSequenceNumber": 2610,
    "price": {
      "basicPrice": 2.05,
      "recommendedQuantity": "1.0",
      "measurementUnitPrice": 4.1,
      "measurementUnit": "K",
      "isRedPrice": false,
      "pricePerUOM": 4.1,
      "activationDate": "13-03-2024",
      "recordSource": "Offline",
      "isPromoActive": "N",
      "priceChangeCode": "H"
    },
    "isAvailable": true,
    "isPriceAvailable": true,
    "inPromo": false,
    "gtin": [
      "05010394004176",
      "04008429001178",
      "50103944004174",
      "05010394133852",
      "05010394009508"
    ],
    "topCategoryName": "Huisdieren",
    "topCategoryId": "670",
    "businessDomain": "NON_FOOD",
    "IsPrivateLabel": false,
    "IsBiffe": false,
    "IsWeightArticle": false,
    "RecentQuanityOfStockUnits": "1,12",
    "LongName": "PEDIGREE Biscrok 500g",
    "IsBio": false,
    "AlcoholVolume": "0",
    "CountryOfOrigin": "BELGIË",
    "FicCode": "N",
    "OrderUnit": "P",
    "ShortName": "PEDIGREE BISCROK 500G",
    "IsNew": false
  },
  {
    "productId": "144092",
    "technicalArticleNumber": "3278452",
    "commercialArticleNumber": "3961",
    "name": "mini filets kip-kal vlootje",
    "description": "*Vlees in saus\n*Kip, kalkoen",
    "brand": "SHEBA",
    "seoBrand": "Sheba",
    "thumbNail": "https://static.colruytgroup.com/images/200x200/std.lang.all/34/25/asset-1703425.jpg",
    "fullImage": "https://static.colruytgroup.com/images/500x500/std.lang.all/34/25/asset-1703425.jpg",
    "squareImage": "https://static.colruytgroup.com/images/500x500sq/std.lang.all/34/25/asset-1703425.jpg",
    "content": "85g",
    "walkRouteSequenceNumber": 2447,
    "price": {
      "basicPrice": 0.89,
      "recommendedQuantity": "1.0",
      "measurementUnitPrice": 10.48,
      "measurementUnit": "K",
      "isRedPrice": false,
      "pricePerUOM": 10.48,
      "activationDate": "27-02-2024",
      "recordSource": "Offline",
      "isPromoActive": "N",
      "priceChangeCode": "L"
    },
    "isAvailable": true,
    "isPriceAvailable": true,
    "inPromo": false,
    "gtin": [
      "55400141777906",
      "04008429071010",
      "04008429071027",
      "05400141230147",
      "04008429096778",
      "05400141287530"
    ],
    "topCategoryName": "Huisdieren",
    "topCategoryId": "670",
    "businessDomain": "RETAIL_BE",
    "IsPrivateLabel": false,
    "IsBiffe": false,
    "WeightconversionFactor": "0",
    "IsWeightArticle": false,
    "IsBio": false,
    "CountryOfOrigin": "DUITSLAND",
    "IsExclusivelySoldInLuxembourg": false,
    "OrderUnit": "P",
    "ShortName": "SHEBA MINFI.KIPKALK 85G",
    "IsNew": false,
    "RecentQuanityOfStockUnits": "10,1",
    "LongName": "SHEBA mini filets kip-kal vlootje 85g",
    "AlcoholVolume": "0",
    "FicCode": "N"
  },
  {
    "productId": "33343",
    "technicalArticleNumber": "1668967",
    "commercialArticleNumber": "9656",
    "name": "kattenbakvulling hygiëne+",
    "description": "*Niet-klontervormend\n*Calciumsilicaat\n*Sterk absorberend",
    "brand": "BONI",
    "seoBrand": "Boni Selection",
    "thumbNail": "https://static.colruytgroup.com/images/200x200/std.lang.all/40/32/asset-1344032.jpg",
    "fullImage": "https://static.colruytgroup.com/images/500x500/std.lang.all/40/32/asset-1344032.jpg",
    "squareImage": "https://static.colruytgroup.com/images/500x500sq/std.lang.all/40/32/asset-1344032.jpg",
    "content": "10L",
    "walkRouteSequenceNumber": 3554,
    "price": {
      "basicPrice": 6.65,
      "recommendedQuantity": "1.0",
      "measurementUnitPrice": 0.67,
      "measurementUnit": "L",
      "isRedPrice": false,
      "pricePerUOM": 0.67,
      "activationDate": "15-03-2024",
      "recordSource": "Offline",
      "isPromoActive": "N",
      "priceChangeCode": "L"
    },
    "isAvailable": true,
    "isPriceAvailable": true,
    "inPromo": false,
    "gtin": [
      "05400141055153",
      "05400141020380"
    ],
    "topCategoryName": "Huisdieren",
    "topCategoryId": "670",
    "businessDomain": "RETAIL_BE",
    "IsPrivateLabel": true,
    "IsBiffe": false,
    "WeightconversionFactor": "0",
    "IsWeightArticle": false,
    "IsBio": false,
    "CountryOfOrigin": "DUITSLAND",
    "IsExclusivelySoldInLuxembourg": false,
    "OrderUnit": "P",
    "ShortName": "BONI KATBAKVUL.HYG.+",
    "IsNew": false,
    "RecentQuanityOfStockUnits": "1",
    "LongName": "BONI kattenbakvulling hygiëne+ 10L",
    "AlcoholVolume": "0",
    "FicCode": "N"
  },
  {
    "productId": "558",
    "technicalArticleNumber": "9540",
    "commercialArticleNumber": "9540",
    "name": "kattenbakv. plantaardig",
    "description": "*Niet-klontervormend\n*Plantaardige\nkorrels\n*Biologisch\nafbreekbaar",
    "brand": "LOVE CAT",
    "seoBrand": "Love Cat",
    "thumbNail": "https://static.colruytgroup.com/images/200x200/std.lang.all/48/24/asset-1164824.jpg",
    "fullImage": "https://static.colruytgroup.com/images/500x500/std.lang.all/48/24/asset-1164824.jpg",
    "squareImage": "https://static.colruytgroup.com/images/500x500sq/std.lang.all/48/24/asset-1164824.jpg",
    "content": "20L",
    "walkRouteSequenceNumber": 2350,
    "price": {
      "basicPrice": 8.99,
      "recommendedQuantity": "1.0",
      "measurementUnitPrice": 0.45,
      "measurementUnit": "L",
      "isRedPrice": false,
      "pricePerUOM": 0.45,
      "activationDate": "20-02-2024",
      "recordSource": "Offline",
      "isPromoActive": "N",
      "priceChangeCode": "E"
    },
    "isAvailable": true,
    "isPriceAvailable": true,
    "inPromo": false,
    "gtin": [
      "05412401005266"
    ],
    "topCategoryName": "Huisdieren",
    "topCategoryId": "670",
    "businessDomain": "RETAIL_BE",
    "IsPrivateLabel": false,
    "IsBiffe": false,
    "WeightconversionFactor": "0",
    "IsWeightArticle": false,
    "IsBio": false,
    "CountryOfOrigin": "BELGIË",
    "IsExclusivelySoldInLuxembourg": false,
    "OrderUnit": "P",
    "ShortName": "LOVE CAT 20L",
    "IsNew": false,
    "RecentQuanityOfStockUnits": "1",
    "LongName": "LOVE CAT kattenbakv. plantaardig 20L",
    "AlcoholVolume": "0",
    "FicCode": "N"
  },
  {
    "productId": "158000",
    "technicalArticleNumber": "3278524",
    "commercialArticleNumber": "3967",
    "name": "Classics paté met zalm vlootje",
    "description": "*Paté\n*Zalm",
    "brand": "SHEBA",
    "seoBrand": "Sheba",
    "thumbNail": "https://static.colruytgroup.com/images/200x200/std.lang.all/85/04/asset-1008504.jpg",
    "fullImage": "https://static.colruytgroup.com/images/500x500/std.lang.all/85/04/asset-1008504.jpg",
    "squareImage": "https://static.colruytgroup.com/images/500x500sq/std.lang.all/85/04/asset-1008504.jpg",
    "content": "85g",
    "walkRouteSequenceNumber": 2443,
    "price": {
      "basicPrice": 0.89,
      "recommendedQuantity": "1.0",
      "measurementUnitPrice": 10.48,
      "measurementUnit": "K",
      "isRedPrice": false,
      "pricePerUOM": 10.48,
      "activationDate": "24-02-2024",
      "recordSource": "Offline",
      "isPromoActive": "N",
      "priceChangeCode": "L"
    },
    "isAvailable": true,
    "isPriceAvailable": true,
    "inPromo": false,
    "gtin": [
      "04008429070921",
      "04008429096846",
      "05400141287547",
      "04008429065279",
      "35400141777902"
    ],
    "topCategoryName": "Huisdieren",
    "topCategoryId": "670",
    "businessDomain": "RETAIL_BE",
    "IsPrivateLabel": false,
    "IsBiffe": false,
    "WeightconversionFactor": "0",
    "IsWeightArticle": false,
    "IsBio": false,
    "CountryOfOrigin": "DUITSLAND",
    "IsExclusivelySoldInLuxembourg": false,
    "OrderUnit": "P",
    "ShortName": "SHEBA CLASSI.ZALM 85G",
    "IsNew": false,
    "RecentQuanityOfStockUnits": "10,1",
    "LongName": "SHEBA Classics paté met zalm vlootje 85g",
    "AlcoholVolume": "0",
    "FicCode": "N"
  },
  {
    "productId": "144090",
    "technicalArticleNumber": "3278446",
    "commercialArticleNumber": "3859",
    "name": "Classics terrine kalf & kip",
    "description": "*Paté\n*Kalfsvlees & kip",
    "brand": "SHEBA",
    "seoBrand": "Sheba",
    "thumbNail": "https://static.colruytgroup.com/images/200x200/std.lang.all/81/80/asset-1238180.jpg",
    "fullImage": "https://static.colruytgroup.com/images/500x500/std.lang.all/81/80/asset-1238180.jpg",
    "squareImage": "https://static.colruytgroup.com/images/500x500sq/std.lang.all/81/80/asset-1238180.jpg",
    "content": "85g",
    "walkRouteSequenceNumber": 2444,
    "price": {
      "basicPrice": 0.99,
      "recommendedQuantity": "1.0",
      "measurementUnitPrice": 11.65,
      "measurementUnit": "K",
      "isRedPrice": false,
      "pricePerUOM": 11.65,
      "activationDate": "14-03-2024",
      "recordSource": "Offline",
      "isPromoActive": "N",
      "priceChangeCode": "H"
    },
    "isAvailable": true,
    "isPriceAvailable": true,
    "inPromo": false,
    "gtin": [
      "05400141287509",
      "04008429070945",
      "04008429096747",
      "15400141777908"
    ],
    "topCategoryName": "Huisdieren",
    "topCategoryId": "670",
    "businessDomain": "RETAIL_BE",
    "IsPrivateLabel": false,
    "IsBiffe": false,
    "WeightconversionFactor": "0",
    "IsWeightArticle": false,
    "IsBio": false,
    "CountryOfOrigin": "DUITSLAND",
    "IsExclusivelySoldInLuxembourg": false,
    "OrderUnit": "P",
    "ShortName": "SHEBA CLAS.KALF/KIP 85G",
    "IsNew": false,
    "RecentQuanityOfStockUnits": "1,10",
    "LongName": "SHEBA Classics terrine kalf & kip 85g",
    "AlcoholVolume": "0",
    "FicCode": "N"
  },
  {
    "productId": "537",
    "technicalArticleNumber": "9453",
    "commercialArticleNumber": "9453",
    "name": "hond stukjes rund",
    "description": "*Voor volwassen\nhonden\n*Stukjes in saus\n*4% rund",
    "brand": "EVERYDAY",
    "seoBrand": "Everyday",
    "thumbNail": "https://static.colruytgroup.com/images/200x200/std.lang.all/45/27/asset-384527.jpg",
    "fullImage": "https://static.colruytgroup.com/images/500x500/std.lang.all/45/27/asset-384527.jpg",
    "squareImage": "https://static.colruytgroup.com/images/500x500sq/std.lang.all/45/27/asset-384527.jpg",
    "content": "1,24kg",
    "walkRouteSequenceNumber": 2791,
    "price": {
      "basicPrice": 1.29,
      "recommendedQuantity": "1.0",
      "measurementUnitPrice": 1.05,
      "measurementUnit": "K",
      "isRedPrice": false,
      "pricePerUOM": 1.05,
      "activationDate": "14-11-2023",
      "recordSource": "Offline",
      "isPromoActive": "N",
      "priceChangeCode": "E"
    },
    "isAvailable": true,
    "isPriceAvailable": true,
    "inPromo": false,
    "gtin": [
      "00000025094534",
      "05400141163377",
      "15400141922179",
      "05400141794533"
    ],
    "topCategoryName": "Huisdieren",
    "topCategoryId": "670",
    "businessDomain": "RETAIL_BE",
    "IsPrivateLabel": true,
    "IsBiffe": false,
    "WeightconversionFactor": "0",
    "IsWeightArticle": false,
    "IsBio": false,
    "CountryOfOrigin": "NEDERLAND",
    "IsExclusivelySoldInLuxembourg": false,
    "OrderUnit": "P",
    "ShortName": "EVD STUK SAUS RUND1240G",
    "IsNew": false,
    "RecentQuanityOfStockUnits": "6,1",
    "LongName": "EVERYDAY hond stukjes rund 1,24kg",
    "AlcoholVolume": "0",
    "FicCode": "N"
  },
  {
    "productId": "628993",
    "technicalArticleNumber": "4313504",
    "commercialArticleNumber": "23798",
    "name": "hygiene",
    "brand": "CATSAN",
    "seoBrand": "Catsan",
    "thumbNail": "https://static.colruytgroup.com/images/200x200/std.lang.all/17/14/asset-2221714.jpg",
    "fullImage": "https://static.colruytgroup.com/images/500x500/std.lang.all/17/14/asset-2221714.jpg",
    "squareImage": "https://static.colruytgroup.com/images/500x500sq/std.lang.all/17/14/asset-2221714.jpg",
    "content": "11,5L",
    "walkRouteSequenceNumber": 3551,
    "price": {
      "basicPrice": 7.27,
      "recommendedQuantity": "1.0",
      "measurementUnitPrice": 0.64,
      "measurementUnit": "L",
      "isRedPrice": false,
      "pricePerUOM": 0.64,
      "activationDate": "14-03-2024",
      "recordSource": "Offline",
      "isPromoActive": "N",
      "priceChangeCode": "H"
    },
    "isAvailable": true,
    "isPriceAvailable": true,
    "inPromo": false,
    "gtin": [
      "04008429081231"
    ],
    "topCategoryName": "Huisdieren",
    "topCategoryId": "670",
    "businessDomain": "RETAIL_BE",
    "IsPrivateLabel": false,
    "IsBiffe": false,
    "WeightconversionFactor": "0",
    "IsWeightArticle": false,
    "IsBio": false,
    "CountryOfOrigin": "DUITSLAND",
    "IsExclusivelySoldInLuxembourg": false,
    "OrderUnit": "P",
    "ShortName": "CATSAN HYGIENE 11.5L",
    "IsNew": false,
    "RecentQuanityOfStockUnits": "1",
    "LongName": "CATSAN hygiene 11,5L",
    "FicCode": "N"
  },
  {
    "productId": "780884",
    "technicalArticleNumber": "4576950",
    "commercialArticleNumber": "28784",
    "name": "kat terrine duo rund&lever",
    "description": "*Terrine",
    "brand": "BONI",
    "seoBrand": "Boni Selection",
    "thumbNail": "https://static.colruytgroup.com/images/200x200/nl_be/27/75/asset-3332775.jpg",
    "fullImage": "https://static.colruytgroup.com/images/500x500/nl_be/27/75/asset-3332775.jpg",
    "squareImage": "https://static.colruytgroup.com/images/500x500sq/nl_be/27/75/asset-3332775.jpg",
    "content": "400g",
    "walkRouteSequenceNumber": 2449,
    "price": {
      "basicPrice": 0.79,
      "recommendedQuantity": "1.0",
      "measurementUnitPrice": 1.98,
      "measurementUnit": "K",
      "isRedPrice": false,
      "pricePerUOM": 1.98,
      "activationDate": "12-03-2024",
      "recordSource": "Offline",
      "isPromoActive": "N",
      "priceChangeCode": "E"
    },
    "isAvailable": true,
    "isPriceAvailable": true,
    "inPromo": false,
    "gtin": [
      "05400141572322",
      "15400141572329"
    ],
    "topCategoryName": "Huisdieren",
    "topCategoryId": "670",
    "businessDomain": "RETAIL_BE",
    "IsPrivateLabel": true,
    "IsBiffe": false,
    "WeightconversionFactor": "0",
    "IsWeightArticle": false,
    "IsBio": false,
    "CountryOfOrigin": "NEDERLAND",
    "IsExclusivelySoldInLuxembourg": false,
    "OrderUnit": "P",
    "ShortName": "BONI TERR RUND&LEVER400",
    "IsNew": false,
    "RecentQuanityOfStockUnits": "1,12",
    "LongName": "BONI kat terrine duo rund&lever 400g",
    "FicCode": "N"
  },
  {
    "productId": "836016",
    "technicalArticleNumber": "4678290",
    "commercialArticleNumber": "21821",
    "name": "Adult brokjes in saus vlees",
    "description": "*Voor volwassen\nkatten\n*Brokjes in saus",
    "brand": "BONI",
    "seoBrand": "Boni Selection",
    "thumbNail": "https://static.colruytgroup.com/images/200x200/std.lang.all/62/97/asset-3346297.jpg",
    "fullImage": "https://static.colruytgroup.com/images/500x500/std.lang.all/62/97/asset-3346297.jpg",
    "squareImage": "https://static.colruytgroup.com/images/500x500sq/std.lang.all/62/97/asset-3346297.jpg",
    "content": "12x100g",
    "walkRouteSequenceNumber": 2416,
    "price": {
      "basicPrice": 3.79,
      "recommendedQuantity": "1.0",
      "measurementUnitPrice": 3.16,
      "measurementUnit": "K",
      "isRedPrice": false,
      "pricePerUOM": 3.16,
      "activationDate": "19-03-2024",
      "recordSource": "Offline",
      "isPromoActive": "N",
      "priceChangeCode": "E"
    },
    "isAvailable": true,
    "isPriceAvailable": true,
    "inPromo": false,
    "gtin": [
      "15400141606000",
      "05400141606003"
    ],
    "topCategoryName": "Huisdieren",
    "topCategoryId": "670",
    "businessDomain": "RETAIL_BE",
    "IsPrivateLabel": true,
    "IsBiffe": false,
    "WeightconversionFactor": "0",
    "IsWeightArticle": false,
    "IsBio": false,
    "CountryOfOrigin": "TSJECHIË (REPUBLIEK)",
    "IsExclusivelySoldInLuxembourg": false,
    "OrderUnit": "P",
    "ShortName": "BONI VLEES SAUS12X100G",
    "IsNew": false,
    "RecentQuanityOfStockUnits": "1,4",
    "LongName": "BONI Adult brokjes in saus vlees 12x100g",
    "AlcoholVolume": "0",
    "FicCode": "N"
  },
  {
    "productId": "4214",
    "technicalArticleNumber": "1008753",
    "commercialArticleNumber": "9579",
    "name": "kat Adult rund-kip-groenten",
    "description": "*Voor volwassen\nkatten\n*Droge voeding\n*Rundsvlees, kip",
    "brand": "FRISKIES",
    "seoBrand": "Friskies",
    "thumbNail": "https://static.colruytgroup.com/images/200x200/std.lang.all/43/50/asset-2554350.jpg",
    "fullImage": "https://static.colruytgroup.com/images/500x500/std.lang.all/43/50/asset-2554350.jpg",
    "squareImage": "https://static.colruytgroup.com/images/500x500sq/std.lang.all/43/50/asset-2554350.jpg",
    "content": "4kg",
    "walkRouteSequenceNumber": 2432,
    "price": {
      "basicPrice": 11.75,
      "recommendedQuantity": "1.0",
      "measurementUnitPrice": 2.94,
      "measurementUnit": "K",
      "isRedPrice": false,
      "pricePerUOM": 2.94,
      "activationDate": "01-03-2024",
      "recordSource": "Offline",
      "isPromoActive": "N",
      "priceChangeCode": "L"
    },
    "isAvailable": true,
    "isPriceAvailable": true,
    "inPromo": false,
    "gtin": [
      "03010470581081",
      "07613031886906",
      "07613036702836",
      "07613031886913"
    ],
    "topCategoryName": "Huisdieren",
    "topCategoryId": "670",
    "businessDomain": "RETAIL_BE",
    "IsPrivateLabel": false,
    "IsBiffe": false,
    "WeightconversionFactor": "0",
    "IsWeightArticle": false,
    "IsBio": false,
    "CountryOfOrigin": "FRANKRIJK",
    "IsExclusivelySoldInLuxembourg": false,
    "OrderUnit": "P",
    "ShortName": "FRIS.KAT RU/KIP/GR.4KG",
    "IsNew": false,
    "RecentQuanityOfStockUnits": "1,3",
    "LongName": "FRISKIES kat Adult rund-kip-groenten 4kg",
    "AlcoholVolume": "0",
    "FicCode": "N"
  },
  {
    "productId": "622391",
    "technicalArticleNumber": "4302880",
    "commercialArticleNumber": "23657",
    "name": "delicatesse gevogelte",
    "brand": "SHEBA",
    "seoBrand": "Sheba",
    "thumbNail": "https://static.colruytgroup.com/images/200x200/std.lang.all/74/14/asset-2227414.jpg",
    "fullImage": "https://static.colruytgroup.com/images/500x500/std.lang.all/74/14/asset-2227414.jpg",
    "squareImage": "https://static.colruytgroup.com/images/500x500sq/std.lang.all/74/14/asset-2227414.jpg",
    "content": "85g",
    "walkRouteSequenceNumber": 2442,
    "price": {
      "basicPrice": 0.99,
      "recommendedQuantity": "1.0",
      "measurementUnitPrice": 11.65,
      "measurementUnit": "K",
      "isRedPrice": false,
      "pricePerUOM": 11.65,
      "activationDate": "23-03-2024",
      "recordSource": "Offline",
      "isPromoActive": "N",
      "priceChangeCode": "L"
    },
    "isAvailable": true,
    "isPriceAvailable": true,
    "inPromo": false,
    "gtin": [
      "04008429096808",
      "35400141420600",
      "75400141777900",
      "04008429071096"
    ],
    "topCategoryName": "Huisdieren",
    "topCategoryId": "670",
    "businessDomain": "RETAIL_BE",
    "IsPrivateLabel": false,
    "IsBiffe": false,
    "WeightconversionFactor": "0",
    "IsWeightArticle": false,
    "IsBio": false,
    "CountryOfOrigin": "DUITSLAND",
    "IsExclusivelySoldInLuxembourg": false,
    "OrderUnit": "P",
    "ShortName": "SHEB ALU DELIC.GEVOG.85",
    "IsNew": false,
    "RecentQuanityOfStockUnits": "1,10",
    "LongName": "SHEBA delicatesse gevogelte 85g",
    "AlcoholVolume": "0",
    "FicCode": "N"
  },
  {
    "productId": "116366",
    "technicalArticleNumber": "3011787",
    "commercialArticleNumber": "133039",
    "name": "Snack met kip & kaas",
    "description": "*Voor kat",
    "brand": "BONI",
    "seoBrand": "Boni Selection",
    "thumbNail": "https://static.colruytgroup.com/images/200x200/std.lang.all/95/90/asset-639590.jpg",
    "fullImage": "https://static.colruytgroup.com/images/500x500/std.lang.all/95/90/asset-639590.jpg",
    "squareImage": "https://static.colruytgroup.com/images/500x500sq/std.lang.all/95/90/asset-639590.jpg",
    "content": "60g",
    "walkRouteSequenceNumber": 2549,
    "price": {
      "basicPrice": 0.75,
      "recommendedQuantity": "1.0",
      "measurementUnitPrice": 12.5,
      "measurementUnit": "K",
      "isRedPrice": false,
      "pricePerUOM": 12.5,
      "activationDate": "11-01-2024",
      "recordSource": "Offline",
      "isPromoActive": "N",
      "priceChangeCode": "L"
    },
    "isAvailable": true,
    "isPriceAvailable": true,
    "inPromo": false,
    "gtin": [
      "05400141023909",
      "05400141255089",
      "15400141871231",
      "15400141995654",
      "05400141470956",
      "15400141470953"
    ],
    "topCategoryName": "Huisdieren",
    "topCategoryId": "670",
    "businessDomain": "NON_FOOD",
    "IsPrivateLabel": true,
    "IsBiffe": false,
    "IsWeightArticle": false,
    "RecentQuanityOfStockUnits": "1,18,1",
    "LongName": "BONI Snack met kip & kaas 60g",
    "IsBio": false,
    "AlcoholVolume": "0",
    "CountryOfOrigin": "BELGIË",
    "FicCode": "N",
    "OrderUnit": "P",
    "ShortName": "BONI KIP & KAAS 60G",
    "IsNew": false
  },
  {
    "productId": "858996",
    "technicalArticleNumber": "4709296",
    "commercialArticleNumber": "31757",
    "name": "kat krokantjes rundvlees",
    "description": "*Droge voeding\n*Rundvlees",
    "brand": "EVERYDAY",
    "seoBrand": "Everyday",
    "thumbNail": "https://static.colruytgroup.com/images/200x200/std.lang.all/23/20/asset-3222320.jpg",
    "fullImage": "https://static.colruytgroup.com/images/500x500/std.lang.all/23/20/asset-3222320.jpg",
    "squareImage": "https://static.colruytgroup.com/images/500x500sq/std.lang.all/23/20/asset-3222320.jpg",
    "content": "4kg",
    "walkRouteSequenceNumber": 2460,
    "price": {
      "basicPrice": 3.98,
      "recommendedQuantity": "1.0",
      "measurementUnitPrice": 1,
      "measurementUnit": "K",
      "isRedPrice": false,
      "pricePerUOM": 1,
      "activationDate": "24-10-2023",
      "recordSource": "Offline",
      "isPromoActive": "N",
      "priceChangeCode": "L"
    },
    "isAvailable": true,
    "isPriceAvailable": true,
    "inPromo": false,
    "gtin": [
      "05400141533965"
    ],
    "topCategoryName": "Huisdieren",
    "topCategoryId": "670",
    "businessDomain": "RETAIL_BE",
    "IsPrivateLabel": true,
    "IsBiffe": false,
    "WeightconversionFactor": "0",
    "IsWeightArticle": false,
    "IsBio": false,
    "CountryOfOrigin": "NEDERLAND",
    "IsExclusivelySoldInLuxembourg": false,
    "OrderUnit": "P",
    "ShortName": "EVD BROK KAT 4KG",
    "IsNew": false,
    "RecentQuanityOfStockUnits": "1",
    "LongName": "EVERYDAY kat krokantjes rundvlees 4kg",
    "AlcoholVolume": "0",
    "FicCode": "N"
  },
  {
    "productId": "543",
    "technicalArticleNumber": "9468",
    "commercialArticleNumber": "9468",
    "name": "hond stukjes gevogelte",
    "description": "*Voor volwassen\nhonden\n*Stukjes in saus\n*4% gevogelte",
    "brand": "EVERYDAY",
    "seoBrand": "Everyday",
    "thumbNail": "https://static.colruytgroup.com/images/200x200/std.lang.all/46/58/asset-384658.jpg",
    "fullImage": "https://static.colruytgroup.com/images/500x500/std.lang.all/46/58/asset-384658.jpg",
    "squareImage": "https://static.colruytgroup.com/images/500x500sq/std.lang.all/46/58/asset-384658.jpg",
    "content": "1,24kg",
    "walkRouteSequenceNumber": 2790,
    "price": {
      "basicPrice": 1.29,
      "recommendedQuantity": "1.0",
      "measurementUnitPrice": 1.05,
      "measurementUnit": "K",
      "isRedPrice": false,
      "pricePerUOM": 1.05,
      "activationDate": "17-01-2024",
      "recordSource": "Offline",
      "isPromoActive": "N",
      "priceChangeCode": "L"
    },
    "isAvailable": true,
    "isPriceAvailable": true,
    "inPromo": false,
    "gtin": [
      "05400141021004",
      "05400141163384",
      "15400141922186",
      "00000025094688"
    ],
    "topCategoryName": "Huisdieren",
    "topCategoryId": "670",
    "businessDomain": "RETAIL_BE",
    "IsPrivateLabel": true,
    "IsBiffe": false,
    "WeightconversionFactor": "0",
    "IsWeightArticle": false,
    "IsBio": false,
    "CountryOfOrigin": "NEDERLAND",
    "IsExclusivelySoldInLuxembourg": false,
    "OrderUnit": "P",
    "ShortName": "EVD STUKJES GEV.1240G",
    "IsNew": false,
    "RecentQuanityOfStockUnits": "1,6",
    "LongName": "EVERYDAY hond stukjes gevogelte 1,24kg",
    "AlcoholVolume": "0",
    "FicCode": "N"
  },
  {
    "productId": "488695",
    "technicalArticleNumber": "4042172",
    "commercialArticleNumber": "6170",
    "name": "kat terrine kalkoen-eend",
    "brand": "BONI",
    "seoBrand": "Boni Selection",
    "thumbNail": "https://static.colruytgroup.com/images/200x200/std.lang.all/27/69/asset-3332769.jpg",
    "fullImage": "https://static.colruytgroup.com/images/500x500/std.lang.all/27/69/asset-3332769.jpg",
    "squareImage": "https://static.colruytgroup.com/images/500x500sq/std.lang.all/27/69/asset-3332769.jpg",
    "content": "100g",
    "walkRouteSequenceNumber": 2420,
    "price": {
      "basicPrice": 0.79,
      "recommendedQuantity": "1.0",
      "measurementUnitPrice": 7.9,
      "measurementUnit": "K",
      "isRedPrice": false,
      "pricePerUOM": 7.9,
      "activationDate": "17-11-2023",
      "recordSource": "Offline",
      "isPromoActive": "N",
      "priceChangeCode": "E"
    },
    "isAvailable": true,
    "isPriceAvailable": true,
    "inPromo": false,
    "gtin": [
      "05400141337617",
      "15400141250432",
      "15400141337614",
      "55400141312749",
      "05400141250435"
    ],
    "topCategoryName": "Huisdieren",
    "topCategoryId": "670",
    "businessDomain": "RETAIL_BE",
    "IsPrivateLabel": true,
    "IsBiffe": false,
    "WeightconversionFactor": "0",
    "IsWeightArticle": false,
    "IsBio": false,
    "CountryOfOrigin": "DENEMARKEN",
    "IsExclusivelySoldInLuxembourg": false,
    "OrderUnit": "P",
    "ShortName": "BONI KALKOEN-EEND 100G",
    "IsNew": false,
    "RecentQuanityOfStockUnits": "1,8,32",
    "LongName": "BONI kat terrine kalkoen-eend 100g",
    "FicCode": "N"
  },
  {
    "productId": "782541",
    "technicalArticleNumber": "4579960",
    "commercialArticleNumber": "3325",
    "name": "kat jelly duo kip-eend-wortel",
    "description": "*Terrine voor kat\nmet kip, eend\nen wortelen",
    "brand": "BONI",
    "seoBrand": "Boni Selection",
    "thumbNail": "https://static.colruytgroup.com/images/200x200/nl_be/28/78/asset-3332878.jpg",
    "fullImage": "https://static.colruytgroup.com/images/500x500/nl_be/28/78/asset-3332878.jpg",
    "squareImage": "https://static.colruytgroup.com/images/500x500sq/nl_be/28/78/asset-3332878.jpg",
    "content": "400g",
    "walkRouteSequenceNumber": 2450,
    "price": {
      "basicPrice": 0.79,
      "recommendedQuantity": "1.0",
      "measurementUnitPrice": 1.98,
      "measurementUnit": "K",
      "isRedPrice": false,
      "pricePerUOM": 1.98,
      "activationDate": "14-03-2024",
      "recordSource": "Offline",
      "isPromoActive": "N",
      "priceChangeCode": "L"
    },
    "isAvailable": true,
    "isPriceAvailable": true,
    "inPromo": false,
    "gtin": [
      "15400141605379",
      "05400141605372",
      "25400141605376"
    ],
    "topCategoryName": "Huisdieren",
    "topCategoryId": "670",
    "businessDomain": "RETAIL_BE",
    "IsPrivateLabel": true,
    "IsBiffe": false,
    "WeightconversionFactor": "0",
    "IsWeightArticle": false,
    "IsBio": false,
    "CountryOfOrigin": "FRANKRIJK",
    "IsExclusivelySoldInLuxembourg": false,
    "OrderUnit": "P",
    "ShortName": "BONI KIP-EEND-WORTEL400",
    "IsNew": false,
    "RecentQuanityOfStockUnits": "6,1",
    "LongName": "BONI kat jelly duo kip-eend-wortel 400g",
    "FicCode": "N"
  },
  {
    "productId": "781237",
    "technicalArticleNumber": "4577824",
    "commercialArticleNumber": "28900",
    "name": "kat terrine duo zalm&forel",
    "description": "*Voor volwassen\nkatten\n*Terrine",
    "brand": "BONI",
    "seoBrand": "Boni Selection",
    "thumbNail": "https://static.colruytgroup.com/images/200x200/nl_be/28/77/asset-3332877.jpg",
    "fullImage": "https://static.colruytgroup.com/images/500x500/nl_be/28/77/asset-3332877.jpg",
    "squareImage": "https://static.colruytgroup.com/images/500x500sq/nl_be/28/77/asset-3332877.jpg",
    "content": "400g",
    "walkRouteSequenceNumber": 2422,
    "price": {
      "basicPrice": 0.761,
      "recommendedQuantity": "1.0",
      "measurementUnitPrice": 1.91,
      "measurementUnit": "K",
      "isRedPrice": false,
      "pricePerUOM": 1.91,
      "activationDate": "04-12-2023",
      "recordSource": "Offline",
      "isPromoActive": "N",
      "priceChangeCode": "E"
    },
    "isAvailable": true,
    "isPriceAvailable": true,
    "inPromo": false,
    "gtin": [
      "05400141583298",
      "15400141583295"
    ],
    "topCategoryName": "Huisdieren",
    "topCategoryId": "670",
    "businessDomain": "RETAIL_BE",
    "IsPrivateLabel": true,
    "IsBiffe": false,
    "WeightconversionFactor": "0",
    "IsWeightArticle": false,
    "IsBio": false,
    "CountryOfOrigin": "FRANKRIJK",
    "IsExclusivelySoldInLuxembourg": false,
    "OrderUnit": "P",
    "ShortName": "BONI KAT TER.ZAL&FOR400",
    "IsNew": false,
    "RecentQuanityOfStockUnits": "1,6",
    "LongName": "BONI kat terrine duo zalm&forel 400g",
    "FicCode": "N"
  },
  {
    "productId": "55390",
    "technicalArticleNumber": "2388305",
    "commercialArticleNumber": "819113",
    "name": "Slices rund-kalf",
    "description": "*Voor hond",
    "brand": "BONI",
    "seoBrand": "Boni Selection",
    "thumbNail": "https://static.colruytgroup.com/images/200x200/std.lang.all/56/21/asset-685621.jpg",
    "fullImage": "https://static.colruytgroup.com/images/500x500/std.lang.all/56/21/asset-685621.jpg",
    "squareImage": "https://static.colruytgroup.com/images/500x500sq/std.lang.all/56/21/asset-685621.jpg",
    "content": "20x10g",
    "walkRouteSequenceNumber": 2658,
    "price": {
      "basicPrice": 1.49,
      "recommendedQuantity": "1.0",
      "measurementUnitPrice": 7.45,
      "measurementUnit": "K",
      "isRedPrice": false,
      "pricePerUOM": 7.45,
      "activationDate": "14-11-2023",
      "recordSource": "Offline",
      "isPromoActive": "N",
      "priceChangeCode": "E"
    },
    "isAvailable": true,
    "isPriceAvailable": true,
    "inPromo": false,
    "gtin": [
      "05400141470949",
      "15400141470946",
      "05400141218411",
      "05400141011395",
      "05400141023985",
      "05400141117929",
      "15400148011791",
      "05400141811797",
      "15400141003410",
      "15400141117926",
      "15400141896265",
      "15400141995685"
    ],
    "topCategoryName": "Huisdieren",
    "topCategoryId": "670",
    "businessDomain": "NON_FOOD",
    "IsPrivateLabel": true,
    "IsBiffe": false,
    "IsWeightArticle": false,
    "RecentQuanityOfStockUnits": "1,1,15",
    "LongName": "BONI Slices rund-kalf 20x10g",
    "IsBio": false,
    "AlcoholVolume": "0",
    "CountryOfOrigin": "BELGIË",
    "FicCode": "N",
    "OrderUnit": "P",
    "ShortName": "BONI SNACK RUND",
    "IsNew": false
  },
  {
    "productId": "28888",
    "technicalArticleNumber": "1951239",
    "commercialArticleNumber": "9001",
    "name": "Gold luxe mix",
    "description": "*Brokjes en\nminifilets\n*Rundsvlees,kip/\nkonijn,lever/\nzeevis/eend,kalkoen",
    "brand": "GOURMET",
    "seoBrand": "Gourmet",
    "thumbNail": "https://static.colruytgroup.com/images/200x200/std.lang.all/95/29/asset-3359529.jpg",
    "fullImage": "https://static.colruytgroup.com/images/500x500/std.lang.all/95/29/asset-3359529.jpg",
    "squareImage": "https://static.colruytgroup.com/images/500x500sq/std.lang.all/95/29/asset-3359529.jpg",
    "content": "12x85g",
    "walkRouteSequenceNumber": 2484,
    "price": {
      "basicPrice": 5.98,
      "recommendedQuantity": "1.0",
      "measurementUnitPrice": 5.87,
      "measurementUnit": "K",
      "isRedPrice": false,
      "pricePerUOM": 5.87,
      "activationDate": "20-03-2024",
      "recordSource": "Offline",
      "isPromoActive": "N",
      "priceChangeCode": "L"
    },
    "isAvailable": true,
    "isPriceAvailable": true,
    "inPromo": false,
    "gtin": [
      "03222270493901",
      "03222277493904"
    ],
    "topCategoryName": "Huisdieren",
    "topCategoryId": "670",
    "businessDomain": "RETAIL_BE",
    "IsPrivateLabel": false,
    "IsBiffe": false,
    "WeightconversionFactor": "0",
    "IsWeightArticle": false,
    "IsBio": false,
    "CountryOfOrigin": "FRANKRIJK",
    "IsExclusivelySoldInLuxembourg": false,
    "OrderUnit": "P",
    "ShortName": "GOURMET GOLD LUXE12X85G",
    "InSeason": true,
    "IsNew": false,
    "RecentQuanityOfStockUnits": "1",
    "LongName": "GOURMET Gold luxe mix 12x85g",
    "AlcoholVolume": "0",
    "StartSeasonDate": "25/11/2019",
    "FicCode": "N"
  },
  {
    "productId": "147724",
    "technicalArticleNumber": "3328971",
    "commercialArticleNumber": "8098",
    "name": "hond Sensitive lam-rijst",
    "description": "*Voor volwassen\nhonden\n*Droge voeding\n*4% rijst, 4% lam",
    "brand": "BONI",
    "seoBrand": "Boni Selection",
    "thumbNail": "https://static.colruytgroup.com/images/200x200/std.lang.all/27/65/asset-3332765.jpg",
    "fullImage": "https://static.colruytgroup.com/images/500x500/std.lang.all/27/65/asset-3332765.jpg",
    "squareImage": "https://static.colruytgroup.com/images/500x500sq/std.lang.all/27/65/asset-3332765.jpg",
    "content": "10kg",
    "walkRouteSequenceNumber": 2734,
    "price": {
      "basicPrice": 8.49,
      "recommendedQuantity": "1.0",
      "measurementUnitPrice": 0.85,
      "measurementUnit": "K",
      "isRedPrice": false,
      "pricePerUOM": 0.85,
      "activationDate": "15-03-2024",
      "recordSource": "Offline",
      "isPromoActive": "N",
      "priceChangeCode": "L"
    },
    "isAvailable": true,
    "isPriceAvailable": true,
    "inPromo": false,
    "gtin": [
      "05400141357868",
      "05400141344455"
    ],
    "topCategoryName": "Huisdieren",
    "topCategoryId": "670",
    "businessDomain": "RETAIL_BE",
    "IsPrivateLabel": true,
    "IsBiffe": false,
    "WeightconversionFactor": "0",
    "IsWeightArticle": false,
    "IsBio": false,
    "CountryOfOrigin": "BELGIË",
    "IsExclusivelySoldInLuxembourg": false,
    "OrderUnit": "P",
    "ShortName": "BONI SENS.LAM RIJST 10K",
    "IsNew": false,
    "RecentQuanityOfStockUnits": "1",
    "LongName": "BONI hond Sensitive lam-rijst 10kg",
    "AlcoholVolume": "0",
    "FicCode": "N"
  },
  {
    "productId": "836256",
    "technicalArticleNumber": "4678633",
    "commercialArticleNumber": "23387",
    "name": "Adult vlees&vis brokjes",
    "brand": "BONI",
    "seoBrand": "Boni Selection",
    "thumbNail": "https://static.colruytgroup.com/images/200x200/std.lang.all/62/99/asset-3346299.jpg",
    "fullImage": "https://static.colruytgroup.com/images/500x500/std.lang.all/62/99/asset-3346299.jpg",
    "squareImage": "https://static.colruytgroup.com/images/500x500sq/std.lang.all/62/99/asset-3346299.jpg",
    "content": "12x100g",
    "walkRouteSequenceNumber": 2418,
    "price": {
      "basicPrice": 3.99,
      "recommendedQuantity": "1.0",
      "measurementUnitPrice": 3.33,
      "measurementUnit": "K",
      "isRedPrice": false,
      "pricePerUOM": 3.33,
      "activationDate": "19-03-2024",
      "recordSource": "Offline",
      "isPromoActive": "N",
      "priceChangeCode": "H"
    },
    "isAvailable": true,
    "isPriceAvailable": true,
    "inPromo": false,
    "gtin": [
      "15400141610069",
      "05400141610062"
    ],
    "topCategoryName": "Huisdieren",
    "topCategoryId": "670",
    "businessDomain": "RETAIL_BE",
    "IsPrivateLabel": true,
    "IsBiffe": false,
    "WeightconversionFactor": "0",
    "IsWeightArticle": false,
    "IsBio": false,
    "CountryOfOrigin": "TSJECHIË (REPUBLIEK)",
    "IsExclusivelySoldInLuxembourg": false,
    "OrderUnit": "P",
    "ShortName": "BONI FISH POULTRY12X100",
    "IsNew": false,
    "RecentQuanityOfStockUnits": "1,4",
    "LongName": "BONI Adult vlees&vis brokjes 12x100g",
    "AlcoholVolume": "0",
    "FicCode": "N"
  },
  {
    "productId": "65742",
    "technicalArticleNumber": "2739400",
    "commercialArticleNumber": "819202",
    "name": "denta snacks M",
    "description": "*Aanvullende\ndiervoeding voor\nvolwassen hond",
    "brand": "BONI",
    "seoBrand": "Boni Selection",
    "thumbNail": "https://static.colruytgroup.com/images/200x200/std.lang.all/19/50/asset-2161950.jpg",
    "fullImage": "https://static.colruytgroup.com/images/500x500/std.lang.all/19/50/asset-2161950.jpg",
    "squareImage": "https://static.colruytgroup.com/images/500x500sq/std.lang.all/19/50/asset-2161950.jpg",
    "content": "28st",
    "walkRouteSequenceNumber": 2665,
    "price": {
      "basicPrice": 3.99,
      "recommendedQuantity": "1.0",
      "measurementUnitPrice": 5.55,
      "measurementUnit": "K",
      "isRedPrice": false,
      "pricePerUOM": 5.55,
      "activationDate": "19-03-2024",
      "recordSource": "Offline",
      "isPromoActive": "N",
      "priceChangeCode": "H"
    },
    "isAvailable": true,
    "isPriceAvailable": true,
    "inPromo": false,
    "gtin": [
      "35400141254250",
      "15400141995678",
      "15400141895770",
      "15400141241515",
      "15400141001485",
      "05400141254259",
      "05400141241518",
      "05400141023978",
      "05400141012231",
      "05400141573589",
      "15400141573586",
      "15400141470861",
      "05400141470864"
    ],
    "topCategoryName": "Huisdieren",
    "topCategoryId": "670",
    "businessDomain": "NON_FOOD",
    "IsPrivateLabel": true,
    "IsBiffe": false,
    "IsWeightArticle": false,
    "RecentQuanityOfStockUnits": "1,4,1,4",
    "LongName": "BONI denta snacks M 28st",
    "IsBio": false,
    "AlcoholVolume": "0",
    "CountryOfOrigin": "BELGIË",
    "FicCode": "N",
    "OrderUnit": "P",
    "ShortName": "BONI DENTA MEDIUM 28ST",
    "IsNew": false
  },
  {
    "productId": "780889",
    "technicalArticleNumber": "4576974",
    "commercialArticleNumber": "28787",
    "name": "kat terrine duo eend&konijn",
    "description": "*Terrine",
    "brand": "BONI",
    "seoBrand": "Boni Selection",
    "thumbNail": "https://static.colruytgroup.com/images/200x200/nl_be/28/76/asset-3332876.jpg",
    "fullImage": "https://static.colruytgroup.com/images/500x500/nl_be/28/76/asset-3332876.jpg",
    "squareImage": "https://static.colruytgroup.com/images/500x500sq/nl_be/28/76/asset-3332876.jpg",
    "content": "400g",
    "walkRouteSequenceNumber": 2451,
    "price": {
      "basicPrice": 1.09,
      "recommendedQuantity": "1.0",
      "measurementUnitPrice": 2.73,
      "measurementUnit": "K",
      "isRedPrice": false,
      "pricePerUOM": 2.73,
      "activationDate": "10-02-2024",
      "isPromoActive": "N",
      "priceChangeCode": "H"
    },
    "isAvailable": true,
    "isPriceAvailable": true,
    "inPromo": false,
    "gtin": [
      "15400141583240",
      "05400141583243"
    ],
    "topCategoryName": "Huisdieren",
    "topCategoryId": "670",
    "businessDomain": "RETAIL_BE",
    "IsPrivateLabel": true,
    "IsBiffe": false,
    "WeightconversionFactor": "0",
    "IsWeightArticle": false,
    "IsBio": false,
    "CountryOfOrigin": "NEDERLAND",
    "IsExclusivelySoldInLuxembourg": false,
    "OrderUnit": "P",
    "ShortName": "BONI TERR EEND&KONIJ400",
    "IsNew": false,
    "RecentQuanityOfStockUnits": "1,12",
    "LongName": "BONI kat terrine duo eend&konijn 400g",
    "FicCode": "N"
  },
  {
    "productId": "758039",
    "technicalArticleNumber": "4534792",
    "commercialArticleNumber": "19572",
    "name": "mix selectie gelei",
    "description": "*Kattenvoeding\n*Natte voeding",
    "brand": "FELIX",
    "seoBrand": "Felix",
    "thumbNail": "https://static.colruytgroup.com/images/200x200/std.lang.all/39/96/asset-3303996.jpg",
    "fullImage": "https://static.colruytgroup.com/images/500x500/std.lang.all/39/96/asset-3303996.jpg",
    "squareImage": "https://static.colruytgroup.com/images/500x500sq/std.lang.all/39/96/asset-3303996.jpg",
    "content": "44x85g",
    "walkRouteSequenceNumber": 2366,
    "price": {
      "basicPrice": 15.39,
      "recommendedQuantity": "1.0",
      "measurementUnitPrice": 4.12,
      "measurementUnit": "K",
      "isRedPrice": false,
      "pricePerUOM": 4.12,
      "activationDate": "23-03-2024",
      "recordSource": "Offline",
      "isPromoActive": "N",
      "priceChangeCode": "E"
    },
    "isAvailable": true,
    "isPriceAvailable": true,
    "inPromo": false,
    "gtin": [
      "07613039916254"
    ],
    "topCategoryName": "Huisdieren",
    "topCategoryId": "670",
    "businessDomain": "RETAIL_BE",
    "IsPrivateLabel": false,
    "IsBiffe": false,
    "WeightconversionFactor": "0",
    "IsWeightArticle": false,
    "IsBio": false,
    "CountryOfOrigin": "HONGARIJE",
    "IsExclusivelySoldInLuxembourg": false,
    "OrderUnit": "P",
    "ShortName": "FELI MIX SEL GEL 44X85G",
    "IsNew": false,
    "RecentQuanityOfStockUnits": "1",
    "LongName": "FELIX mix selectie gelei 44x85g",
    "FicCode": "E"
  },
  {
    "productId": "836252",
    "technicalArticleNumber": "4678629",
    "commercialArticleNumber": "22705",
    "name": "gravy&jelly pouch",
    "brand": "EVERYDAY",
    "seoBrand": "Everyday",
    "thumbNail": "https://static.colruytgroup.com/images/200x200/std.lang.all/57/66/asset-3195766.jpg",
    "fullImage": "https://static.colruytgroup.com/images/500x500/std.lang.all/57/66/asset-3195766.jpg",
    "squareImage": "https://static.colruytgroup.com/images/500x500sq/std.lang.all/57/66/asset-3195766.jpg",
    "content": "12x100g",
    "walkRouteSequenceNumber": 2488,
    "price": {
      "basicPrice": 3.99,
      "recommendedQuantity": "1.0",
      "measurementUnitPrice": 3.33,
      "measurementUnit": "K",
      "isRedPrice": false,
      "pricePerUOM": 3.33,
      "activationDate": "23-06-2023",
      "isPromoActive": "N",
      "priceChangeCode": "E"
    },
    "isAvailable": true,
    "isPriceAvailable": true,
    "inPromo": false,
    "gtin": [
      "05400141610048",
      "15400141610045"
    ],
    "topCategoryName": "Huisdieren",
    "topCategoryId": "670",
    "businessDomain": "RETAIL_BE",
    "IsPrivateLabel": true,
    "IsBiffe": false,
    "WeightconversionFactor": "0",
    "IsWeightArticle": false,
    "IsBio": false,
    "CountryOfOrigin": "TSJECHIË (REPUBLIEK)",
    "IsExclusivelySoldInLuxembourg": false,
    "OrderUnit": "P",
    "ShortName": "EVD GRAVY&JELLY 12X100G",
    "IsNew": false,
    "RecentQuanityOfStockUnits": "1,4",
    "LongName": "EVERYDAY gravy&jelly pouch 12x100g",
    "FicCode": "N"
  },
  {
    "productId": "116154",
    "technicalArticleNumber": "3041299",
    "commercialArticleNumber": "133063",
    "name": "chicken slices",
    "description": "*Voor hond",
    "brand": "BONI",
    "seoBrand": "Boni Selection",
    "thumbNail": "https://static.colruytgroup.com/images/200x200/std.lang.all/79/48/asset-687948.jpg",
    "fullImage": "https://static.colruytgroup.com/images/500x500/std.lang.all/79/48/asset-687948.jpg",
    "squareImage": "https://static.colruytgroup.com/images/500x500sq/std.lang.all/79/48/asset-687948.jpg",
    "content": "170g",
    "walkRouteSequenceNumber": 2643,
    "price": {
      "basicPrice": 2.79,
      "recommendedQuantity": "1.0",
      "measurementUnitPrice": 16.42,
      "measurementUnit": "K",
      "isRedPrice": false,
      "pricePerUOM": 16.42,
      "activationDate": "18-03-2024",
      "isPromoActive": "N",
      "priceChangeCode": "E"
    },
    "isAvailable": true,
    "isPriceAvailable": true,
    "inPromo": false,
    "gtin": [
      "15400141895787",
      "15400141895794",
      "15400141254263",
      "15400141024118",
      "15400141024101",
      "05400141254266",
      "05400141024104"
    ],
    "topCategoryName": "Huisdieren",
    "topCategoryId": "670",
    "businessDomain": "NON_FOOD",
    "IsPrivateLabel": true,
    "IsBiffe": false,
    "IsWeightArticle": false,
    "RecentQuanityOfStockUnits": "1,10",
    "LongName": "BONI chicken slices 170g",
    "IsBio": false,
    "AlcoholVolume": "0",
    "CountryOfOrigin": "BELGIË",
    "FicCode": "N",
    "OrderUnit": "P",
    "ShortName": "BONI CHICKEN SLICE",
    "IsNew": false
  },
  {
    "productId": "47736",
    "technicalArticleNumber": "2510453",
    "commercialArticleNumber": "819174",
    "name": "melkdrank katten",
    "description": "*Voor kat",
    "brand": "BONI",
    "seoBrand": "Boni Selection",
    "thumbNail": "https://static.colruytgroup.com/images/200x200/std.lang.all/56/17/asset-685617.jpg",
    "fullImage": "https://static.colruytgroup.com/images/500x500/std.lang.all/56/17/asset-685617.jpg",
    "squareImage": "https://static.colruytgroup.com/images/500x500sq/std.lang.all/56/17/asset-685617.jpg",
    "content": "6x200ml",
    "walkRouteSequenceNumber": 2590,
    "price": {
      "basicPrice": 3.78,
      "recommendedQuantity": "1.0",
      "measurementUnitPrice": 3.15,
      "measurementUnit": "L",
      "isRedPrice": false,
      "pricePerUOM": 3.15,
      "activationDate": "17-02-2024",
      "recordSource": "Offline",
      "isPromoActive": "N",
      "priceChangeCode": "E"
    },
    "isAvailable": true,
    "isPriceAvailable": true,
    "inPromo": false,
    "gtin": [
      "15400141180937",
      "15400141896340",
      "15400141921530",
      "05400141218626",
      "05400141163988",
      "05400141180930",
      "05400141195002",
      "05400141095005"
    ],
    "topCategoryName": "Huisdieren",
    "topCategoryId": "670",
    "businessDomain": "NON_FOOD",
    "IsPrivateLabel": true,
    "IsBiffe": false,
    "IsWeightArticle": false,
    "RecentQuanityOfStockUnits": "4,1",
    "LongName": "BONI melkdrank katten 6x200ml",
    "IsBio": false,
    "AlcoholVolume": "0",
    "CountryOfOrigin": "BELGIË",
    "FicCode": "N",
    "OrderUnit": "P",
    "ShortName": "BONI CATMILK 6X200ML",
    "IsNew": false
  },
  {
    "productId": "780931",
    "technicalArticleNumber": "4577035",
    "commercialArticleNumber": "28807",
    "name": "kat gelei duo kabelja&sard.MSC",
    "brand": "BONI",
    "seoBrand": "Boni Selection",
    "thumbNail": "https://static.colruytgroup.com/images/200x200/nl_be/27/89/asset-3332789.jpg",
    "fullImage": "https://static.colruytgroup.com/images/500x500/nl_be/27/89/asset-3332789.jpg",
    "squareImage": "https://static.colruytgroup.com/images/500x500sq/nl_be/27/89/asset-3332789.jpg",
    "content": "400g",
    "walkRouteSequenceNumber": 2448,
    "price": {
      "basicPrice": 0.79,
      "recommendedQuantity": "1.0",
      "measurementUnitPrice": 1.98,
      "measurementUnit": "K",
      "isRedPrice": false,
      "pricePerUOM": 1.98,
      "activationDate": "14-03-2024",
      "recordSource": "Offline",
      "isPromoActive": "N",
      "priceChangeCode": "L"
    },
    "isAvailable": true,
    "isPriceAvailable": true,
    "inPromo": false,
    "gtin": [
      "15400141583257",
      "05400141583250",
      "25400141583254"
    ],
    "topCategoryName": "Huisdieren",
    "topCategoryId": "670",
    "businessDomain": "RETAIL_BE",
    "IsPrivateLabel": true,
    "IsBiffe": false,
    "WeightconversionFactor": "0",
    "IsWeightArticle": false,
    "IsBio": false,
    "CountryOfOrigin": "FRANKRIJK",
    "IsExclusivelySoldInLuxembourg": false,
    "OrderUnit": "P",
    "ShortName": "BONI GELEI KAB&S.MSC400",
    "IsNew": false,
    "RecentQuanityOfStockUnits": "1,6",
    "LongName": "BONI kat gelei duo kabelja&sard.MSC 400g",
    "FicCode": "N"
  },
  {
    "productId": "649608",
    "technicalArticleNumber": "4347928",
    "commercialArticleNumber": "21167",
    "name": "kat pouch mix",
    "brand": "BONI",
    "seoBrand": "Boni Selection",
    "thumbNail": "https://static.colruytgroup.com/images/200x200/std.lang.all/69/40/asset-3336940.jpg",
    "fullImage": "https://static.colruytgroup.com/images/500x500/std.lang.all/69/40/asset-3336940.jpg",
    "squareImage": "https://static.colruytgroup.com/images/500x500sq/std.lang.all/69/40/asset-3336940.jpg",
    "content": "24x100g",
    "walkRouteSequenceNumber": 2367,
    "price": {
      "basicPrice": 8.79,
      "recommendedQuantity": "1.0",
      "measurementUnitPrice": 3.67,
      "measurementUnit": "K",
      "isRedPrice": false,
      "pricePerUOM": 3.67,
      "activationDate": "19-03-2024",
      "recordSource": "Offline",
      "isPromoActive": "N",
      "priceChangeCode": "E"
    },
    "isAvailable": true,
    "isPriceAvailable": true,
    "inPromo": false,
    "gtin": [
      "05400141918557"
    ],
    "topCategoryName": "Huisdieren",
    "topCategoryId": "670",
    "businessDomain": "RETAIL_BE",
    "IsPrivateLabel": true,
    "IsBiffe": false,
    "WeightconversionFactor": "0",
    "IsWeightArticle": false,
    "IsBio": false,
    "CountryOfOrigin": "TSJECHIË (REPUBLIEK)",
    "IsExclusivelySoldInLuxembourg": false,
    "OrderUnit": "P",
    "ShortName": "BONI KAT POUCH MIX 24S",
    "IsNew": false,
    "RecentQuanityOfStockUnits": "1",
    "LongName": "BONI kat pouch mix 24x100g",
    "FicCode": "I"
  },
  {
    "productId": "553",
    "technicalArticleNumber": "9518",
    "commercialArticleNumber": "9518",
    "name": "Classics kip vlootje",
    "description": "*Voor honden tot\n10 kg\n*Terrine\n*Kip",
    "brand": "CESAR",
    "seoBrand": "Cesar",
    "thumbNail": "https://static.colruytgroup.com/images/200x200/std.lang.all/17/30/asset-2371730.jpg",
    "fullImage": "https://static.colruytgroup.com/images/500x500/std.lang.all/17/30/asset-2371730.jpg",
    "squareImage": "https://static.colruytgroup.com/images/500x500sq/std.lang.all/17/30/asset-2371730.jpg",
    "content": "150g",
    "walkRouteSequenceNumber": 2782,
    "price": {
      "basicPrice": 1.29,
      "recommendedQuantity": "1.0",
      "measurementUnitPrice": 8.6,
      "measurementUnit": "K",
      "isRedPrice": false,
      "pricePerUOM": 8.6,
      "activationDate": "19-12-2023",
      "recordSource": "Offline",
      "isPromoActive": "N",
      "priceChangeCode": "H"
    },
    "isAvailable": true,
    "isPriceAvailable": true,
    "inPromo": false,
    "gtin": [
      "00000025095180",
      "04008429092763",
      "04008429092770",
      "04008429511219",
      "05400141095180",
      "05400141383683",
      "55400141277499"
    ],
    "topCategoryName": "Huisdieren",
    "topCategoryId": "670",
    "businessDomain": "RETAIL_BE",
    "IsPrivateLabel": false,
    "IsBiffe": false,
    "WeightconversionFactor": "0",
    "IsWeightArticle": false,
    "IsBio": false,
    "CountryOfOrigin": "DUITSLAND",
    "IsExclusivelySoldInLuxembourg": false,
    "OrderUnit": "P",
    "ShortName": "CESA CLASS.KIP 150G",
    "IsNew": false,
    "RecentQuanityOfStockUnits": "8,14,1",
    "LongName": "CESAR Classics kip vlootje 150g",
    "AlcoholVolume": "0",
    "FicCode": "N"
  },
  {
    "productId": "254216",
    "technicalArticleNumber": "3663527",
    "commercialArticleNumber": "133255",
    "name": "party mix original",
    "description": "*Voor kat\n*Met\nkip/kalkoen/lever",
    "brand": "FELIX",
    "seoBrand": "Purina Felix",
    "thumbNail": "https://static.colruytgroup.com/images/200x200/std.lang.all/43/72/asset-1184372.jpg",
    "fullImage": "https://static.colruytgroup.com/images/500x500/std.lang.all/43/72/asset-1184372.jpg",
    "squareImage": "https://static.colruytgroup.com/images/500x500sq/std.lang.all/43/72/asset-1184372.jpg",
    "content": "200g",
    "walkRouteSequenceNumber": 2550,
    "price": {
      "basicPrice": 4.49,
      "recommendedQuantity": "1.0",
      "measurementUnitPrice": 22.45,
      "measurementUnit": "K",
      "isRedPrice": false,
      "pricePerUOM": 22.45,
      "activationDate": "19-03-2024",
      "recordSource": "Offline",
      "isPromoActive": "Y",
      "priceChangeCode": "L"
    },
    "isAvailable": true,
    "isPriceAvailable": true,
    "inPromo": true,
    "promotion": [
      {
        "techPromoId": "100931COLR",
        "promotionId": "100931",
        "promotionType": "3",
        "isPersonalized": "N",
        "publicationStartDate": "13-03-2024",
        "publicationEndDate": "26-03-2024"
      }
    ],
    "gtin": [
      "07613035939899",
      "07613035940826"
    ],
    "topCategoryName": "Huisdieren",
    "topCategoryId": "670",
    "businessDomain": "NON_FOOD",
    "IsPrivateLabel": false,
    "IsBiffe": false,
    "IsWeightArticle": false,
    "RecentQuanityOfStockUnits": "1,5",
    "LongName": "FELIX party mix original 200g",
    "IsBio": false,
    "AlcoholVolume": "0",
    "CountryOfOrigin": "DUITSLAND",
    "FicCode": "N",
    "OrderUnit": "P",
    "ShortName": "FELIX PARTYMIX ORIG200G",
    "IsNew": false
  },
  {
    "productId": "757570",
    "technicalArticleNumber": "4534005",
    "commercialArticleNumber": "17730",
    "name": "vlees saus",
    "description": "*Kattenvoeding\n*Natte voeding",
    "brand": "FELIX",
    "seoBrand": "Felix",
    "thumbNail": "https://static.colruytgroup.com/images/200x200/std.lang.all/74/12/asset-2717412.jpg",
    "fullImage": "https://static.colruytgroup.com/images/500x500/std.lang.all/74/12/asset-2717412.jpg",
    "squareImage": "https://static.colruytgroup.com/images/500x500sq/std.lang.all/74/12/asset-2717412.jpg",
    "content": "12x85g",
    "walkRouteSequenceNumber": 2359,
    "price": {
      "basicPrice": 6.29,
      "recommendedQuantity": "1.0",
      "measurementUnitPrice": 6.17,
      "measurementUnit": "K",
      "isRedPrice": false,
      "pricePerUOM": 6.17,
      "activationDate": "12-12-2023",
      "recordSource": "Offline",
      "isPromoActive": "N",
      "priceChangeCode": "H"
    },
    "isAvailable": true,
    "isPriceAvailable": true,
    "inPromo": false,
    "gtin": [
      "07613287328625",
      "07613287328618"
    ],
    "topCategoryName": "Huisdieren",
    "topCategoryId": "670",
    "businessDomain": "RETAIL_BE",
    "IsPrivateLabel": false,
    "IsBiffe": false,
    "WeightconversionFactor": "0",
    "IsWeightArticle": false,
    "IsBio": false,
    "CountryOfOrigin": "FRANKRIJK",
    "IsExclusivelySoldInLuxembourg": false,
    "OrderUnit": "P",
    "ShortName": "FELI SENS.VLE.SAUS12X85",
    "IsNew": false,
    "RecentQuanityOfStockUnits": "1",
    "LongName": "FELIX vlees saus 12x85g",
    "FicCode": "E"
  },
  {
    "productId": "550",
    "technicalArticleNumber": "9503",
    "commercialArticleNumber": "9503",
    "name": "Classics rund vlootje",
    "description": "*Voor honden tot\n10 kg\n*Terrine\n*Rundsvlees",
    "brand": "CESAR",
    "seoBrand": "Cesar",
    "thumbNail": "https://static.colruytgroup.com/images/200x200/std.lang.all/17/27/asset-2371727.jpg",
    "fullImage": "https://static.colruytgroup.com/images/500x500/std.lang.all/17/27/asset-2371727.jpg",
    "squareImage": "https://static.colruytgroup.com/images/500x500sq/std.lang.all/17/27/asset-2371727.jpg",
    "content": "150g",
    "walkRouteSequenceNumber": 2781,
    "price": {
      "basicPrice": 1.29,
      "recommendedQuantity": "1.0",
      "measurementUnitPrice": 8.6,
      "measurementUnit": "K",
      "isRedPrice": false,
      "pricePerUOM": 8.6,
      "activationDate": "14-11-2023",
      "recordSource": "Offline",
      "isPromoActive": "N",
      "priceChangeCode": "E"
    },
    "isAvailable": true,
    "isPriceAvailable": true,
    "inPromo": false,
    "gtin": [
      "00000025095036",
      "04008429092732",
      "04008429092749",
      "04008429511110",
      "05400141383706",
      "05400141395037",
      "45400141277492"
    ],
    "topCategoryName": "Huisdieren",
    "topCategoryId": "670",
    "businessDomain": "RETAIL_BE",
    "IsPrivateLabel": false,
    "IsBiffe": false,
    "WeightconversionFactor": "0",
    "IsWeightArticle": false,
    "IsBio": false,
    "CountryOfOrigin": "DUITSLAND",
    "IsExclusivelySoldInLuxembourg": false,
    "OrderUnit": "P",
    "ShortName": "CESA CLASS.RUND 150G",
    "IsNew": false,
    "RecentQuanityOfStockUnits": "1,8,14",
    "LongName": "CESAR Classics rund vlootje 150g",
    "AlcoholVolume": "0",
    "FicCode": "N"
  },
  {
    "productId": "757570",
    "technicalArticleNumber": "4534005",
    "commercialArticleNumber": "17730",
    "name": "vlees saus",
    "description": "*Kattenvoeding\n*Natte voeding",
    "brand": "FELIX",
    "seoBrand": "Felix",
    "thumbNail": "https://static.colruytgroup.com/images/200x200/std.lang.all/74/12/asset-2717412.jpg",
    "fullImage": "https://static.colruytgroup.com/images/500x500/std.lang.all/74/12/asset-2717412.jpg",
    "squareImage": "https://static.colruytgroup.com/images/500x500sq/std.lang.all/74/12/asset-2717412.jpg",
    "content": "12x85g",
    "walkRouteSequenceNumber": 2359,
    "price": {
      "basicPrice": 6.29,
      "recommendedQuantity": "1.0",
      "measurementUnitPrice": 6.17,
      "measurementUnit": "K",
      "isRedPrice": false,
      "pricePerUOM": 6.17,
      "activationDate": "12-12-2023",
      "recordSource": "Offline",
      "isPromoActive": "N",
      "priceChangeCode": "H"
    },
    "isAvailable": true,
    "isPriceAvailable": true,
    "inPromo": false,
    "gtin": [
      "07613287328625",
      "07613287328618"
    ],
    "topCategoryName": "Huisdieren",
    "topCategoryId": "670",
    "businessDomain": "RETAIL_BE",
    "IsPrivateLabel": false,
    "IsBiffe": false,
    "WeightconversionFactor": "0",
    "IsWeightArticle": false,
    "IsBio": false,
    "CountryOfOrigin": "FRANKRIJK",
    "IsExclusivelySoldInLuxembourg": false,
    "OrderUnit": "P",
    "ShortName": "FELI SENS.VLE.SAUS12X85",
    "IsNew": false,
    "RecentQuanityOfStockUnits": "1",
    "LongName": "FELIX vlees saus 12x85g",
    "FicCode": "E"
  },
  {
    "productId": "4350",
    "technicalArticleNumber": "1010570",
    "commercialArticleNumber": "9597",
    "name": "kat Adult kip-groenten",
    "description": "*Voor volwassen\nkatten\n*Droge voeding\n*Kip",
    "brand": "FRISKIES",
    "seoBrand": "Friskies",
    "thumbNail": "https://static.colruytgroup.com/images/200x200/std.lang.all/43/51/asset-2554351.jpg",
    "fullImage": "https://static.colruytgroup.com/images/500x500/std.lang.all/43/51/asset-2554351.jpg",
    "squareImage": "https://static.colruytgroup.com/images/500x500sq/std.lang.all/43/51/asset-2554351.jpg",
    "content": "400g",
    "walkRouteSequenceNumber": 2381,
    "price": {
      "basicPrice": 2.68,
      "recommendedQuantity": "1.0",
      "measurementUnitPrice": 6.7,
      "measurementUnit": "K",
      "isRedPrice": false,
      "pricePerUOM": 6.7,
      "activationDate": "14-03-2024",
      "recordSource": "Offline",
      "isPromoActive": "N",
      "priceChangeCode": "H"
    },
    "isAvailable": true,
    "isPriceAvailable": true,
    "inPromo": false,
    "gtin": [
      "03033710208593",
      "03033710208579",
      "03010470181137"
    ],
    "topCategoryName": "Huisdieren",
    "topCategoryId": "670",
    "businessDomain": "RETAIL_BE",
    "IsPrivateLabel": false,
    "IsBiffe": false,
    "WeightconversionFactor": "0",
    "IsWeightArticle": false,
    "IsBio": false,
    "CountryOfOrigin": "FRANKRIJK",
    "IsExclusivelySoldInLuxembourg": false,
    "OrderUnit": "P",
    "ShortName": "FRISK.KIP GROE.DRY 400G",
    "IsNew": false,
    "RecentQuanityOfStockUnits": "10,1",
    "LongName": "FRISKIES kat Adult kip-groenten 400g",
    "AlcoholVolume": "0",
    "FicCode": "N"
  },
  {
    "productId": "859001",
    "technicalArticleNumber": "4709304",
    "commercialArticleNumber": "31759",
    "name": "hond Mini kip-groenten",
    "description": "*Voor kleine honden\n*Kip met groenten",
    "brand": "BONI",
    "seoBrand": "Boni Selection",
    "thumbNail": "https://static.colruytgroup.com/images/200x200/std.lang.all/10/87/asset-3311087.jpg",
    "fullImage": "https://static.colruytgroup.com/images/500x500/std.lang.all/10/87/asset-3311087.jpg",
    "squareImage": "https://static.colruytgroup.com/images/500x500sq/std.lang.all/10/87/asset-3311087.jpg",
    "content": "1,5kg",
    "walkRouteSequenceNumber": 2767,
    "price": {
      "basicPrice": 2.99,
      "recommendedQuantity": "1.0",
      "measurementUnitPrice": 2,
      "measurementUnit": "K",
      "isRedPrice": false,
      "pricePerUOM": 2,
      "activationDate": "22-03-2024",
      "recordSource": "Offline",
      "isPromoActive": "N",
      "priceChangeCode": "L"
    },
    "isAvailable": true,
    "isPriceAvailable": true,
    "inPromo": false,
    "gtin": [
      "15400141477211",
      "05400141477214"
    ],
    "topCategoryName": "Huisdieren",
    "topCategoryId": "670",
    "businessDomain": "RETAIL_BE",
    "IsPrivateLabel": true,
    "IsBiffe": false,
    "WeightconversionFactor": "0",
    "IsWeightArticle": false,
    "IsBio": false,
    "CountryOfOrigin": "SPANJE",
    "IsExclusivelySoldInLuxembourg": false,
    "OrderUnit": "P",
    "ShortName": "BONI MINI KIP GR 1.5KG",
    "IsNew": false,
    "RecentQuanityOfStockUnits": "1",
    "LongName": "BONI hond Mini kip-groenten 1,5kg",
    "AlcoholVolume": "0",
    "FicCode": "N"
  },
  {
    "productId": "116361",
    "technicalArticleNumber": "3011748",
    "commercialArticleNumber": "133037",
    "name": "snack anti-haarbal",
    "description": "*Voor kat",
    "brand": "BONI",
    "seoBrand": "Boni Selection",
    "thumbNail": "https://static.colruytgroup.com/images/200x200/std.lang.all/96/04/asset-639604.jpg",
    "fullImage": "https://static.colruytgroup.com/images/500x500/std.lang.all/96/04/asset-639604.jpg",
    "squareImage": "https://static.colruytgroup.com/images/500x500sq/std.lang.all/96/04/asset-639604.jpg",
    "content": "60g",
    "walkRouteSequenceNumber": 2548,
    "price": {
      "basicPrice": 0.99,
      "recommendedQuantity": "1.0",
      "measurementUnitPrice": 16.5,
      "measurementUnit": "K",
      "isRedPrice": false,
      "pricePerUOM": 16.5,
      "activationDate": "20-02-2024",
      "recordSource": "Offline",
      "isPromoActive": "N",
      "priceChangeCode": "E"
    },
    "isAvailable": true,
    "isPriceAvailable": true,
    "inPromo": false,
    "gtin": [
      "15400141995630",
      "15400141895763",
      "05400141254242",
      "05400141023886",
      "05400141470840",
      "15400141470847"
    ],
    "topCategoryName": "Huisdieren",
    "topCategoryId": "670",
    "businessDomain": "NON_FOOD",
    "IsPrivateLabel": true,
    "IsBiffe": false,
    "IsWeightArticle": false,
    "RecentQuanityOfStockUnits": "1",
    "LongName": "BONI snack anti-haarbal 60g",
    "IsBio": false,
    "AlcoholVolume": "0",
    "CountryOfOrigin": "BELGIË",
    "FicCode": "N",
    "OrderUnit": "P",
    "ShortName": "BONI ANTI-HAARBAL60G",
    "IsNew": false
  },
  {
    "productId": "859024",
    "technicalArticleNumber": "4709331",
    "commercialArticleNumber": "31773",
    "name": "kat krokantjes kip",
    "description": "*Voor volwassen\nkatten\n*Droge voeding\n*Kip met groenten",
    "brand": "BONI",
    "seoBrand": "Boni Selection",
    "thumbNail": "https://static.colruytgroup.com/images/200x200/std.lang.all/29/28/asset-3352928.jpg",
    "fullImage": "https://static.colruytgroup.com/images/500x500/std.lang.all/29/28/asset-3352928.jpg",
    "squareImage": "https://static.colruytgroup.com/images/500x500sq/std.lang.all/29/28/asset-3352928.jpg",
    "content": "2kg",
    "walkRouteSequenceNumber": 2459,
    "price": {
      "basicPrice": 3.99,
      "recommendedQuantity": "1.0",
      "measurementUnitPrice": 2,
      "measurementUnit": "K",
      "isRedPrice": false,
      "pricePerUOM": 2,
      "activationDate": "15-03-2024",
      "recordSource": "Offline",
      "isPromoActive": "N",
      "priceChangeCode": "H"
    },
    "isAvailable": true,
    "isPriceAvailable": true,
    "inPromo": false,
    "gtin": [
      "15400141477198",
      "05400141477191"
    ],
    "topCategoryName": "Huisdieren",
    "topCategoryId": "670",
    "businessDomain": "RETAIL_BE",
    "IsPrivateLabel": true,
    "IsBiffe": false,
    "WeightconversionFactor": "0",
    "IsWeightArticle": false,
    "IsBio": false,
    "CountryOfOrigin": "NEDERLAND",
    "IsExclusivelySoldInLuxembourg": false,
    "OrderUnit": "P",
    "ShortName": "BONI KAT KIP 2KG",
    "IsNew": false,
    "RecentQuanityOfStockUnits": "1",
    "LongName": "BONI kat krokantjes kip 2kg",
    "FicCode": "N"
  },
  {
    "productId": "106078",
    "technicalArticleNumber": "3128883",
    "commercialArticleNumber": "13586",
    "name": "Sterilcat rund",
    "description": "*Voor\ngesteriliseerde\nkatten\n*Droge voeding\n*Rundsvlees",
    "brand": "PURINA ONE",
    "seoBrand": "Purina One",
    "thumbNail": "https://static.colruytgroup.com/images/200x200/std.lang.all/86/31/asset-1758631.jpg",
    "fullImage": "https://static.colruytgroup.com/images/500x500/std.lang.all/86/31/asset-1758631.jpg",
    "squareImage": "https://static.colruytgroup.com/images/500x500sq/std.lang.all/86/31/asset-1758631.jpg",
    "content": "3kg",
    "walkRouteSequenceNumber": 2429,
    "price": {
      "basicPrice": 18.71,
      "recommendedQuantity": "1.0",
      "measurementUnitPrice": 6.24,
      "measurementUnit": "K",
      "isRedPrice": false,
      "pricePerUOM": 6.24,
      "activationDate": "20-02-2024",
      "recordSource": "Offline",
      "isPromoActive": "N",
      "priceChangeCode": "H"
    },
    "isAvailable": true,
    "isPriceAvailable": true,
    "inPromo": false,
    "gtin": [
      "07613033746567",
      "07613035611627",
      "07613035611610",
      "07613033746574"
    ],
    "topCategoryName": "Huisdieren",
    "topCategoryId": "670",
    "businessDomain": "RETAIL_BE",
    "IsPrivateLabel": false,
    "IsBiffe": false,
    "WeightconversionFactor": "0",
    "IsWeightArticle": false,
    "IsBio": false,
    "CountryOfOrigin": "BELGIË",
    "IsExclusivelySoldInLuxembourg": false,
    "OrderUnit": "P",
    "ShortName": "ONE STERIL RUND 3KG",
    "IsNew": false,
    "RecentQuanityOfStockUnits": "1",
    "LongName": "PURINA ONE Sterilcat rund 3kg",
    "AlcoholVolume": "0",
    "FicCode": "N"
  },
  {
    "productId": "757573",
    "technicalArticleNumber": "4534008",
    "commercialArticleNumber": "18173",
    "name": "countryside select. gelei",
    "brand": "FELIX",
    "seoBrand": "Felix",
    "thumbNail": "https://static.colruytgroup.com/images/200x200/std.lang.all/69/04/asset-2706904.jpg",
    "fullImage": "https://static.colruytgroup.com/images/500x500/std.lang.all/69/04/asset-2706904.jpg",
    "squareImage": "https://static.colruytgroup.com/images/500x500sq/std.lang.all/69/04/asset-2706904.jpg",
    "content": "12x85g",
    "walkRouteSequenceNumber": 2362,
    "price": {
      "basicPrice": 4.59,
      "recommendedQuantity": "1.0",
      "measurementUnitPrice": 4.5,
      "measurementUnit": "K",
      "isRedPrice": false,
      "pricePerUOM": 4.5,
      "activationDate": "04-03-2024",
      "recordSource": "Offline",
      "isPromoActive": "N",
      "priceChangeCode": "E"
    },
    "isAvailable": true,
    "isPriceAvailable": true,
    "inPromo": false,
    "gtin": [
      "07613287333162",
      "07613287333155"
    ],
    "topCategoryName": "Huisdieren",
    "topCategoryId": "670",
    "businessDomain": "RETAIL_BE",
    "IsPrivateLabel": false,
    "IsBiffe": false,
    "WeightconversionFactor": "0",
    "IsWeightArticle": false,
    "IsBio": false,
    "CountryOfOrigin": "FRANKRIJK",
    "IsExclusivelySoldInLuxembourg": false,
    "OrderUnit": "P",
    "ShortName": "FELI CAT.SEL/COU.12X85G",
    "IsNew": false,
    "RecentQuanityOfStockUnits": "1",
    "LongName": "FELIX countryside select. gelei 12x85g",
    "FicCode": "N"
  },
  {
    "productId": "47173",
    "technicalArticleNumber": "2510065",
    "commercialArticleNumber": "819171",
    "name": "markies",
    "description": "*Voor hond\n*Met mergvulling",
    "brand": "PEDIGREE",
    "seoBrand": "Pedigree Markies",
    "thumbNail": "https://static.colruytgroup.com/images/200x200/std.lang.all/50/07/asset-575007.jpg",
    "fullImage": "https://static.colruytgroup.com/images/500x500/std.lang.all/50/07/asset-575007.jpg",
    "squareImage": "https://static.colruytgroup.com/images/500x500sq/std.lang.all/50/07/asset-575007.jpg",
    "content": "500g",
    "walkRouteSequenceNumber": 2609,
    "price": {
      "basicPrice": 2.99,
      "recommendedQuantity": "1.0",
      "measurementUnitPrice": 5.98,
      "measurementUnit": "K",
      "isRedPrice": false,
      "pricePerUOM": 5.98,
      "activationDate": "20-02-2024",
      "recordSource": "Offline",
      "isPromoActive": "N",
      "priceChangeCode": "E"
    },
    "isAvailable": true,
    "isPriceAvailable": true,
    "inPromo": false,
    "gtin": [
      "05010394004183",
      "05010394009485",
      "05410216230132",
      "05010394996587",
      "05010394999717",
      "05010394021104"
    ],
    "topCategoryName": "Huisdieren",
    "topCategoryId": "670",
    "businessDomain": "NON_FOOD",
    "IsPrivateLabel": false,
    "IsBiffe": false,
    "IsWeightArticle": false,
    "RecentQuanityOfStockUnits": "1",
    "LongName": "PEDIGREE markies 500g",
    "IsBio": false,
    "AlcoholVolume": "0",
    "CountryOfOrigin": "BELGIË",
    "FicCode": "N",
    "OrderUnit": "P",
    "ShortName": "PEDIGR.MARKIES 500G VLE",
    "IsNew": false
  },
  {
    "productId": "858988",
    "technicalArticleNumber": "4709288",
    "commercialArticleNumber": "31754",
    "name": "droge korrels hond",
    "description": "* Voor honden",
    "brand": "EVERYDAY",
    "seoBrand": "Everyday",
    "thumbNail": "https://static.colruytgroup.com/images/200x200/std.lang.all/21/97/asset-3342197.jpg",
    "fullImage": "https://static.colruytgroup.com/images/500x500/std.lang.all/21/97/asset-3342197.jpg",
    "squareImage": "https://static.colruytgroup.com/images/500x500sq/std.lang.all/21/97/asset-3342197.jpg",
    "content": "15kg",
    "walkRouteSequenceNumber": 2768,
    "price": {
      "basicPrice": 13.48,
      "recommendedQuantity": "1.0",
      "measurementUnitPrice": 0.9,
      "measurementUnit": "K",
      "isRedPrice": false,
      "pricePerUOM": 0.9,
      "activationDate": "22-03-2024",
      "recordSource": "Offline",
      "isPromoActive": "N",
      "priceChangeCode": "H"
    },
    "isAvailable": true,
    "isPriceAvailable": true,
    "inPromo": false,
    "gtin": [
      "05400141479720"
    ],
    "topCategoryName": "Huisdieren",
    "topCategoryId": "670",
    "businessDomain": "RETAIL_BE",
    "IsPrivateLabel": true,
    "IsBiffe": false,
    "WeightconversionFactor": "0",
    "IsWeightArticle": false,
    "IsBio": false,
    "CountryOfOrigin": "NEDERLAND",
    "IsExclusivelySoldInLuxembourg": false,
    "OrderUnit": "P",
    "ShortName": "EVD KROKANTJES HOND 15K",
    "IsNew": false,
    "RecentQuanityOfStockUnits": "1",
    "LongName": "EVERYDAY droge korrels hond 15kg",
    "AlcoholVolume": "0",
    "FicCode": "N"
  },
  {
    "productId": "136290",
    "technicalArticleNumber": "3142342",
    "commercialArticleNumber": "44007",
    "name": "hond terrine gevogel.-groenten",
    "description": "*Voor honden\n*Terrine\n*4% gevogelte,\n4% groenten",
    "brand": "BONI",
    "seoBrand": "Boni Selection",
    "thumbNail": "https://static.colruytgroup.com/images/200x200/nl_be/27/74/asset-3332774.jpg",
    "fullImage": "https://static.colruytgroup.com/images/500x500/nl_be/27/74/asset-3332774.jpg",
    "squareImage": "https://static.colruytgroup.com/images/500x500sq/nl_be/27/74/asset-3332774.jpg",
    "content": "400g",
    "walkRouteSequenceNumber": 2758,
    "price": {
      "basicPrice": 0.99,
      "recommendedQuantity": "1.0",
      "measurementUnitPrice": 2.48,
      "measurementUnit": "K",
      "isRedPrice": false,
      "pricePerUOM": 2.48,
      "activationDate": "17-02-2024",
      "recordSource": "Offline",
      "isPromoActive": "N",
      "priceChangeCode": "E"
    },
    "isAvailable": true,
    "isPriceAvailable": true,
    "inPromo": false,
    "gtin": [
      "15400141338369",
      "15400141871897",
      "05400141338362",
      "05400141163438",
      "05400141255058",
      "05400141163452",
      "15400141290629"
    ],
    "topCategoryName": "Huisdieren",
    "topCategoryId": "670",
    "businessDomain": "RETAIL_BE",
    "IsPrivateLabel": true,
    "IsBiffe": false,
    "WeightconversionFactor": "0",
    "IsWeightArticle": false,
    "IsBio": false,
    "CountryOfOrigin": "NEDERLAND",
    "IsExclusivelySoldInLuxembourg": false,
    "OrderUnit": "P",
    "ShortName": "BONI TERR KIP GROEN 400",
    "IsNew": false,
    "RecentQuanityOfStockUnits": "1,12",
    "LongName": "BONI hond terrine gevogel.-groenten 400g",
    "AlcoholVolume": "0",
    "FicCode": "N"
  },
  {
    "productId": "55389",
    "technicalArticleNumber": "2388302",
    "commercialArticleNumber": "819112",
    "name": "Slices gevogelte",
    "description": "*Voor hond",
    "brand": "BONI",
    "seoBrand": "Boni Selection",
    "thumbNail": "https://static.colruytgroup.com/images/200x200/std.lang.all/56/20/asset-685620.jpg",
    "fullImage": "https://static.colruytgroup.com/images/500x500/std.lang.all/56/20/asset-685620.jpg",
    "squareImage": "https://static.colruytgroup.com/images/500x500sq/std.lang.all/56/20/asset-685620.jpg",
    "content": "20x10g",
    "walkRouteSequenceNumber": 2657,
    "price": {
      "basicPrice": 1.85,
      "recommendedQuantity": "1.0",
      "measurementUnitPrice": 9.25,
      "measurementUnit": "K",
      "isRedPrice": false,
      "pricePerUOM": 9.25,
      "activationDate": "09-03-2024",
      "recordSource": "Online",
      "isPromoActive": "N",
      "priceChangeCode": "E"
    },
    "isAvailable": true,
    "isPriceAvailable": true,
    "inPromo": false,
    "gtin": [
      "15400141995661",
      "05400141011401",
      "05400141011791",
      "05400141023961",
      "05400141117936",
      "05400141254303",
      "15400141003427",
      "15400141011798",
      "15400141117933",
      "15400141895008",
      "05400141470819",
      "15400141470816"
    ],
    "topCategoryName": "Huisdieren",
    "topCategoryId": "670",
    "businessDomain": "NON_FOOD",
    "IsPrivateLabel": true,
    "IsBiffe": false,
    "IsWeightArticle": false,
    "RecentQuanityOfStockUnits": "1,1,15",
    "LongName": "BONI Slices gevogelte 20x10g",
    "IsBio": false,
    "AlcoholVolume": "0",
    "CountryOfOrigin": "BELGIË",
    "FicCode": "N",
    "OrderUnit": "P",
    "ShortName": "BONI SNACK GEVOGELTE",
    "IsNew": false
  },
  {
    "productId": "12347",
    "technicalArticleNumber": "1310092",
    "commercialArticleNumber": "9534",
    "name": "krokantjes voor honden",
    "description": "*Voor volwassen\nhonden\n*Droge voeding\n*Varkensvlees,\ngevogelte, rund",
    "brand": "EVERYDAY",
    "seoBrand": "Everyday",
    "thumbNail": "https://static.colruytgroup.com/images/200x200/std.lang.all/00/10/asset-3340010.jpg",
    "fullImage": "https://static.colruytgroup.com/images/500x500/std.lang.all/00/10/asset-3340010.jpg",
    "squareImage": "https://static.colruytgroup.com/images/500x500sq/std.lang.all/00/10/asset-3340010.jpg",
    "content": "5kg",
    "walkRouteSequenceNumber": 2769,
    "price": {
      "basicPrice": 4.98,
      "recommendedQuantity": "1.0",
      "measurementUnitPrice": 1,
      "measurementUnit": "K",
      "isRedPrice": false,
      "pricePerUOM": 1,
      "activationDate": "13-03-2024",
      "recordSource": "Offline",
      "isPromoActive": "N",
      "priceChangeCode": "L"
    },
    "isAvailable": true,
    "isPriceAvailable": true,
    "inPromo": false,
    "gtin": [
      "05400141218961",
      "05400141266290",
      "05400141350708",
      "05400141022193",
      "05400141028157",
      "05400141728217",
      "05400141995343"
    ],
    "topCategoryName": "Huisdieren",
    "topCategoryId": "670",
    "businessDomain": "RETAIL_BE",
    "IsPrivateLabel": true,
    "IsBiffe": false,
    "WeightconversionFactor": "0",
    "IsWeightArticle": false,
    "IsBio": false,
    "CountryOfOrigin": "NEDERLAND",
    "IsExclusivelySoldInLuxembourg": false,
    "OrderUnit": "P",
    "ShortName": "EVD KROKANTJES HOND 5K.",
    "IsNew": false,
    "RecentQuanityOfStockUnits": "1,1",
    "LongName": "EVERYDAY krokantjes voor honden 5kg",
    "AlcoholVolume": "0",
    "FicCode": "N"
  },
  {
    "productId": "307104",
    "technicalArticleNumber": "3743695",
    "commercialArticleNumber": "13716",
    "name": "Dry tonijn 1+",
    "description": "*1+ jaar\n*Droge voeding\n*Tonijn",
    "brand": "WHISKAS",
    "seoBrand": "Whiskas",
    "thumbNail": "https://static.colruytgroup.com/images/200x200/std.lang.all/62/81/asset-3176281.jpg",
    "fullImage": "https://static.colruytgroup.com/images/500x500/std.lang.all/62/81/asset-3176281.jpg",
    "squareImage": "https://static.colruytgroup.com/images/500x500sq/std.lang.all/62/81/asset-3176281.jpg",
    "content": "1,9kg",
    "walkRouteSequenceNumber": 2468,
    "price": {
      "basicPrice": 6.89,
      "recommendedQuantity": "1.0",
      "measurementUnitPrice": 3.63,
      "measurementUnit": "K",
      "isRedPrice": false,
      "pricePerUOM": 3.63,
      "activationDate": "08-02-2024",
      "recordSource": "Offline",
      "isPromoActive": "N",
      "priceChangeCode": "H"
    },
    "isAvailable": true,
    "isPriceAvailable": true,
    "inPromo": false,
    "gtin": [
      "05900951267758",
      "05900951267741"
    ],
    "topCategoryName": "Huisdieren",
    "topCategoryId": "670",
    "businessDomain": "RETAIL_BE",
    "IsPrivateLabel": false,
    "IsBiffe": false,
    "WeightconversionFactor": "0",
    "IsWeightArticle": false,
    "IsBio": false,
    "CountryOfOrigin": "POLEN",
    "IsExclusivelySoldInLuxembourg": false,
    "OrderUnit": "P",
    "ShortName": "WHIS DRY TONIJN 1+ 1.9K",
    "IsNew": false,
    "RecentQuanityOfStockUnits": "1,6",
    "LongName": "WHISKAS Dry tonijn 1+ 1,9kg",
    "AlcoholVolume": "0",
    "FicCode": "N"
  },
  {
    "productId": "757577",
    "technicalArticleNumber": "4534012",
    "commercialArticleNumber": "18553",
    "name": "senior",
    "brand": "FELIX",
    "seoBrand": "Felix",
    "thumbNail": "https://static.colruytgroup.com/images/200x200/std.lang.all/69/05/asset-2706905.jpg",
    "fullImage": "https://static.colruytgroup.com/images/500x500/std.lang.all/69/05/asset-2706905.jpg",
    "squareImage": "https://static.colruytgroup.com/images/500x500sq/std.lang.all/69/05/asset-2706905.jpg",
    "content": "12x85g",
    "walkRouteSequenceNumber": 2356,
    "price": {
      "basicPrice": 6.65,
      "recommendedQuantity": "1.0",
      "measurementUnitPrice": 6.52,
      "measurementUnit": "K",
      "isRedPrice": false,
      "pricePerUOM": 6.52,
      "activationDate": "05-03-2024",
      "recordSource": "Offline",
      "isPromoActive": "N",
      "priceChangeCode": "H"
    },
    "isAvailable": true,
    "isPriceAvailable": true,
    "inPromo": false,
    "gtin": [
      "07613287333377"
    ],
    "topCategoryName": "Huisdieren",
    "topCategoryId": "670",
    "businessDomain": "RETAIL_BE",
    "IsPrivateLabel": false,
    "IsBiffe": false,
    "WeightconversionFactor": "0",
    "IsWeightArticle": false,
    "IsBio": false,
    "CountryOfOrigin": "FRANKRIJK",
    "IsExclusivelySoldInLuxembourg": false,
    "OrderUnit": "P",
    "ShortName": "FELI SENIOR 12X85G",
    "IsNew": false,
    "RecentQuanityOfStockUnits": "1,6",
    "LongName": "FELIX senior 12x85g",
    "FicCode": "E"
  },
  {
    "productId": "757645",
    "technicalArticleNumber": "4534346",
    "commercialArticleNumber": "19007",
    "name": "reepjes mals Campagne gelei",
    "description": "*Kattenvoeding\n*Natte voeding\n*Rundsvlees",
    "brand": "FELIX",
    "seoBrand": "Felix",
    "thumbNail": "https://static.colruytgroup.com/images/200x200/std.lang.all/75/92/asset-2707592.jpg",
    "fullImage": "https://static.colruytgroup.com/images/500x500/std.lang.all/75/92/asset-2707592.jpg",
    "squareImage": "https://static.colruytgroup.com/images/500x500sq/std.lang.all/75/92/asset-2707592.jpg",
    "content": "12x85g",
    "walkRouteSequenceNumber": 2363,
    "price": {
      "basicPrice": 6.65,
      "recommendedQuantity": "1.0",
      "measurementUnitPrice": 6.52,
      "measurementUnit": "K",
      "isRedPrice": false,
      "pricePerUOM": 6.52,
      "activationDate": "05-03-2024",
      "recordSource": "Offline",
      "isPromoActive": "N",
      "priceChangeCode": "H"
    },
    "isAvailable": true,
    "isPriceAvailable": true,
    "inPromo": false,
    "gtin": [
      "07613287328557",
      "07613287328564"
    ],
    "topCategoryName": "Huisdieren",
    "topCategoryId": "670",
    "businessDomain": "RETAIL_BE",
    "IsPrivateLabel": false,
    "IsBiffe": false,
    "WeightconversionFactor": "0",
    "IsWeightArticle": false,
    "IsBio": false,
    "CountryOfOrigin": "FRANKRIJK",
    "IsExclusivelySoldInLuxembourg": false,
    "OrderUnit": "P",
    "ShortName": "FELI REEP VLE GEL12X85G",
    "IsNew": false,
    "RecentQuanityOfStockUnits": "1",
    "LongName": "FELIX reepjes mals Campagne gelei 12x85g",
    "FicCode": "E"
  },
  {
    "productId": "284275",
    "technicalArticleNumber": "3665460",
    "commercialArticleNumber": "133271",
    "name": "Party Mix Seaside Mix",
    "description": "*Voor kat\n*Met zalm-, koolvis\nen forelsmaak",
    "brand": "FELIX",
    "seoBrand": "Purina Felix",
    "thumbNail": "https://static.colruytgroup.com/images/200x200/std.lang.all/44/15/asset-1184415.jpg",
    "fullImage": "https://static.colruytgroup.com/images/500x500/std.lang.all/44/15/asset-1184415.jpg",
    "squareImage": "https://static.colruytgroup.com/images/500x500sq/std.lang.all/44/15/asset-1184415.jpg",
    "content": "200g",
    "walkRouteSequenceNumber": 2551,
    "price": {
      "basicPrice": 4.69,
      "recommendedQuantity": "1.0",
      "measurementUnitPrice": 23.45,
      "measurementUnit": "K",
      "isRedPrice": false,
      "pricePerUOM": 23.45,
      "activationDate": "13-03-2024",
      "recordSource": "Offline",
      "isPromoActive": "N",
      "priceChangeCode": "H"
    },
    "isAvailable": true,
    "isPriceAvailable": true,
    "inPromo": true,
    "promotion": [
      {
        "techPromoId": "100931COLR",
        "promotionId": "100931",
        "promotionType": "3",
        "isPersonalized": "N",
        "publicationStartDate": "13-03-2024",
        "publicationEndDate": "26-03-2024"
      }
    ],
    "gtin": [
      "07613035940833",
      "07613035939882"
    ],
    "topCategoryName": "Huisdieren",
    "topCategoryId": "670",
    "businessDomain": "NON_FOOD",
    "IsPrivateLabel": false,
    "IsBiffe": false,
    "IsWeightArticle": false,
    "RecentQuanityOfStockUnits": "1,5",
    "LongName": "FELIX Party Mix Seaside Mix 200g",
    "IsBio": false,
    "CountryOfOrigin": "DUITSLAND",
    "FicCode": "N",
    "OrderUnit": "P",
    "ShortName": "FELIX PARTY MIX SEASIDE",
    "IsNew": false
  },
  {
    "productId": "859020",
    "technicalArticleNumber": "4709327",
    "commercialArticleNumber": "31772",
    "name": "kat krokantjes rund",
    "description": "*Voor volwassen\nkatten\n*Droge voeding\n*Rund met wortels",
    "brand": "BONI",
    "seoBrand": "Boni Selection",
    "thumbNail": "https://static.colruytgroup.com/images/200x200/std.lang.all/85/94/asset-3328594.jpg",
    "fullImage": "https://static.colruytgroup.com/images/500x500/std.lang.all/85/94/asset-3328594.jpg",
    "squareImage": "https://static.colruytgroup.com/images/500x500sq/std.lang.all/85/94/asset-3328594.jpg",
    "content": "2kg",
    "walkRouteSequenceNumber": 2456,
    "price": {
      "basicPrice": 3.98,
      "recommendedQuantity": "1.0",
      "quantityPrice": 2.66,
      "quantityPriceQuantity": "3.0",
      "measurementUnitPrice": 1.99,
      "measurementUnitQuantityPrice": 1.33,
      "measurementUnit": "K",
      "isRedPrice": false,
      "pricePerUOM": 1.99,
      "activationDate": "20-03-2024",
      "recordSource": "Offline",
      "isPromoActive": "N",
      "priceChangeCode": "E",
      "quantityPricePerUOM": 1.33,
      "quantityActivationDate": "20-03-2024",
      "quantityPriceChangeCode": "E"
    },
    "isAvailable": true,
    "isPriceAvailable": true,
    "inPromo": false,
    "gtin": [
      "15400141477204",
      "05400141477207"
    ],
    "topCategoryName": "Huisdieren",
    "topCategoryId": "670",
    "businessDomain": "RETAIL_BE",
    "IsPrivateLabel": true,
    "IsBiffe": false,
    "WeightconversionFactor": "0",
    "IsWeightArticle": false,
    "IsBio": false,
    "CountryOfOrigin": "NEDERLAND",
    "IsExclusivelySoldInLuxembourg": false,
    "OrderUnit": "P",
    "ShortName": "BONI KAT BEEF 2KG",
    "IsNew": false,
    "RecentQuanityOfStockUnits": "1",
    "LongName": "BONI kat krokantjes rund 2kg",
    "FicCode": "N"
  },
  {
    "productId": "552",
    "technicalArticleNumber": "9516",
    "commercialArticleNumber": "9516",
    "name": "Classics kip vlootje",
    "description": "*Voor honden tot\n10 kg\n*Terrine\n*Kip",
    "brand": "CESAR",
    "seoBrand": "Cesar",
    "thumbNail": "https://static.colruytgroup.com/images/200x200/std.lang.all/17/29/asset-2371729.jpg",
    "fullImage": "https://static.colruytgroup.com/images/500x500/std.lang.all/17/29/asset-2371729.jpg",
    "squareImage": "https://static.colruytgroup.com/images/500x500sq/std.lang.all/17/29/asset-2371729.jpg",
    "content": "300g",
    "walkRouteSequenceNumber": 2786,
    "price": {
      "basicPrice": 2.3,
      "recommendedQuantity": "1.0",
      "measurementUnitPrice": 7.67,
      "measurementUnit": "K",
      "isRedPrice": false,
      "pricePerUOM": 7.67,
      "activationDate": "16-03-2024",
      "recordSource": "Offline",
      "isPromoActive": "N",
      "priceChangeCode": "H"
    },
    "isAvailable": true,
    "isPriceAvailable": true,
    "inPromo": false,
    "gtin": [
      "15400141618454",
      "00000025095166",
      "03065890002111",
      "05400141095166",
      "45400141277508",
      "03065890135994",
      "03065890136007"
    ],
    "topCategoryName": "Huisdieren",
    "topCategoryId": "670",
    "businessDomain": "RETAIL_BE",
    "IsPrivateLabel": false,
    "IsBiffe": false,
    "WeightconversionFactor": "0",
    "IsWeightArticle": false,
    "IsBio": false,
    "CountryOfOrigin": "DUITSLAND",
    "IsExclusivelySoldInLuxembourg": false,
    "OrderUnit": "P",
    "ShortName": "CESA CLASS.KIP 300G",
    "IsNew": false,
    "RecentQuanityOfStockUnits": "4,1,20",
    "LongName": "CESAR Classics kip vlootje 300g",
    "AlcoholVolume": "0",
    "FicCode": "N"
  },
  {
    "productId": "782418",
    "technicalArticleNumber": "4579519",
    "commercialArticleNumber": "1507",
    "name": "kat vlees&vis in jelly ASC",
    "description": "*Vlees & vis in\njelly\n*48x100g\n*Voor volwassen\nkatten",
    "brand": "BONI",
    "seoBrand": "Boni Selection",
    "thumbNail": "https://static.colruytgroup.com/images/200x200/std.lang.all/27/62/asset-3332762.jpg",
    "fullImage": "https://static.colruytgroup.com/images/500x500/std.lang.all/27/62/asset-3332762.jpg",
    "squareImage": "https://static.colruytgroup.com/images/500x500sq/std.lang.all/27/62/asset-3332762.jpg",
    "content": "48x100g",
    "walkRouteSequenceNumber": 2368,
    "price": {
      "basicPrice": 17.58,
      "recommendedQuantity": "1.0",
      "measurementUnitPrice": 3.67,
      "measurementUnit": "K",
      "isRedPrice": false,
      "pricePerUOM": 3.67,
      "activationDate": "19-03-2024",
      "recordSource": "Offline",
      "isPromoActive": "N",
      "priceChangeCode": "H"
    },
    "isAvailable": true,
    "isPriceAvailable": true,
    "inPromo": false,
    "gtin": [
      "05400141718157"
    ],
    "topCategoryName": "Huisdieren",
    "topCategoryId": "670",
    "businessDomain": "RETAIL_BE",
    "IsPrivateLabel": true,
    "IsBiffe": false,
    "WeightconversionFactor": "0",
    "IsWeightArticle": false,
    "IsBio": false,
    "CountryOfOrigin": "NEDERLAND",
    "IsExclusivelySoldInLuxembourg": false,
    "OrderUnit": "P",
    "ShortName": "BONI VLE&VIS JEL48X100G",
    "IsNew": false,
    "RecentQuanityOfStockUnits": "1",
    "LongName": "BONI kat vlees&vis in jelly ASC 48x100g",
    "FicCode": "N"
  },
  {
    "productId": "119036",
    "technicalArticleNumber": "3001386",
    "commercialArticleNumber": "133024",
    "name": "Strooivoer voor vogels",
    "description": "*Voor vogels",
    "brand": "YANA",
    "seoBrand": "Yana",
    "thumbNail": "https://static.colruytgroup.com/images/200x200/std.lang.all/31/21/asset-2943121.jpg",
    "fullImage": "https://static.colruytgroup.com/images/500x500/std.lang.all/31/21/asset-2943121.jpg",
    "squareImage": "https://static.colruytgroup.com/images/500x500sq/std.lang.all/31/21/asset-2943121.jpg",
    "content": "900+100g",
    "walkRouteSequenceNumber": 2508,
    "price": {
      "basicPrice": 3.19,
      "recommendedQuantity": "1.0",
      "measurementUnitPrice": 3.19,
      "measurementUnit": "K",
      "isRedPrice": false,
      "pricePerUOM": 3.19,
      "activationDate": "03-06-2023",
      "isPromoActive": "N",
      "priceChangeCode": "E"
    },
    "isAvailable": true,
    "isPriceAvailable": true,
    "inPromo": false,
    "gtin": [
      "05411468113594",
      "15411468113591"
    ],
    "topCategoryName": "Huisdieren",
    "topCategoryId": "670",
    "businessDomain": "NON_FOOD",
    "IsPrivateLabel": false,
    "IsBiffe": false,
    "IsWeightArticle": false,
    "RecentQuanityOfStockUnits": "1",
    "LongName": "YANA Strooivoer voor vogels 900+100g",
    "IsBio": false,
    "CountryOfOrigin": "BELGIË",
    "FicCode": "N",
    "OrderUnit": "P",
    "ShortName": "YANA STROOIV. 900+100G",
    "IsNew": false
  },
  {
    "productId": "116779",
    "technicalArticleNumber": "3085166",
    "commercialArticleNumber": "133078",
    "name": "snacks vr honden Soft Mix",
    "description": "*Voor hond",
    "brand": "SOFTIEZZ",
    "seoBrand": "Softiezz",
    "thumbNail": "https://static.colruytgroup.com/images/200x200/std.lang.all/11/48/asset-371148.jpg",
    "fullImage": "https://static.colruytgroup.com/images/500x500/std.lang.all/11/48/asset-371148.jpg",
    "squareImage": "https://static.colruytgroup.com/images/500x500sq/std.lang.all/11/48/asset-371148.jpg",
    "content": "500g",
    "walkRouteSequenceNumber": 2623,
    "price": {
      "basicPrice": 4.29,
      "recommendedQuantity": "1.0",
      "measurementUnitPrice": 8.58,
      "measurementUnit": "K",
      "isRedPrice": false,
      "pricePerUOM": 8.58,
      "activationDate": "10-11-2022",
      "isPromoActive": "N",
      "priceChangeCode": "E"
    },
    "isAvailable": true,
    "isPriceAvailable": true,
    "inPromo": false,
    "gtin": [
      "05425007381054",
      "05425007381047"
    ],
    "topCategoryName": "Huisdieren",
    "topCategoryId": "670",
    "businessDomain": "NON_FOOD",
    "IsPrivateLabel": false,
    "IsBiffe": false,
    "IsWeightArticle": false,
    "RecentQuanityOfStockUnits": "1",
    "LongName": "SOFTIEZZ snacks vr honden Soft Mix 500g",
    "IsBio": false,
    "CountryOfOrigin": "BELGIË",
    "FicCode": "N",
    "OrderUnit": "P",
    "ShortName": "SOFTIEZZ MIX SEMI MOIS",
    "IsNew": false
  },
  {
    "productId": "91168",
    "technicalArticleNumber": "2903918",
    "commercialArticleNumber": "17869",
    "name": "Sterilcat zalm",
    "description": "*Voor gesteriliseerde katten\n*Droge voeding\n*Zalm",
    "brand": "PURINA ONE",
    "seoBrand": "Purina One",
    "thumbNail": "https://static.colruytgroup.com/images/200x200/std.lang.all/83/39/asset-978339.jpg",
    "fullImage": "https://static.colruytgroup.com/images/500x500/std.lang.all/83/39/asset-978339.jpg",
    "squareImage": "https://static.colruytgroup.com/images/500x500sq/std.lang.all/83/39/asset-978339.jpg",
    "content": "800g",
    "walkRouteSequenceNumber": 2379,
    "price": {
      "basicPrice": 6.85,
      "recommendedQuantity": "2.0",
      "measurementUnitPrice": 8.57,
      "measurementUnit": "K",
      "isRedPrice": false,
      "pricePerUOM": 8.57,
      "activationDate": "14-03-2024",
      "recordSource": "Offline",
      "isPromoActive": "N",
      "priceChangeCode": "L"
    },
    "isAvailable": true,
    "isPriceAvailable": true,
    "inPromo": false,
    "gtin": [
      "07613035614550",
      "07613033505973",
      "05400141124736",
      "07613035614567"
    ],
    "topCategoryName": "Huisdieren",
    "topCategoryId": "670",
    "businessDomain": "RETAIL_BE",
    "IsPrivateLabel": false,
    "IsBiffe": false,
    "WeightconversionFactor": "0",
    "IsWeightArticle": false,
    "IsBio": false,
    "CountryOfOrigin": "ITALIË",
    "IsExclusivelySoldInLuxembourg": false,
    "OrderUnit": "P",
    "ShortName": "ONE STERILCAT ZALM 800G",
    "IsNew": false,
    "RecentQuanityOfStockUnits": "2,1",
    "LongName": "PURINA ONE Sterilcat zalm 800g",
    "AlcoholVolume": "0",
    "FicCode": "N"
  },
  {
    "productId": "87749",
    "technicalArticleNumber": "2953575",
    "commercialArticleNumber": "1929",
    "name": "Sterilcat kip",
    "description": "*Voor\ngesteriliseerde\nkatten\n*Droge voeding\n*Kip en tarwe",
    "brand": "PURINA ONE",
    "seoBrand": "Purina One",
    "thumbNail": "https://static.colruytgroup.com/images/200x200/std.lang.all/91/65/asset-1759165.jpg",
    "fullImage": "https://static.colruytgroup.com/images/500x500/std.lang.all/91/65/asset-1759165.jpg",
    "squareImage": "https://static.colruytgroup.com/images/500x500sq/std.lang.all/91/65/asset-1759165.jpg",
    "content": "800g",
    "walkRouteSequenceNumber": 2386,
    "price": {
      "basicPrice": 6.85,
      "recommendedQuantity": "2.0",
      "measurementUnitPrice": 8.57,
      "measurementUnit": "K",
      "isRedPrice": false,
      "pricePerUOM": 8.57,
      "activationDate": "20-02-2024",
      "recordSource": "Offline",
      "isPromoActive": "N",
      "priceChangeCode": "H"
    },
    "isAvailable": true,
    "isPriceAvailable": true,
    "inPromo": false,
    "gtin": [
      "07613034209955",
      "07613035612983",
      "07613035612976",
      "05400141124729"
    ],
    "topCategoryName": "Huisdieren",
    "topCategoryId": "670",
    "businessDomain": "RETAIL_BE",
    "IsPrivateLabel": false,
    "IsBiffe": false,
    "WeightconversionFactor": "0",
    "IsWeightArticle": false,
    "IsBio": false,
    "CountryOfOrigin": "FRANKRIJK",
    "IsExclusivelySoldInLuxembourg": false,
    "OrderUnit": "P",
    "ShortName": "ONE STERILCAT KIP 800GR",
    "IsNew": false,
    "RecentQuanityOfStockUnits": "2,1",
    "LongName": "PURINA ONE Sterilcat kip 800g",
    "AlcoholVolume": "0",
    "FicCode": "N"
  },
  {
    "productId": "136283",
    "technicalArticleNumber": "3142325",
    "commercialArticleNumber": "44006",
    "name": "hond terrine rund-groenten",
    "description": "*Voor volwassen\nhonden\n*Terrine\n*4% rund,\n4% groenten",
    "brand": "BONI",
    "seoBrand": "Boni Selection",
    "thumbNail": "https://static.colruytgroup.com/images/200x200/nl_be/27/73/asset-3332773.jpg",
    "fullImage": "https://static.colruytgroup.com/images/500x500/nl_be/27/73/asset-3332773.jpg",
    "squareImage": "https://static.colruytgroup.com/images/500x500sq/nl_be/27/73/asset-3332773.jpg",
    "content": "400g",
    "walkRouteSequenceNumber": 2759,
    "price": {
      "basicPrice": 1.09,
      "recommendedQuantity": "1.0",
      "measurementUnitPrice": 2.73,
      "measurementUnit": "K",
      "isRedPrice": false,
      "pricePerUOM": 2.73,
      "activationDate": "01-12-2023",
      "recordSource": "Offline",
      "isPromoActive": "N",
      "priceChangeCode": "L"
    },
    "isAvailable": true,
    "isPriceAvailable": true,
    "inPromo": false,
    "gtin": [
      "15400141290612",
      "05400141163407",
      "05400141254501",
      "05400141290615",
      "15400141895237"
    ],
    "topCategoryName": "Huisdieren",
    "topCategoryId": "670",
    "businessDomain": "RETAIL_BE",
    "IsPrivateLabel": true,
    "IsBiffe": false,
    "WeightconversionFactor": "0",
    "IsWeightArticle": false,
    "IsBio": false,
    "CountryOfOrigin": "NEDERLAND",
    "IsExclusivelySoldInLuxembourg": false,
    "OrderUnit": "P",
    "ShortName": "BONI TERR.RUND-GR 400G",
    "IsNew": false,
    "RecentQuanityOfStockUnits": "12,1",
    "LongName": "BONI hond terrine rund-groenten 400g",
    "AlcoholVolume": "0",
    "FicCode": "N"
  },
  {
    "productId": "885354",
    "technicalArticleNumber": "4744290",
    "commercialArticleNumber": "32549",
    "name": "Senior 11+",
    "description": "*Voor volwasssen\nkatten 11+\n*Natte voeding",
    "brand": "PERFECT FIT",
    "seoBrand": "Perfect Fit",
    "thumbNail": "https://static.colruytgroup.com/images/200x200/std.lang.all/28/01/asset-3352801.jpg",
    "fullImage": "https://static.colruytgroup.com/images/500x500/std.lang.all/28/01/asset-3352801.jpg",
    "squareImage": "https://static.colruytgroup.com/images/500x500sq/std.lang.all/28/01/asset-3352801.jpg",
    "content": "750g",
    "walkRouteSequenceNumber": 2461,
    "price": {
      "basicPrice": 6.09,
      "recommendedQuantity": "1.0",
      "measurementUnitPrice": 8.12,
      "measurementUnit": "K",
      "isRedPrice": false,
      "pricePerUOM": 8.12,
      "activationDate": "23-03-2024",
      "recordSource": "Online",
      "isPromoActive": "N",
      "priceChangeCode": "E"
    },
    "isAvailable": true,
    "isPriceAvailable": true,
    "inPromo": false,
    "gtin": [
      "04008429160172",
      "04008429160073"
    ],
    "topCategoryName": "Huisdieren",
    "topCategoryId": "670",
    "businessDomain": "RETAIL_BE",
    "IsPrivateLabel": false,
    "IsBiffe": false,
    "WeightconversionFactor": "0",
    "IsWeightArticle": false,
    "IsBio": false,
    "CountryOfOrigin": "POLEN",
    "IsExclusivelySoldInLuxembourg": false,
    "OrderUnit": "P",
    "ShortName": "PERF FIT SENOIR 11+750",
    "IsNew": false,
    "RecentQuanityOfStockUnits": "1",
    "LongName": "PERFECT FIT Senior 11+ 750g",
    "FicCode": "N"
  },
  {
    "productId": "845260",
    "technicalArticleNumber": "4691047",
    "commercialArticleNumber": "6092",
    "name": "Mousse",
    "description": "*Voor volwassen\nkatten\n*Natte voeding\n*Mousse",
    "brand": "GOURMET",
    "seoBrand": "Gourmet Gold",
    "thumbNail": "https://static.colruytgroup.com/images/200x200/std.lang.all/85/48/asset-3318548.jpg",
    "fullImage": "https://static.colruytgroup.com/images/500x500/std.lang.all/85/48/asset-3318548.jpg",
    "squareImage": "https://static.colruytgroup.com/images/500x500sq/std.lang.all/85/48/asset-3318548.jpg",
    "content": "12x85g",
    "walkRouteSequenceNumber": 2482,
    "price": {
      "basicPrice": 8.49,
      "recommendedQuantity": "1.0",
      "measurementUnitPrice": 8.33,
      "measurementUnit": "K",
      "isRedPrice": false,
      "pricePerUOM": 8.33,
      "activationDate": "01-02-2024",
      "recordSource": "Offline",
      "isPromoActive": "N",
      "priceChangeCode": "E"
    },
    "isAvailable": true,
    "isPriceAvailable": true,
    "inPromo": false,
    "gtin": [
      "03222270550673"
    ],
    "topCategoryName": "Huisdieren",
    "topCategoryId": "670",
    "businessDomain": "RETAIL_BE",
    "IsPrivateLabel": false,
    "IsBiffe": false,
    "WeightconversionFactor": "0",
    "IsWeightArticle": false,
    "IsBio": false,
    "CountryOfOrigin": "BELGIË",
    "IsExclusivelySoldInLuxembourg": false,
    "OrderUnit": "P",
    "ShortName": "GOUR GOLD FI.MOUSS12X85",
    "InSeason": true,
    "IsNew": false,
    "RecentQuanityOfStockUnits": "1",
    "LongName": "GOURMET Mousse 12x85g",
    "AlcoholVolume": "0",
    "StartSeasonDate": "10/05/2023",
    "FicCode": "E"
  },
  {
    "productId": "554",
    "technicalArticleNumber": "9522",
    "commercialArticleNumber": "9522",
    "name": "Primeur rund-groenten vlootje",
    "description": "*Voor honden tot\n10 kg\n*Terrine\n*Rundsvlees",
    "brand": "CESAR",
    "seoBrand": "Cesar Primeur",
    "thumbNail": "https://static.colruytgroup.com/images/200x200/std.lang.all/17/31/asset-2371731.jpg",
    "fullImage": "https://static.colruytgroup.com/images/500x500/std.lang.all/17/31/asset-2371731.jpg",
    "squareImage": "https://static.colruytgroup.com/images/500x500sq/std.lang.all/17/31/asset-2371731.jpg",
    "content": "300g",
    "walkRouteSequenceNumber": 2787,
    "price": {
      "basicPrice": 2.55,
      "recommendedQuantity": "1.0",
      "measurementUnitPrice": 8.5,
      "measurementUnit": "K",
      "isRedPrice": false,
      "pricePerUOM": 8.5,
      "activationDate": "12-03-2024",
      "recordSource": "Offline",
      "isPromoActive": "N",
      "priceChangeCode": "H"
    },
    "isAvailable": true,
    "isPriceAvailable": true,
    "inPromo": false,
    "gtin": [
      "25400141618451",
      "00000025095227",
      "03065890135956",
      "03065890135963",
      "05400141095227",
      "55400141277505"
    ],
    "topCategoryName": "Huisdieren",
    "topCategoryId": "670",
    "businessDomain": "RETAIL_BE",
    "IsPrivateLabel": false,
    "IsBiffe": false,
    "WeightconversionFactor": "0",
    "IsWeightArticle": false,
    "IsBio": false,
    "CountryOfOrigin": "FRANKRIJK",
    "IsExclusivelySoldInLuxembourg": false,
    "OrderUnit": "P",
    "ShortName": "CESA PRIM.RUND+GROEN300",
    "IsNew": false,
    "RecentQuanityOfStockUnits": "4,1,20",
    "LongName": "CESAR Primeur rund-groenten vlootje 300g",
    "AlcoholVolume": "0",
    "FicCode": "N"
  },
  {
    "productId": "23918",
    "technicalArticleNumber": "2221566",
    "commercialArticleNumber": "1460",
    "name": "kat Junior kip-melk-gr",
    "description": "*Voor kittens\n*Droge voeding\n*Kip",
    "brand": "FRISKIES",
    "seoBrand": "Friskies",
    "thumbNail": "https://static.colruytgroup.com/images/200x200/std.lang.all/43/53/asset-2554353.jpg",
    "fullImage": "https://static.colruytgroup.com/images/500x500/std.lang.all/43/53/asset-2554353.jpg",
    "squareImage": "https://static.colruytgroup.com/images/500x500sq/std.lang.all/43/53/asset-2554353.jpg",
    "content": "2kg",
    "walkRouteSequenceNumber": 2382,
    "price": {
      "basicPrice": 7.59,
      "recommendedQuantity": "1.0",
      "measurementUnitPrice": 3.8,
      "measurementUnit": "K",
      "isRedPrice": false,
      "pricePerUOM": 3.8,
      "activationDate": "14-03-2024",
      "recordSource": "Offline",
      "isPromoActive": "N",
      "priceChangeCode": "H"
    },
    "isAvailable": true,
    "isPriceAvailable": true,
    "inPromo": false,
    "gtin": [
      "07613033273421",
      "03222270154154"
    ],
    "topCategoryName": "Huisdieren",
    "topCategoryId": "670",
    "businessDomain": "RETAIL_BE",
    "IsPrivateLabel": false,
    "IsBiffe": false,
    "WeightconversionFactor": "0",
    "IsWeightArticle": false,
    "IsBio": false,
    "CountryOfOrigin": "FRANKRIJK",
    "IsExclusivelySoldInLuxembourg": false,
    "OrderUnit": "P",
    "ShortName": "FRISKIES JUNIOR KAT 2KG",
    "IsNew": false,
    "RecentQuanityOfStockUnits": "1",
    "LongName": "FRISKIES kat Junior kip-melk-gr 2kg",
    "AlcoholVolume": "0",
    "FicCode": "N"
  },
  {
    "productId": "782897",
    "technicalArticleNumber": "4580597",
    "commercialArticleNumber": "4557",
    "name": "hond vlees pouch",
    "brand": "BONI",
    "seoBrand": "Boni Selection",
    "thumbNail": "https://static.colruytgroup.com/images/200x200/std.lang.all/69/43/asset-3336943.jpg",
    "fullImage": "https://static.colruytgroup.com/images/500x500/std.lang.all/69/43/asset-3336943.jpg",
    "squareImage": "https://static.colruytgroup.com/images/500x500sq/std.lang.all/69/43/asset-3336943.jpg",
    "content": "12x100g",
    "walkRouteSequenceNumber": 2760,
    "price": {
      "basicPrice": 4.59,
      "recommendedQuantity": "1.0",
      "measurementUnitPrice": 3.83,
      "measurementUnit": "K",
      "isRedPrice": false,
      "pricePerUOM": 3.83,
      "activationDate": "27-02-2024",
      "recordSource": "Offline",
      "isPromoActive": "N",
      "priceChangeCode": "E"
    },
    "isAvailable": true,
    "isPriceAvailable": true,
    "inPromo": false,
    "gtin": [
      "15400141608295",
      "25400141608292",
      "05400141608298"
    ],
    "topCategoryName": "Huisdieren",
    "topCategoryId": "670",
    "businessDomain": "RETAIL_BE",
    "IsPrivateLabel": true,
    "IsBiffe": false,
    "WeightconversionFactor": "0",
    "IsWeightArticle": false,
    "IsBio": false,
    "CountryOfOrigin": "TSJECHIË (REPUBLIEK)",
    "IsExclusivelySoldInLuxembourg": false,
    "OrderUnit": "P",
    "ShortName": "BONI HOND VLEES P12X100",
    "IsNew": false,
    "RecentQuanityOfStockUnits": "1,4",
    "LongName": "BONI hond vlees pouch 12x100g",
    "FicCode": "N"
  },
  {
    "productId": "100314",
    "technicalArticleNumber": "2825715",
    "commercialArticleNumber": "819234",
    "name": "liq.snack omega 3 zalm",
    "description": "*Voor kat",
    "brand": "VITAKRAFT",
    "seoBrand": "Vitakraft",
    "thumbNail": "https://static.colruytgroup.com/images/200x200/std.lang.all/57/50/asset-2425750.jpg",
    "fullImage": "https://static.colruytgroup.com/images/500x500/std.lang.all/57/50/asset-2425750.jpg",
    "squareImage": "https://static.colruytgroup.com/images/500x500sq/std.lang.all/57/50/asset-2425750.jpg",
    "content": "6x15g",
    "walkRouteSequenceNumber": 2520,
    "price": {
      "basicPrice": 2.49,
      "recommendedQuantity": "1.0",
      "measurementUnitPrice": 21.29,
      "measurementUnit": "K",
      "isRedPrice": false,
      "pricePerUOM": 21.29,
      "activationDate": "13-11-2023",
      "recordSource": "Offline",
      "isPromoActive": "N",
      "priceChangeCode": "E"
    },
    "isAvailable": true,
    "isPriceAvailable": true,
    "inPromo": false,
    "gtin": [
      "07610376164232",
      "04008239734549"
    ],
    "topCategoryName": "Huisdieren",
    "topCategoryId": "670",
    "businessDomain": "NON_FOOD",
    "IsPrivateLabel": false,
    "IsBiffe": false,
    "IsWeightArticle": false,
    "RecentQuanityOfStockUnits": "1,11",
    "LongName": "VITAKRAFT liq.snack omega 3 zalm 6x15g",
    "IsBio": false,
    "CountryOfOrigin": "DUITSLAND",
    "FicCode": "N",
    "OrderUnit": "P",
    "ShortName": "VIT.KAT LIQUID SNACK 6P",
    "IsNew": false
  },
  {
    "productId": "705953",
    "technicalArticleNumber": "4442363",
    "commercialArticleNumber": "11227",
    "name": "revelation kip",
    "brand": "GOURMET",
    "seoBrand": "Gourmet",
    "thumbNail": "https://static.colruytgroup.com/images/200x200/std.lang.all/72/62/asset-2537262.jpg",
    "fullImage": "https://static.colruytgroup.com/images/500x500/std.lang.all/72/62/asset-2537262.jpg",
    "squareImage": "https://static.colruytgroup.com/images/500x500sq/std.lang.all/72/62/asset-2537262.jpg",
    "content": "4x57g",
    "walkRouteSequenceNumber": 2478,
    "price": {
      "basicPrice": 3.69,
      "recommendedQuantity": "1.0",
      "measurementUnitPrice": 16.19,
      "measurementUnit": "K",
      "isRedPrice": false,
      "pricePerUOM": 16.19,
      "activationDate": "18-03-2024",
      "recordSource": "Offline",
      "isPromoActive": "N",
      "priceChangeCode": "E"
    },
    "isAvailable": true,
    "isPriceAvailable": true,
    "inPromo": false,
    "gtin": [
      "07613287079763",
      "07613287079756"
    ],
    "topCategoryName": "Huisdieren",
    "topCategoryId": "670",
    "businessDomain": "RETAIL_BE",
    "IsPrivateLabel": false,
    "IsBiffe": false,
    "WeightconversionFactor": "0",
    "IsWeightArticle": false,
    "IsBio": false,
    "CountryOfOrigin": "BELGIË",
    "IsExclusivelySoldInLuxembourg": false,
    "OrderUnit": "P",
    "ShortName": "GOUR REVELAT.KIP 4X57G",
    "IsNew": false,
    "RecentQuanityOfStockUnits": "1,6",
    "LongName": "GOURMET revelation kip 4x57g",
    "FicCode": "N"
  },
  {
    "productId": "189654",
    "technicalArticleNumber": "3453920",
    "commercialArticleNumber": "12987",
    "name": "Junior kip",
    "description": "*Droge voeding\n*Kip en volkoren\ngranen",
    "brand": "PURINA ONE",
    "seoBrand": "Purina One",
    "thumbNail": "https://static.colruytgroup.com/images/200x200/std.lang.all/84/38/asset-978438.jpg",
    "fullImage": "https://static.colruytgroup.com/images/500x500/std.lang.all/84/38/asset-978438.jpg",
    "squareImage": "https://static.colruytgroup.com/images/500x500sq/std.lang.all/84/38/asset-978438.jpg",
    "content": "800g",
    "walkRouteSequenceNumber": 2377,
    "price": {
      "basicPrice": 5.29,
      "recommendedQuantity": "1.0",
      "measurementUnitPrice": 6.62,
      "measurementUnit": "K",
      "isRedPrice": false,
      "pricePerUOM": 6.62,
      "activationDate": "19-03-2024",
      "recordSource": "Offline",
      "isPromoActive": "N",
      "priceChangeCode": "L"
    },
    "isAvailable": true,
    "isPriceAvailable": true,
    "inPromo": false,
    "gtin": [
      "07613035614482",
      "07613035622753"
    ],
    "topCategoryName": "Huisdieren",
    "topCategoryId": "670",
    "businessDomain": "RETAIL_BE",
    "IsPrivateLabel": false,
    "IsBiffe": false,
    "WeightconversionFactor": "0",
    "IsWeightArticle": false,
    "IsBio": false,
    "CountryOfOrigin": "BELGIË",
    "IsExclusivelySoldInLuxembourg": false,
    "OrderUnit": "P",
    "ShortName": "ONE JR.KIP 800G.",
    "IsNew": false,
    "RecentQuanityOfStockUnits": "1",
    "LongName": "PURINA ONE Junior kip 800g",
    "AlcoholVolume": "0",
    "FicCode": "N"
  },
  {
    "productId": "307094",
    "technicalArticleNumber": "3743685",
    "commercialArticleNumber": "13341",
    "name": "Dry rund 1+",
    "description": "*1+ jaar\n*Droge voeding\n*Rund",
    "brand": "WHISKAS",
    "seoBrand": "Whiskas",
    "thumbNail": "https://static.colruytgroup.com/images/200x200/std.lang.all/62/80/asset-3176280.jpg",
    "fullImage": "https://static.colruytgroup.com/images/500x500/std.lang.all/62/80/asset-3176280.jpg",
    "squareImage": "https://static.colruytgroup.com/images/500x500sq/std.lang.all/62/80/asset-3176280.jpg",
    "content": "1,9kg",
    "walkRouteSequenceNumber": 2466,
    "price": {
      "basicPrice": 6.85,
      "recommendedQuantity": "1.0",
      "measurementUnitPrice": 3.61,
      "measurementUnit": "K",
      "isRedPrice": false,
      "pricePerUOM": 3.61,
      "activationDate": "08-03-2024",
      "recordSource": "Offline",
      "isPromoActive": "N",
      "priceChangeCode": "L"
    },
    "isAvailable": true,
    "isPriceAvailable": true,
    "inPromo": false,
    "gtin": [
      "05900951258558",
      "05900951258541"
    ],
    "topCategoryName": "Huisdieren",
    "topCategoryId": "670",
    "businessDomain": "RETAIL_BE",
    "IsPrivateLabel": false,
    "IsBiffe": false,
    "WeightconversionFactor": "0",
    "IsWeightArticle": false,
    "IsBio": false,
    "CountryOfOrigin": "POLEN",
    "IsExclusivelySoldInLuxembourg": false,
    "OrderUnit": "P",
    "ShortName": "WHIS DRY RUND 1+ 1.9KG",
    "IsNew": false,
    "RecentQuanityOfStockUnits": "1,6",
    "LongName": "WHISKAS Dry rund 1+ 1,9kg",
    "AlcoholVolume": "0",
    "FicCode": "N"
  },
  {
    "productId": "884583",
    "technicalArticleNumber": "4743567",
    "commercialArticleNumber": "32497",
    "name": "Zalm 1+",
    "description": "*Voor volwassen\nkatten 1+\n*Droge voeding\n*Zalm",
    "brand": "PERFECT FIT",
    "seoBrand": "Perfect Fit",
    "thumbNail": "https://static.colruytgroup.com/images/200x200/std.lang.all/27/99/asset-3352799.jpg",
    "fullImage": "https://static.colruytgroup.com/images/500x500/std.lang.all/27/99/asset-3352799.jpg",
    "squareImage": "https://static.colruytgroup.com/images/500x500sq/std.lang.all/27/99/asset-3352799.jpg",
    "content": "1,4kg",
    "walkRouteSequenceNumber": 2454,
    "price": {
      "basicPrice": 10.19,
      "recommendedQuantity": "1.0",
      "measurementUnitPrice": 7.28,
      "measurementUnit": "K",
      "isRedPrice": false,
      "pricePerUOM": 7.28,
      "activationDate": "11-03-2024",
      "recordSource": "Offline",
      "isPromoActive": "N",
      "priceChangeCode": "H"
    },
    "isAvailable": true,
    "isPriceAvailable": true,
    "inPromo": false,
    "gtin": [
      "04008429159565",
      "04008429159671"
    ],
    "topCategoryName": "Huisdieren",
    "topCategoryId": "670",
    "businessDomain": "RETAIL_BE",
    "IsPrivateLabel": false,
    "IsBiffe": false,
    "WeightconversionFactor": "0",
    "IsWeightArticle": false,
    "IsBio": false,
    "CountryOfOrigin": "DUITSLAND",
    "IsExclusivelySoldInLuxembourg": false,
    "OrderUnit": "P",
    "ShortName": "PERF.FIT ZALM 1+ 1.4KG",
    "IsNew": false,
    "RecentQuanityOfStockUnits": "1",
    "LongName": "PERFECT FIT Zalm 1+ 1,4kg",
    "AlcoholVolume": "0",
    "FicCode": "N"
  },
  {
    "productId": "342522",
    "technicalArticleNumber": "3742582",
    "commercialArticleNumber": "51153",
    "name": "Dry kip 7+",
    "description": "*7+ jaar\n*Droge voeding\n*Kip",
    "brand": "WHISKAS",
    "seoBrand": "Whiskas",
    "thumbNail": "https://static.colruytgroup.com/images/200x200/std.lang.all/62/78/asset-3176278.jpg",
    "fullImage": "https://static.colruytgroup.com/images/500x500/std.lang.all/62/78/asset-3176278.jpg",
    "squareImage": "https://static.colruytgroup.com/images/500x500sq/std.lang.all/62/78/asset-3176278.jpg",
    "content": "1,9kg",
    "walkRouteSequenceNumber": 2469,
    "price": {
      "basicPrice": 6.92,
      "recommendedQuantity": "1.0",
      "measurementUnitPrice": 3.65,
      "measurementUnit": "K",
      "isRedPrice": false,
      "pricePerUOM": 3.65,
      "activationDate": "22-03-2024",
      "recordSource": "Offline",
      "isPromoActive": "N",
      "priceChangeCode": "H"
    },
    "isAvailable": true,
    "isPriceAvailable": true,
    "inPromo": false,
    "gtin": [
      "05900951258619",
      "05900951258626"
    ],
    "topCategoryName": "Huisdieren",
    "topCategoryId": "670",
    "businessDomain": "RETAIL_BE",
    "IsPrivateLabel": false,
    "IsBiffe": false,
    "WeightconversionFactor": "0",
    "IsWeightArticle": false,
    "IsBio": false,
    "CountryOfOrigin": "POLEN",
    "IsExclusivelySoldInLuxembourg": false,
    "OrderUnit": "P",
    "ShortName": "WHIS DRY CHICKEN7+ 1.9K",
    "IsNew": false,
    "RecentQuanityOfStockUnits": "1,6",
    "LongName": "WHISKAS Dry kip 7+ 1,9kg",
    "AlcoholVolume": "0",
    "FicCode": "N"
  },
  {
    "productId": "757826",
    "technicalArticleNumber": "4534184",
    "commercialArticleNumber": "18732",
    "name": "duos vis gelei",
    "description": "*Kattenvoeding\n*Natte voeding",
    "brand": "FELIX",
    "seoBrand": "Felix",
    "thumbNail": "https://static.colruytgroup.com/images/200x200/std.lang.all/69/34/asset-2706934.jpg",
    "fullImage": "https://static.colruytgroup.com/images/500x500/std.lang.all/69/34/asset-2706934.jpg",
    "squareImage": "https://static.colruytgroup.com/images/500x500sq/std.lang.all/69/34/asset-2706934.jpg",
    "content": "12x85g",
    "walkRouteSequenceNumber": 2364,
    "price": {
      "basicPrice": 6.65,
      "recommendedQuantity": "1.0",
      "measurementUnitPrice": 6.52,
      "measurementUnit": "K",
      "isRedPrice": false,
      "pricePerUOM": 6.52,
      "activationDate": "02-02-2024",
      "recordSource": "Offline",
      "isPromoActive": "N",
      "priceChangeCode": "E"
    },
    "isAvailable": true,
    "isPriceAvailable": true,
    "inPromo": false,
    "gtin": [
      "07613287328519"
    ],
    "topCategoryName": "Huisdieren",
    "topCategoryId": "670",
    "businessDomain": "RETAIL_BE",
    "IsPrivateLabel": false,
    "IsBiffe": false,
    "WeightconversionFactor": "0",
    "IsWeightArticle": false,
    "IsBio": false,
    "CountryOfOrigin": "POLEN",
    "IsExclusivelySoldInLuxembourg": false,
    "OrderUnit": "P",
    "ShortName": "FELI DUOS VIS GEL 12X85",
    "IsNew": false,
    "RecentQuanityOfStockUnits": "1",
    "LongName": "FELIX duos vis gelei 12x85g",
    "FicCode": "E"
  },
  {
    "productId": "113955",
    "technicalArticleNumber": "3052620",
    "commercialArticleNumber": "133074",
    "name": "Crispies met zalm en forel",
    "description": "*Voor kat",
    "brand": "FELIX",
    "seoBrand": "Purina Felix",
    "thumbNail": "https://static.colruytgroup.com/images/200x200/std.lang.all/40/30/asset-2414030.jpg",
    "fullImage": "https://static.colruytgroup.com/images/500x500/std.lang.all/40/30/asset-2414030.jpg",
    "squareImage": "https://static.colruytgroup.com/images/500x500sq/std.lang.all/40/30/asset-2414030.jpg",
    "content": "45g",
    "walkRouteSequenceNumber": 2536,
    "price": {
      "basicPrice": 1.75,
      "recommendedQuantity": "1.0",
      "measurementUnitPrice": 38.89,
      "measurementUnit": "K",
      "isRedPrice": false,
      "pricePerUOM": 38.89,
      "activationDate": "15-03-2024",
      "recordSource": "Offline",
      "isPromoActive": "Y",
      "priceChangeCode": "L"
    },
    "isAvailable": true,
    "isPriceAvailable": true,
    "inPromo": true,
    "promotion": [
      {
        "techPromoId": "100931COLR",
        "promotionId": "100931",
        "promotionType": "3",
        "isPersonalized": "N",
        "publicationStartDate": "13-03-2024",
        "publicationEndDate": "26-03-2024"
      }
    ],
    "gtin": [
      "07613034291073",
      "07613034291080"
    ],
    "topCategoryName": "Huisdieren",
    "topCategoryId": "670",
    "businessDomain": "NON_FOOD",
    "IsPrivateLabel": false,
    "IsBiffe": false,
    "IsWeightArticle": false,
    "RecentQuanityOfStockUnits": "1",
    "LongName": "FELIX Crispies met zalm en forel 45g",
    "IsBio": false,
    "CountryOfOrigin": "BELGIË",
    "FicCode": "N",
    "OrderUnit": "P",
    "ShortName": "FEL.CRISPIES ZALM/FOREL",
    "IsNew": false
  },
  {
    "productId": "175565",
    "technicalArticleNumber": "3356421",
    "commercialArticleNumber": "3402",
    "name": "Senior 7+ kip",
    "description": "*Voor katten van 7\njaar en ouder\n*Droog\n*Kip",
    "brand": "PURINA ONE",
    "seoBrand": "Purina One",
    "thumbNail": "https://static.colruytgroup.com/images/200x200/std.lang.all/58/10/asset-2415810.jpg",
    "fullImage": "https://static.colruytgroup.com/images/500x500/std.lang.all/58/10/asset-2415810.jpg",
    "squareImage": "https://static.colruytgroup.com/images/500x500sq/std.lang.all/58/10/asset-2415810.jpg",
    "content": "1,5kg",
    "walkRouteSequenceNumber": 2387,
    "price": {
      "basicPrice": 9.99,
      "recommendedQuantity": "1.0",
      "measurementUnitPrice": 6.66,
      "measurementUnit": "K",
      "isRedPrice": false,
      "pricePerUOM": 6.66,
      "activationDate": "23-02-2024",
      "recordSource": "Offline",
      "isPromoActive": "N",
      "priceChangeCode": "L"
    },
    "isAvailable": true,
    "isPriceAvailable": true,
    "inPromo": false,
    "gtin": [
      "07613035618817",
      "07613035618824",
      "07613032528591",
      "05400141288308"
    ],
    "topCategoryName": "Huisdieren",
    "topCategoryId": "670",
    "businessDomain": "RETAIL_BE",
    "IsPrivateLabel": false,
    "IsBiffe": false,
    "WeightconversionFactor": "0",
    "IsWeightArticle": false,
    "IsBio": false,
    "CountryOfOrigin": "BELGIË",
    "IsExclusivelySoldInLuxembourg": false,
    "OrderUnit": "P",
    "ShortName": "ONE SENIOR7+ KIP 1K500",
    "InSeason": true,
    "IsNew": false,
    "RecentQuanityOfStockUnits": "1",
    "LongName": "PURINA ONE Senior 7+ kip 1,5kg",
    "AlcoholVolume": "0",
    "StartSeasonDate": "16/06/2016",
    "FicCode": "N"
  },
  {
    "productId": "757833",
    "technicalArticleNumber": "4534191",
    "commercialArticleNumber": "18740",
    "name": "heerlijke duo's in gelei",
    "description": "*Kattenvoeding\n*Natte voeding",
    "brand": "FELIX",
    "seoBrand": "Felix",
    "thumbNail": "https://static.colruytgroup.com/images/200x200/std.lang.all/69/35/asset-2706935.jpg",
    "fullImage": "https://static.colruytgroup.com/images/500x500/std.lang.all/69/35/asset-2706935.jpg",
    "squareImage": "https://static.colruytgroup.com/images/500x500sq/std.lang.all/69/35/asset-2706935.jpg",
    "content": "12x85g",
    "walkRouteSequenceNumber": 2360,
    "price": {
      "basicPrice": 6.65,
      "recommendedQuantity": "1.0",
      "measurementUnitPrice": 6.52,
      "measurementUnit": "K",
      "isRedPrice": false,
      "pricePerUOM": 6.52,
      "activationDate": "05-03-2024",
      "recordSource": "Offline",
      "isPromoActive": "N",
      "priceChangeCode": "H"
    },
    "isAvailable": true,
    "isPriceAvailable": true,
    "inPromo": false,
    "gtin": [
      "07613287328533"
    ],
    "topCategoryName": "Huisdieren",
    "topCategoryId": "670",
    "businessDomain": "RETAIL_BE",
    "IsPrivateLabel": false,
    "IsBiffe": false,
    "WeightconversionFactor": "0",
    "IsWeightArticle": false,
    "IsBio": false,
    "CountryOfOrigin": "POLEN",
    "IsExclusivelySoldInLuxembourg": false,
    "OrderUnit": "P",
    "ShortName": "FELI DUO VLEES GEL12X85",
    "IsNew": false,
    "RecentQuanityOfStockUnits": "1",
    "LongName": "FELIX heerlijke duo's in gelei 12x85g",
    "FicCode": "E"
  },
  {
    "productId": "189582",
    "technicalArticleNumber": "3456824",
    "commercialArticleNumber": "50262",
    "name": "Gold sel.fijne mousse",
    "description": "*Voor volwassen\nkatten\n*Mousse\n*Kalkoen/zalm/\nniertjes/rund",
    "brand": "GOURMET",
    "seoBrand": "Gourmet",
    "thumbNail": "https://static.colruytgroup.com/images/200x200/std.lang.all/45/18/asset-1754518.jpg",
    "fullImage": "https://static.colruytgroup.com/images/500x500/std.lang.all/45/18/asset-1754518.jpg",
    "squareImage": "https://static.colruytgroup.com/images/500x500sq/std.lang.all/45/18/asset-1754518.jpg",
    "content": "12x85g",
    "walkRouteSequenceNumber": 2483,
    "price": {
      "basicPrice": 9.95,
      "recommendedQuantity": "1.0",
      "measurementUnitPrice": 9.76,
      "measurementUnit": "K",
      "isRedPrice": false,
      "pricePerUOM": 9.76,
      "activationDate": "14-03-2024",
      "recordSource": "Offline",
      "isPromoActive": "N",
      "priceChangeCode": "L"
    },
    "isAvailable": true,
    "isPriceAvailable": true,
    "inPromo": false,
    "gtin": [
      "07613035522039",
      "07613035522145"
    ],
    "topCategoryName": "Huisdieren",
    "topCategoryId": "670",
    "businessDomain": "RETAIL_BE",
    "IsPrivateLabel": false,
    "IsBiffe": false,
    "WeightconversionFactor": "0",
    "IsWeightArticle": false,
    "IsBio": false,
    "CountryOfOrigin": "BELGIË",
    "IsExclusivelySoldInLuxembourg": false,
    "OrderUnit": "P",
    "ShortName": "GOUR.GOLD S.MOUS.12X85G",
    "IsNew": false,
    "RecentQuanityOfStockUnits": "1",
    "LongName": "GOURMET Gold sel.fijne mousse 12x85g",
    "AlcoholVolume": "0",
    "FicCode": "N"
  },
  {
    "productId": "113360",
    "technicalArticleNumber": "3052606",
    "commercialArticleNumber": "133073",
    "name": "Crispies met rund en kip",
    "description": "*Voor kat",
    "brand": "FELIX",
    "seoBrand": "Purina Felix",
    "thumbNail": "https://static.colruytgroup.com/images/200x200/std.lang.all/40/29/asset-2414029.jpg",
    "fullImage": "https://static.colruytgroup.com/images/500x500/std.lang.all/40/29/asset-2414029.jpg",
    "squareImage": "https://static.colruytgroup.com/images/500x500sq/std.lang.all/40/29/asset-2414029.jpg",
    "content": "45g",
    "walkRouteSequenceNumber": 2535,
    "price": {
      "basicPrice": 1.59,
      "recommendedQuantity": "1.0",
      "measurementUnitPrice": 35.34,
      "measurementUnit": "K",
      "isRedPrice": false,
      "pricePerUOM": 35.34,
      "activationDate": "19-03-2024",
      "recordSource": "Offline",
      "isPromoActive": "N",
      "priceChangeCode": "L"
    },
    "isAvailable": true,
    "isPriceAvailable": true,
    "inPromo": true,
    "promotion": [
      {
        "techPromoId": "100931COLR",
        "promotionId": "100931",
        "promotionType": "3",
        "isPersonalized": "N",
        "publicationStartDate": "13-03-2024",
        "publicationEndDate": "26-03-2024"
      }
    ],
    "gtin": [
      "07613034291103",
      "07613034291097"
    ],
    "topCategoryName": "Huisdieren",
    "topCategoryId": "670",
    "businessDomain": "NON_FOOD",
    "IsPrivateLabel": false,
    "IsBiffe": false,
    "IsWeightArticle": false,
    "RecentQuanityOfStockUnits": "1,8",
    "LongName": "FELIX Crispies met rund en kip 45g",
    "IsBio": false,
    "CountryOfOrigin": "BELGIË",
    "FicCode": "N",
    "OrderUnit": "P",
    "ShortName": "FEL.CRISPIES RUND/KIP",
    "IsNew": false
  },
  {
    "productId": "39642",
    "technicalArticleNumber": "1704302",
    "commercialArticleNumber": "9701",
    "name": "Indoor kalkoen",
    "description": "*Voor katten die\nbinnenshuis blijven\n*Droge voeding\n*Kalkoen",
    "brand": "PURINA ONE",
    "seoBrand": "Purina One",
    "thumbNail": "https://static.colruytgroup.com/images/200x200/std.lang.all/83/31/asset-978331.jpg",
    "fullImage": "https://static.colruytgroup.com/images/500x500/std.lang.all/83/31/asset-978331.jpg",
    "squareImage": "https://static.colruytgroup.com/images/500x500sq/std.lang.all/83/31/asset-978331.jpg",
    "content": "800g",
    "walkRouteSequenceNumber": 2378,
    "price": {
      "basicPrice": 6.69,
      "recommendedQuantity": "1.0",
      "measurementUnitPrice": 8.37,
      "measurementUnit": "K",
      "isRedPrice": false,
      "pricePerUOM": 8.37,
      "activationDate": "12-03-2024",
      "recordSource": "Offline",
      "isPromoActive": "N",
      "priceChangeCode": "H"
    },
    "isAvailable": true,
    "isPriceAvailable": true,
    "inPromo": false,
    "gtin": [
      "07613035613690",
      "05400141124705",
      "07613032417871",
      "07613035613683"
    ],
    "topCategoryName": "Huisdieren",
    "topCategoryId": "670",
    "businessDomain": "RETAIL_BE",
    "IsPrivateLabel": false,
    "IsBiffe": false,
    "WeightconversionFactor": "0",
    "IsWeightArticle": false,
    "IsBio": false,
    "CountryOfOrigin": "ITALIË",
    "IsExclusivelySoldInLuxembourg": false,
    "OrderUnit": "P",
    "ShortName": "ONE IND FORM. KALK 800G",
    "IsNew": false,
    "RecentQuanityOfStockUnits": "1,2",
    "LongName": "PURINA ONE Indoor kalkoen 800g",
    "AlcoholVolume": "0",
    "FicCode": "N"
  },
  {
    "productId": "282402",
    "technicalArticleNumber": "3657514",
    "commercialArticleNumber": "14242",
    "name": "gepofte rijst met groenten",
    "brand": "YANA",
    "seoBrand": "Yana Rizi",
    "thumbNail": "https://static.colruytgroup.com/images/200x200/std.lang.all/88/49/asset-1508849.jpg",
    "fullImage": "https://static.colruytgroup.com/images/500x500/std.lang.all/88/49/asset-1508849.jpg",
    "squareImage": "https://static.colruytgroup.com/images/500x500sq/std.lang.all/88/49/asset-1508849.jpg",
    "content": "1kg",
    "walkRouteSequenceNumber": 2723,
    "price": {
      "basicPrice": 4.99,
      "recommendedQuantity": "1.0",
      "measurementUnitPrice": 4.99,
      "measurementUnit": "K",
      "isRedPrice": false,
      "pricePerUOM": 4.99,
      "activationDate": "14-03-2023",
      "isPromoActive": "N",
      "priceChangeCode": "H"
    },
    "isAvailable": true,
    "isPriceAvailable": true,
    "inPromo": false,
    "gtin": [
      "05411468122541",
      "15411468122548"
    ],
    "topCategoryName": "Huisdieren",
    "topCategoryId": "670",
    "businessDomain": "RETAIL_BE",
    "IsPrivateLabel": false,
    "IsBiffe": false,
    "WeightconversionFactor": "0",
    "IsWeightArticle": false,
    "IsBio": false,
    "CountryOfOrigin": "BELGIË",
    "IsExclusivelySoldInLuxembourg": false,
    "OrderUnit": "P",
    "ShortName": "RIZI GEPOF.RIJST GR.1KG",
    "IsNew": false,
    "RecentQuanityOfStockUnits": "1,7",
    "LongName": "YANA gepofte rijst met groenten 1kg",
    "AlcoholVolume": "0",
    "FicCode": "N"
  },
  {
    "productId": "859004",
    "technicalArticleNumber": "4709308",
    "commercialArticleNumber": "31762",
    "name": "hond rund-groenten adult",
    "description": "*Voor volwassen\nhonden\n*Droge voeding",
    "brand": "BONI",
    "seoBrand": "Boni Selection",
    "thumbNail": "https://static.colruytgroup.com/images/200x200/std.lang.all/20/69/asset-3342069.jpg",
    "fullImage": "https://static.colruytgroup.com/images/500x500/std.lang.all/20/69/asset-3342069.jpg",
    "squareImage": "https://static.colruytgroup.com/images/500x500sq/std.lang.all/20/69/asset-3342069.jpg",
    "content": "4kg",
    "walkRouteSequenceNumber": 2763,
    "price": {
      "basicPrice": 5.75,
      "recommendedQuantity": "1.0",
      "measurementUnitPrice": 1.44,
      "measurementUnit": "K",
      "isRedPrice": false,
      "pricePerUOM": 1.44,
      "activationDate": "10-02-2024",
      "recordSource": "Offline",
      "isPromoActive": "N",
      "priceChangeCode": "L"
    },
    "isAvailable": true,
    "isPriceAvailable": true,
    "inPromo": false,
    "gtin": [
      "05400141477238"
    ],
    "topCategoryName": "Huisdieren",
    "topCategoryId": "670",
    "businessDomain": "RETAIL_BE",
    "IsPrivateLabel": true,
    "IsBiffe": false,
    "WeightconversionFactor": "0",
    "IsWeightArticle": false,
    "IsBio": false,
    "CountryOfOrigin": "NEDERLAND",
    "IsExclusivelySoldInLuxembourg": false,
    "OrderUnit": "P",
    "ShortName": "BONI ADLT RUND&GRNT 4KG",
    "IsNew": false,
    "RecentQuanityOfStockUnits": "1",
    "LongName": "BONI hond rund-groenten adult 4kg",
    "AlcoholVolume": "0",
    "FicCode": "N"
  },
  {
    "productId": "873053",
    "technicalArticleNumber": "4727528",
    "commercialArticleNumber": "24313",
    "name": "Gold Delight Kip",
    "brand": "GOURMET",
    "seoBrand": "Gourmet",
    "thumbNail": "https://ecgproductmw.colruytgroup.com/ecgproductmw/noPicForArticle_2.jpg",
    "fullImage": "https://ecgproductmw.colruytgroup.com/ecgproductmw/noPicForArticle_5.jpg",
    "squareImage": "https://ecgproductmw.colruytgroup.com/ecgproductmw/noPicForArticle_5.jpg",
    "content": "12x85g",
    "walkRouteSequenceNumber": 2486,
    "price": {
      "basicPrice": 8.69,
      "recommendedQuantity": "1.0",
      "measurementUnitPrice": 8.52,
      "measurementUnit": "K",
      "isRedPrice": false,
      "pricePerUOM": 8.52,
      "activationDate": "22-03-2024",
      "recordSource": "Offline",
      "isPromoActive": "N",
      "priceChangeCode": "L"
    },
    "isAvailable": true,
    "isPriceAvailable": true,
    "inPromo": false,
    "gtin": [
      "08445290505330"
    ],
    "topCategoryName": "Huisdieren",
    "topCategoryId": "670",
    "businessDomain": "RETAIL_BE",
    "IsPrivateLabel": false,
    "IsBiffe": false,
    "WeightconversionFactor": "0",
    "IsWeightArticle": false,
    "IsBio": false,
    "CountryOfOrigin": "FRANKRIJK",
    "IsExclusivelySoldInLuxembourg": false,
    "OrderUnit": "P",
    "ShortName": "GOUR GOLD KIP 12X85G",
    "IsNew": false,
    "RecentQuanityOfStockUnits": "1",
    "LongName": "GOURMET Gold Delight Kip 12x85g",
    "AlcoholVolume": "0",
    "FicCode": "N"
  },
  {
    "productId": "47180",
    "technicalArticleNumber": "2510074",
    "commercialArticleNumber": "819173",
    "name": "Catmilk",
    "description": "*Voor kat\n*Laag lactosegehalte",
    "brand": "WHISKAS",
    "seoBrand": "Whiskas",
    "thumbNail": "https://static.colruytgroup.com/images/200x200/std.lang.all/56/16/asset-685616.jpg",
    "fullImage": "https://static.colruytgroup.com/images/500x500/std.lang.all/56/16/asset-685616.jpg",
    "squareImage": "https://static.colruytgroup.com/images/500x500sq/std.lang.all/56/16/asset-685616.jpg",
    "content": "3x200ml",
    "walkRouteSequenceNumber": 2592,
    "price": {
      "basicPrice": 3.99,
      "recommendedQuantity": "1.0",
      "measurementUnitPrice": 6.65,
      "measurementUnit": "L",
      "isRedPrice": false,
      "pricePerUOM": 6.65,
      "activationDate": "02-02-2024",
      "recordSource": "Offline",
      "isPromoActive": "N",
      "priceChangeCode": "E"
    },
    "isAvailable": true,
    "isPriceAvailable": true,
    "inPromo": false,
    "gtin": [
      "05010394985161",
      "05900951260483",
      "05900951215421"
    ],
    "topCategoryName": "Huisdieren",
    "topCategoryId": "670",
    "businessDomain": "NON_FOOD",
    "IsPrivateLabel": false,
    "IsBiffe": false,
    "IsWeightArticle": false,
    "RecentQuanityOfStockUnits": "1,5",
    "LongName": "WHISKAS Catmilk 3x200ml",
    "IsBio": false,
    "CountryOfOrigin": "BELGIË",
    "FicCode": "N",
    "OrderUnit": "P",
    "ShortName": "WHISKAS CATMILK 3X200ML",
    "IsNew": false
  },
  {
    "productId": "275999",
    "technicalArticleNumber": "3665500",
    "commercialArticleNumber": "133274",
    "name": "Dentalife Medium",
    "description": "*Voor hond",
    "brand": "PURINA",
    "seoBrand": "Purina Dentalife",
    "thumbNail": "https://static.colruytgroup.com/images/200x200/std.lang.all/27/69/asset-1262769.jpg",
    "fullImage": "https://static.colruytgroup.com/images/500x500/std.lang.all/27/69/asset-1262769.jpg",
    "squareImage": "https://static.colruytgroup.com/images/500x500sq/std.lang.all/27/69/asset-1262769.jpg",
    "content": "345g",
    "walkRouteSequenceNumber": 2654,
    "price": {
      "basicPrice": 4.99,
      "recommendedQuantity": "1.0",
      "measurementUnitPrice": 14.47,
      "measurementUnit": "K",
      "isRedPrice": false,
      "pricePerUOM": 14.47,
      "activationDate": "13-03-2024",
      "recordSource": "Offline",
      "isPromoActive": "N",
      "priceChangeCode": "E"
    },
    "isAvailable": true,
    "isPriceAvailable": true,
    "inPromo": false,
    "gtin": [
      "07613035379114",
      "07613035692244"
    ],
    "topCategoryName": "Huisdieren",
    "topCategoryId": "670",
    "businessDomain": "NON_FOOD",
    "IsPrivateLabel": false,
    "IsBiffe": false,
    "IsWeightArticle": false,
    "RecentQuanityOfStockUnits": "1,5",
    "LongName": "PURINA Dentalife Medium 345g",
    "IsBio": false,
    "AlcoholVolume": "0",
    "CountryOfOrigin": "DUITSLAND",
    "FicCode": "N",
    "OrderUnit": "P",
    "ShortName": "PUR.DENTALIFE M 345G",
    "IsNew": false
  },
  {
    "productId": "840206",
    "technicalArticleNumber": "4684162",
    "commercialArticleNumber": "11148",
    "name": "sensitive kalkoen",
    "description": "*Droge voeding\n*Kalkoen",
    "brand": "PURINA ONE",
    "seoBrand": "Purina One",
    "thumbNail": "https://static.colruytgroup.com/images/200x200/std.lang.all/18/33/asset-3031833.jpg",
    "fullImage": "https://static.colruytgroup.com/images/500x500/std.lang.all/18/33/asset-3031833.jpg",
    "squareImage": "https://static.colruytgroup.com/images/500x500sq/std.lang.all/18/33/asset-3031833.jpg",
    "content": "1,5kg",
    "walkRouteSequenceNumber": 2384,
    "price": {
      "basicPrice": 11.79,
      "recommendedQuantity": "1.0",
      "measurementUnitPrice": 7.86,
      "measurementUnit": "K",
      "isRedPrice": false,
      "pricePerUOM": 7.86,
      "activationDate": "19-03-2024",
      "recordSource": "Offline",
      "isPromoActive": "N",
      "priceChangeCode": "H"
    },
    "isAvailable": true,
    "isPriceAvailable": true,
    "inPromo": false,
    "gtin": [
      "07613035608054",
      "07613035608047"
    ],
    "topCategoryName": "Huisdieren",
    "topCategoryId": "670",
    "businessDomain": "RETAIL_BE",
    "IsPrivateLabel": false,
    "IsBiffe": false,
    "WeightconversionFactor": "0",
    "IsWeightArticle": false,
    "IsBio": false,
    "CountryOfOrigin": "FRANKRIJK",
    "IsExclusivelySoldInLuxembourg": false,
    "OrderUnit": "P",
    "ShortName": "ONE SENSIT.KALKOEN1.5KG",
    "IsNew": false,
    "RecentQuanityOfStockUnits": "1",
    "LongName": "PURINA ONE sensitive kalkoen 1,5kg",
    "AlcoholVolume": "0",
    "FicCode": "N"
  },
  {
    "productId": "612201",
    "technicalArticleNumber": "4286037",
    "commercialArticleNumber": "20157",
    "name": "Pouch Sensitive",
    "description": "*Kattenvoeding\n*Nat",
    "brand": "PURINA ONE",
    "seoBrand": "Purina One",
    "thumbNail": "https://static.colruytgroup.com/images/200x200/std.lang.all/26/65/asset-2282665.jpg",
    "fullImage": "https://static.colruytgroup.com/images/500x500/std.lang.all/26/65/asset-2282665.jpg",
    "squareImage": "https://static.colruytgroup.com/images/500x500sq/std.lang.all/26/65/asset-2282665.jpg",
    "content": "8x85g",
    "walkRouteSequenceNumber": 2472,
    "price": {
      "basicPrice": 6.55,
      "recommendedQuantity": "1.0",
      "measurementUnitPrice": 9.64,
      "measurementUnit": "K",
      "isRedPrice": false,
      "pricePerUOM": 9.64,
      "activationDate": "29-02-2024",
      "recordSource": "Offline",
      "isPromoActive": "N",
      "priceChangeCode": "H"
    },
    "isAvailable": true,
    "isPriceAvailable": true,
    "inPromo": false,
    "gtin": [
      "07613039164068",
      "07613039164075"
    ],
    "topCategoryName": "Huisdieren",
    "topCategoryId": "670",
    "businessDomain": "RETAIL_BE",
    "IsPrivateLabel": false,
    "IsBiffe": false,
    "WeightconversionFactor": "0",
    "IsWeightArticle": false,
    "IsBio": false,
    "CountryOfOrigin": "POLEN",
    "IsExclusivelySoldInLuxembourg": false,
    "OrderUnit": "P",
    "ShortName": "PURI ONE POU.SENS8X85G",
    "IsNew": false,
    "RecentQuanityOfStockUnits": "1",
    "LongName": "PURINA ONE Pouch Sensitive 8x85g",
    "FicCode": "N"
  },
  {
    "productId": "64094",
    "technicalArticleNumber": "2736338",
    "commercialArticleNumber": "40860",
    "name": "Perle vis delic.",
    "description": "*Vis in saus\n*Zeevis, garnalen/\nschol, garnalen/\nzalm, garnalen/\ntonijn, garnalen",
    "brand": "GOURMET",
    "seoBrand": "Gourmet",
    "thumbNail": "https://static.colruytgroup.com/images/200x200/std.lang.all/39/83/asset-2413983.jpg",
    "fullImage": "https://static.colruytgroup.com/images/500x500/std.lang.all/39/83/asset-2413983.jpg",
    "squareImage": "https://static.colruytgroup.com/images/500x500sq/std.lang.all/39/83/asset-2413983.jpg",
    "content": "4x85g",
    "walkRouteSequenceNumber": 2480,
    "price": {
      "basicPrice": 3.69,
      "recommendedQuantity": "2.0",
      "measurementUnitPrice": 10.86,
      "measurementUnit": "K",
      "isRedPrice": false,
      "pricePerUOM": 10.86,
      "activationDate": "15-03-2024",
      "recordSource": "Offline",
      "isPromoActive": "N",
      "priceChangeCode": "L"
    },
    "isAvailable": true,
    "isPriceAvailable": true,
    "inPromo": false,
    "gtin": [
      "07613030946021",
      "07613030946038",
      "05400141012569"
    ],
    "topCategoryName": "Huisdieren",
    "topCategoryId": "670",
    "businessDomain": "RETAIL_BE",
    "IsPrivateLabel": false,
    "IsBiffe": false,
    "WeightconversionFactor": "0",
    "IsWeightArticle": false,
    "IsBio": false,
    "CountryOfOrigin": "BELGIË",
    "IsExclusivelySoldInLuxembourg": false,
    "OrderUnit": "P",
    "ShortName": "GOUR.PER.DEL.MAR.4X85",
    "IsNew": false,
    "RecentQuanityOfStockUnits": "2,1",
    "LongName": "GOURMET Perle vis delic. 4x85g",
    "AlcoholVolume": "0",
    "FicCode": "N"
  },
  {
    "productId": "541386",
    "technicalArticleNumber": "4165366",
    "commercialArticleNumber": "9761",
    "name": "sterile rund 1+",
    "description": "*Voor volwassen\nkatten 1+\n*Natte voeding\n*Rund",
    "brand": "PERFECT FIT",
    "seoBrand": "Perfect Fit",
    "thumbNail": "https://static.colruytgroup.com/images/200x200/std.lang.all/88/05/asset-3248805.jpg",
    "fullImage": "https://static.colruytgroup.com/images/500x500/std.lang.all/88/05/asset-3248805.jpg",
    "squareImage": "https://static.colruytgroup.com/images/500x500sq/std.lang.all/88/05/asset-3248805.jpg",
    "content": "750g",
    "walkRouteSequenceNumber": 2463,
    "price": {
      "basicPrice": 5.59,
      "recommendedQuantity": "1.0",
      "measurementUnitPrice": 7.46,
      "measurementUnit": "K",
      "isRedPrice": false,
      "pricePerUOM": 7.46,
      "activationDate": "11-03-2024",
      "recordSource": "Offline",
      "isPromoActive": "N",
      "priceChangeCode": "H"
    },
    "isAvailable": true,
    "isPriceAvailable": true,
    "inPromo": false,
    "gtin": [
      "04008429121975",
      "04008429121968",
      "75400141777894",
      "04008429160509",
      "04008429160301"
    ],
    "topCategoryName": "Huisdieren",
    "topCategoryId": "670",
    "businessDomain": "RETAIL_BE",
    "IsPrivateLabel": false,
    "IsBiffe": false,
    "WeightconversionFactor": "0",
    "IsWeightArticle": false,
    "IsBio": false,
    "CountryOfOrigin": "DUITSLAND",
    "IsExclusivelySoldInLuxembourg": false,
    "OrderUnit": "P",
    "ShortName": "PERF.FIT STER.RUND1+750",
    "IsNew": false,
    "RecentQuanityOfStockUnits": "1",
    "LongName": "PERFECT FIT sterile rund 1+ 750g",
    "FicCode": "N"
  },
  {
    "productId": "314857",
    "technicalArticleNumber": "3743660",
    "commercialArticleNumber": "13250",
    "name": "Dry kip 1+",
    "description": "*1+ jaar\n*Droge voeding\n*Kip",
    "brand": "WHISKAS",
    "seoBrand": "Whiskas",
    "thumbNail": "https://static.colruytgroup.com/images/200x200/std.lang.all/62/79/asset-3176279.jpg",
    "fullImage": "https://static.colruytgroup.com/images/500x500/std.lang.all/62/79/asset-3176279.jpg",
    "squareImage": "https://static.colruytgroup.com/images/500x500sq/std.lang.all/62/79/asset-3176279.jpg",
    "content": "1,9kg",
    "walkRouteSequenceNumber": 2467,
    "price": {
      "basicPrice": 6.89,
      "recommendedQuantity": "1.0",
      "measurementUnitPrice": 3.63,
      "measurementUnit": "K",
      "isRedPrice": false,
      "pricePerUOM": 3.63,
      "activationDate": "11-03-2024",
      "recordSource": "Offline",
      "isPromoActive": "N",
      "priceChangeCode": "E"
    },
    "isAvailable": true,
    "isPriceAvailable": true,
    "inPromo": false,
    "gtin": [
      "05900951258572",
      "05900951258589"
    ],
    "topCategoryName": "Huisdieren",
    "topCategoryId": "670",
    "businessDomain": "RETAIL_BE",
    "IsPrivateLabel": false,
    "IsBiffe": false,
    "WeightconversionFactor": "0",
    "IsWeightArticle": false,
    "IsBio": false,
    "CountryOfOrigin": "POLEN",
    "IsExclusivelySoldInLuxembourg": false,
    "OrderUnit": "P",
    "ShortName": "WHIS DRY KIP 1+ 1.9KG",
    "IsNew": false,
    "RecentQuanityOfStockUnits": "1,6",
    "LongName": "WHISKAS Dry kip 1+ 1,9kg",
    "AlcoholVolume": "0",
    "FicCode": "N"
  },
  {
    "productId": "239981",
    "technicalArticleNumber": "3538198",
    "commercialArticleNumber": "11055",
    "name": "mini filets saus gev. pouch",
    "description": "*Natte voeding\n*In saus\n*Gevogelte",
    "brand": "SHEBA",
    "seoBrand": "Sheba",
    "thumbNail": "https://static.colruytgroup.com/images/200x200/std.lang.all/19/08/asset-2111908.jpg",
    "fullImage": "https://static.colruytgroup.com/images/500x500/std.lang.all/19/08/asset-2111908.jpg",
    "squareImage": "https://static.colruytgroup.com/images/500x500sq/std.lang.all/19/08/asset-2111908.jpg",
    "content": "4x85g",
    "walkRouteSequenceNumber": 2445,
    "price": {
      "basicPrice": 3.99,
      "recommendedQuantity": "1.0",
      "measurementUnitPrice": 11.74,
      "measurementUnit": "K",
      "isRedPrice": false,
      "pricePerUOM": 11.74,
      "activationDate": "14-03-2024",
      "recordSource": "Online",
      "isPromoActive": "N",
      "priceChangeCode": "E"
    },
    "isAvailable": true,
    "isPriceAvailable": true,
    "inPromo": false,
    "gtin": [
      "04770608254254",
      "15400141292630",
      "25400141277498",
      "05400141381979",
      "04770608254278"
    ],
    "topCategoryName": "Huisdieren",
    "topCategoryId": "670",
    "businessDomain": "RETAIL_BE",
    "IsPrivateLabel": false,
    "IsBiffe": false,
    "WeightconversionFactor": "0",
    "IsWeightArticle": false,
    "IsBio": false,
    "CountryOfOrigin": "FRANKRIJK",
    "IsExclusivelySoldInLuxembourg": false,
    "OrderUnit": "P",
    "ShortName": "SHEBA MINFIL.GEV.4X85G",
    "IsNew": false,
    "RecentQuanityOfStockUnits": "3,1",
    "LongName": "SHEBA mini filets saus gev. pouch 4x85g",
    "AlcoholVolume": "0",
    "FicCode": "N"
  },
  {
    "productId": "273925",
    "technicalArticleNumber": "3627931",
    "commercialArticleNumber": "133225",
    "name": "navulling poepzakjes bl-gr",
    "description": "*Voor hond",
    "brand": "YANA",
    "seoBrand": "Yana",
    "thumbNail": "https://static.colruytgroup.com/images/200x200/std.lang.all/67/92/asset-2616792.jpg",
    "fullImage": "https://static.colruytgroup.com/images/500x500/std.lang.all/67/92/asset-2616792.jpg",
    "squareImage": "https://static.colruytgroup.com/images/500x500sq/std.lang.all/67/92/asset-2616792.jpg",
    "content": "4x15st",
    "walkRouteSequenceNumber": 3088,
    "price": {
      "basicPrice": 2.99,
      "recommendedQuantity": "1.0",
      "measurementUnitPrice": 0.75,
      "measurementUnit": "S",
      "isRedPrice": false,
      "pricePerUOM": 0.75,
      "activationDate": "29-02-2024",
      "isPromoActive": "N",
      "priceChangeCode": "H"
    },
    "isAvailable": true,
    "isPriceAvailable": true,
    "inPromo": false,
    "gtin": [
      "15411468101734",
      "05411468101737",
      "25411468101731"
    ],
    "topCategoryName": "Huisdieren",
    "topCategoryId": "670",
    "businessDomain": "NON_FOOD",
    "IsPrivateLabel": false,
    "IsBiffe": false,
    "IsWeightArticle": false,
    "RecentQuanityOfStockUnits": "1",
    "LongName": "YANA navulling poepzakjes bl-gr 4x15st",
    "IsBio": false,
    "CountryOfOrigin": "CHINA (VOLKSREBUPLIEK)",
    "FicCode": "N",
    "OrderUnit": "P",
    "ShortName": "YANA POEPZAK BL-GR 4X15",
    "IsNew": false
  },
  {
    "productId": "284286",
    "technicalArticleNumber": "3665472",
    "commercialArticleNumber": "133272",
    "name": "Dentalife Large",
    "description": "*Voor hond",
    "brand": "PURINA",
    "seoBrand": "Purina Dentalife",
    "thumbNail": "https://static.colruytgroup.com/images/200x200/std.lang.all/05/50/asset-1240550.jpg",
    "fullImage": "https://static.colruytgroup.com/images/500x500/std.lang.all/05/50/asset-1240550.jpg",
    "squareImage": "https://static.colruytgroup.com/images/500x500sq/std.lang.all/05/50/asset-1240550.jpg",
    "content": "12st",
    "walkRouteSequenceNumber": 2655,
    "price": {
      "basicPrice": 4.99,
      "recommendedQuantity": "1.0",
      "measurementUnitPrice": 11.72,
      "measurementUnit": "K",
      "isRedPrice": false,
      "pricePerUOM": 11.72,
      "activationDate": "12-03-2024",
      "recordSource": "Offline",
      "isPromoActive": "N",
      "priceChangeCode": "H"
    },
    "isAvailable": true,
    "isPriceAvailable": true,
    "inPromo": false,
    "gtin": [
      "07613035692374",
      "07613035379770"
    ],
    "topCategoryName": "Huisdieren",
    "topCategoryId": "670",
    "businessDomain": "NON_FOOD",
    "IsPrivateLabel": false,
    "IsBiffe": false,
    "IsWeightArticle": false,
    "RecentQuanityOfStockUnits": "1,5",
    "LongName": "PURINA Dentalife Large 12st",
    "IsBio": false,
    "AlcoholVolume": "0",
    "CountryOfOrigin": "DUITSLAND",
    "FicCode": "N",
    "OrderUnit": "P",
    "ShortName": "PUR.DENTALIFE L 426G",
    "IsNew": false
  },
  {
    "productId": "757575",
    "technicalArticleNumber": "4534010",
    "commercialArticleNumber": "18200",
    "name": "Junior malse reepjes",
    "description": "*Voeding voor kittens\n*Natte voeding",
    "brand": "FELIX",
    "seoBrand": "Felix",
    "thumbNail": "https://static.colruytgroup.com/images/200x200/std.lang.all/69/33/asset-2706933.jpg",
    "fullImage": "https://static.colruytgroup.com/images/500x500/std.lang.all/69/33/asset-2706933.jpg",
    "squareImage": "https://static.colruytgroup.com/images/500x500sq/std.lang.all/69/33/asset-2706933.jpg",
    "content": "12x85g",
    "walkRouteSequenceNumber": 2361,
    "price": {
      "basicPrice": 6.88,
      "recommendedQuantity": "1.0",
      "measurementUnitPrice": 6.75,
      "measurementUnit": "K",
      "isRedPrice": false,
      "pricePerUOM": 6.75,
      "activationDate": "05-03-2024",
      "recordSource": "Offline",
      "isPromoActive": "N",
      "priceChangeCode": "H"
    },
    "isAvailable": true,
    "isPriceAvailable": true,
    "inPromo": false,
    "gtin": [
      "07613287328472",
      "07613287328489"
    ],
    "topCategoryName": "Huisdieren",
    "topCategoryId": "670",
    "businessDomain": "RETAIL_BE",
    "IsPrivateLabel": false,
    "IsBiffe": false,
    "WeightconversionFactor": "0",
    "IsWeightArticle": false,
    "IsBio": false,
    "CountryOfOrigin": "FRANKRIJK",
    "IsExclusivelySoldInLuxembourg": false,
    "OrderUnit": "P",
    "ShortName": "FELI JR.REEPJES 12X85G",
    "IsNew": false,
    "RecentQuanityOfStockUnits": "1,6",
    "LongName": "FELIX Junior malse reepjes 12x85g",
    "FicCode": "E"
  },
  {
    "productId": "612191",
    "technicalArticleNumber": "4286027",
    "commercialArticleNumber": "19862",
    "name": "Pouch sterilcat",
    "description": "*Voor steriele\nkatten\n*Nat",
    "brand": "PURINA ONE",
    "seoBrand": "Purina One",
    "thumbNail": "https://static.colruytgroup.com/images/200x200/std.lang.all/21/98/asset-2192198.jpg",
    "fullImage": "https://static.colruytgroup.com/images/500x500/std.lang.all/21/98/asset-2192198.jpg",
    "squareImage": "https://static.colruytgroup.com/images/500x500sq/std.lang.all/21/98/asset-2192198.jpg",
    "content": "8x85g",
    "walkRouteSequenceNumber": 2470,
    "price": {
      "basicPrice": 6.54,
      "recommendedQuantity": "1.0",
      "measurementUnitPrice": 9.62,
      "measurementUnit": "K",
      "isRedPrice": false,
      "pricePerUOM": 9.62,
      "activationDate": "08-03-2024",
      "recordSource": "Offline",
      "isPromoActive": "N",
      "priceChangeCode": "H"
    },
    "isAvailable": true,
    "isPriceAvailable": true,
    "inPromo": false,
    "gtin": [
      "07613039167175",
      "07613039167168"
    ],
    "topCategoryName": "Huisdieren",
    "topCategoryId": "670",
    "businessDomain": "RETAIL_BE",
    "IsPrivateLabel": false,
    "IsBiffe": false,
    "WeightconversionFactor": "0",
    "IsWeightArticle": false,
    "IsBio": false,
    "CountryOfOrigin": "POLEN",
    "IsExclusivelySoldInLuxembourg": false,
    "OrderUnit": "P",
    "ShortName": "PURI POU.STERILCAT8X85G",
    "IsNew": false,
    "RecentQuanityOfStockUnits": "1",
    "LongName": "PURINA ONE Pouch sterilcat 8x85g",
    "FicCode": "N"
  },
  {
    "productId": "53471",
    "technicalArticleNumber": "2403943",
    "commercialArticleNumber": "819144",
    "name": "Beefstick salami rund",
    "description": "*Voor hond",
    "brand": "VITAKRAFT",
    "seoBrand": "Vitakraft",
    "thumbNail": "https://static.colruytgroup.com/images/200x200/std.lang.all/57/48/asset-2425748.jpg",
    "fullImage": "https://static.colruytgroup.com/images/500x500/std.lang.all/57/48/asset-2425748.jpg",
    "squareImage": "https://static.colruytgroup.com/images/500x500sq/std.lang.all/57/48/asset-2425748.jpg",
    "content": "4st",
    "walkRouteSequenceNumber": 2617,
    "price": {
      "basicPrice": 2.79,
      "recommendedQuantity": "1.0",
      "measurementUnitPrice": 58.13,
      "measurementUnit": "K",
      "isRedPrice": false,
      "pricePerUOM": 58.13,
      "activationDate": "15-02-2024",
      "recordSource": "Offline",
      "isPromoActive": "N",
      "priceChangeCode": "H"
    },
    "isAvailable": true,
    "isPriceAvailable": true,
    "inPromo": false,
    "gtin": [
      "04008239120809",
      "04008239609960"
    ],
    "topCategoryName": "Huisdieren",
    "topCategoryId": "670",
    "businessDomain": "NON_FOOD",
    "IsPrivateLabel": false,
    "IsBiffe": false,
    "IsWeightArticle": false,
    "RecentQuanityOfStockUnits": "1,10",
    "LongName": "VITAKRAFT Beefstick salami rund 4st",
    "IsBio": false,
    "CountryOfOrigin": "DUITSLAND",
    "FicCode": "N",
    "OrderUnit": "P",
    "ShortName": "VITAK.BEEFST.RUND 4 ST",
    "IsNew": false
  },
  {
    "productId": "83524",
    "technicalArticleNumber": "2995382",
    "commercialArticleNumber": "133020",
    "name": "party mix mixed grill",
    "description": "*Voor kat\n*Met rund/kip/zalm",
    "brand": "FELIX",
    "seoBrand": "Purina Felix",
    "thumbNail": "https://static.colruytgroup.com/images/200x200/std.lang.all/83/01/asset-2178301.jpg",
    "fullImage": "https://static.colruytgroup.com/images/500x500/std.lang.all/83/01/asset-2178301.jpg",
    "squareImage": "https://static.colruytgroup.com/images/500x500sq/std.lang.all/83/01/asset-2178301.jpg",
    "content": "60g",
    "walkRouteSequenceNumber": 2534,
    "price": {
      "basicPrice": 1.95,
      "recommendedQuantity": "1.0",
      "measurementUnitPrice": 32.5,
      "measurementUnit": "K",
      "isRedPrice": false,
      "pricePerUOM": 32.5,
      "activationDate": "13-03-2024",
      "recordSource": "Offline",
      "isPromoActive": "N",
      "priceChangeCode": "E"
    },
    "isAvailable": true,
    "isPriceAvailable": true,
    "inPromo": true,
    "promotion": [
      {
        "techPromoId": "100931COLR",
        "promotionId": "100931",
        "promotionType": "3",
        "isPersonalized": "N",
        "publicationStartDate": "13-03-2024",
        "publicationEndDate": "26-03-2024"
      }
    ],
    "gtin": [
      "07613033737107",
      "07613033737091"
    ],
    "topCategoryName": "Huisdieren",
    "topCategoryId": "670",
    "businessDomain": "NON_FOOD",
    "IsPrivateLabel": false,
    "IsBiffe": false,
    "IsWeightArticle": false,
    "RecentQuanityOfStockUnits": "1",
    "LongName": "FELIX party mix mixed grill 60g",
    "IsBio": false,
    "AlcoholVolume": "0",
    "CountryOfOrigin": "BELGIË",
    "FicCode": "N",
    "OrderUnit": "P",
    "ShortName": "FEL.PARTYMIX MIXED GRIL",
    "IsNew": false
  },
  {
    "productId": "845246",
    "technicalArticleNumber": "4691027",
    "commercialArticleNumber": "5858",
    "name": "Revelations mousse tonijn",
    "description": "*Kattenvoeding\n*Natte voeding",
    "brand": "GOURMET",
    "seoBrand": "Gourmet",
    "thumbNail": "https://static.colruytgroup.com/images/200x200/std.lang.all/85/47/asset-3318547.jpg",
    "fullImage": "https://static.colruytgroup.com/images/500x500/std.lang.all/85/47/asset-3318547.jpg",
    "squareImage": "https://static.colruytgroup.com/images/500x500sq/std.lang.all/85/47/asset-3318547.jpg",
    "content": "4x57g",
    "walkRouteSequenceNumber": 2479,
    "price": {
      "basicPrice": 3.99,
      "recommendedQuantity": "1.0",
      "measurementUnitPrice": 17.5,
      "measurementUnit": "K",
      "isRedPrice": false,
      "pricePerUOM": 17.5,
      "activationDate": "22-03-2024",
      "recordSource": "Offline",
      "isPromoActive": "N",
      "priceChangeCode": "H"
    },
    "isAvailable": true,
    "isPriceAvailable": true,
    "inPromo": false,
    "gtin": [
      "07613287080646",
      "07613287080653"
    ],
    "topCategoryName": "Huisdieren",
    "topCategoryId": "670",
    "businessDomain": "RETAIL_BE",
    "IsPrivateLabel": false,
    "IsBiffe": false,
    "WeightconversionFactor": "0",
    "IsWeightArticle": false,
    "IsBio": false,
    "CountryOfOrigin": "POLEN",
    "IsExclusivelySoldInLuxembourg": false,
    "OrderUnit": "P",
    "ShortName": "GOUR RELEVAT.TONIJN4X57",
    "IsNew": false,
    "RecentQuanityOfStockUnits": "1,6",
    "LongName": "GOURMET Revelations mousse tonijn 4x57g",
    "FicCode": "E"
  },
  {
    "productId": "124395",
    "technicalArticleNumber": "3206093",
    "commercialArticleNumber": "1650",
    "name": "kattenbakvulling Silica",
    "description": "*Niet klontervormend\n*Silica gel\n*Sterk absorberend,\nlangdurige werking",
    "brand": "BONI",
    "seoBrand": "Boni Selection",
    "thumbNail": "https://static.colruytgroup.com/images/200x200/std.lang.all/27/64/asset-3332764.jpg",
    "fullImage": "https://static.colruytgroup.com/images/500x500/std.lang.all/27/64/asset-3332764.jpg",
    "squareImage": "https://static.colruytgroup.com/images/500x500sq/std.lang.all/27/64/asset-3332764.jpg",
    "content": "5L",
    "walkRouteSequenceNumber": 2434,
    "price": {
      "basicPrice": 9.99,
      "recommendedQuantity": "1.0",
      "measurementUnitPrice": 2,
      "measurementUnit": "L",
      "isRedPrice": false,
      "pricePerUOM": 2,
      "activationDate": "05-03-2024",
      "isPromoActive": "N",
      "priceChangeCode": "E"
    },
    "isAvailable": true,
    "isPriceAvailable": true,
    "inPromo": false,
    "gtin": [
      "15400141893974",
      "05400141218855",
      "15400141871262",
      "05400141255119"
    ],
    "topCategoryName": "Huisdieren",
    "topCategoryId": "670",
    "businessDomain": "RETAIL_BE",
    "IsPrivateLabel": true,
    "IsBiffe": false,
    "WeightconversionFactor": "0",
    "IsWeightArticle": false,
    "IsBio": false,
    "CountryOfOrigin": "OEKRAÏNE",
    "IsExclusivelySoldInLuxembourg": false,
    "OrderUnit": "P",
    "ShortName": "BONI KATTENBAKV.SILICA",
    "IsNew": false,
    "RecentQuanityOfStockUnits": "1",
    "LongName": "BONI kattenbakvulling Silica 5L",
    "AlcoholVolume": "0",
    "FicCode": "N"
  },
  {
    "productId": "275984",
    "technicalArticleNumber": "3665484",
    "commercialArticleNumber": "133273",
    "name": "Dentalife Mini",
    "description": "*Voor hond",
    "brand": "PURINA",
    "seoBrand": "Purina Dentalife",
    "thumbNail": "https://static.colruytgroup.com/images/200x200/std.lang.all/85/49/asset-2348549.jpg",
    "fullImage": "https://static.colruytgroup.com/images/500x500/std.lang.all/85/49/asset-2348549.jpg",
    "squareImage": "https://static.colruytgroup.com/images/500x500sq/std.lang.all/85/49/asset-2348549.jpg",
    "content": "345g",
    "walkRouteSequenceNumber": 2653,
    "price": {
      "basicPrice": 4.69,
      "recommendedQuantity": "1.0",
      "measurementUnitPrice": 13.6,
      "measurementUnit": "K",
      "isRedPrice": false,
      "pricePerUOM": 13.6,
      "activationDate": "12-03-2024",
      "recordSource": "Online",
      "isPromoActive": "N",
      "priceChangeCode": "E"
    },
    "isAvailable": true,
    "isPriceAvailable": true,
    "inPromo": false,
    "gtin": [
      "07613035379053",
      "07613035692398",
      "07613287021489"
    ],
    "topCategoryName": "Huisdieren",
    "topCategoryId": "670",
    "businessDomain": "NON_FOOD",
    "IsPrivateLabel": false,
    "IsBiffe": false,
    "IsWeightArticle": false,
    "RecentQuanityOfStockUnits": "1,5",
    "LongName": "PURINA Dentalife Mini 345g",
    "IsBio": false,
    "AlcoholVolume": "0",
    "CountryOfOrigin": "DUITSLAND",
    "FicCode": "N",
    "OrderUnit": "P",
    "ShortName": "PUR.DENTALIFE S 345G",
    "IsNew": false
  },
  {
    "productId": "276700",
    "technicalArticleNumber": "3660356",
    "commercialArticleNumber": "13659",
    "name": "Gold torentjes",
    "description": "*Stukjes in saus",
    "brand": "GOURMET",
    "seoBrand": "Gourmet",
    "thumbNail": "https://static.colruytgroup.com/images/200x200/std.lang.all/46/81/asset-1174681.jpg",
    "fullImage": "https://static.colruytgroup.com/images/500x500/std.lang.all/46/81/asset-1174681.jpg",
    "squareImage": "https://static.colruytgroup.com/images/500x500sq/std.lang.all/46/81/asset-1174681.jpg",
    "content": "12x85g",
    "walkRouteSequenceNumber": 2485,
    "price": {
      "basicPrice": 8.53,
      "recommendedQuantity": "1.0",
      "measurementUnitPrice": 8.37,
      "measurementUnit": "K",
      "isRedPrice": false,
      "pricePerUOM": 8.37,
      "activationDate": "05-01-2024",
      "recordSource": "Offline",
      "isPromoActive": "N",
      "priceChangeCode": "L"
    },
    "isAvailable": true,
    "isPriceAvailable": true,
    "inPromo": false,
    "gtin": [
      "07613035461703",
      "07613035461710"
    ],
    "topCategoryName": "Huisdieren",
    "topCategoryId": "670",
    "businessDomain": "RETAIL_BE",
    "IsPrivateLabel": false,
    "IsBiffe": false,
    "WeightconversionFactor": "0",
    "IsWeightArticle": false,
    "IsBio": false,
    "CountryOfOrigin": "FRANKRIJK",
    "IsExclusivelySoldInLuxembourg": false,
    "OrderUnit": "P",
    "ShortName": "GOUR GOLD TO.VLE.12X85G",
    "IsNew": false,
    "RecentQuanityOfStockUnits": "1",
    "LongName": "GOURMET Gold torentjes 12x85g",
    "AlcoholVolume": "0",
    "FicCode": "N"
  },
  {
    "productId": "620840",
    "technicalArticleNumber": "4300053",
    "commercialArticleNumber": "23553",
    "name": "perle gevogelte",
    "brand": "GOURMET",
    "seoBrand": "Gourmet",
    "thumbNail": "https://static.colruytgroup.com/images/200x200/std.lang.all/49/75/asset-2194975.jpg",
    "fullImage": "https://static.colruytgroup.com/images/500x500/std.lang.all/49/75/asset-2194975.jpg",
    "squareImage": "https://static.colruytgroup.com/images/500x500sq/std.lang.all/49/75/asset-2194975.jpg",
    "content": "4x85g",
    "walkRouteSequenceNumber": 2481,
    "price": {
      "basicPrice": 3.99,
      "recommendedQuantity": "1.0",
      "measurementUnitPrice": 11.74,
      "measurementUnit": "K",
      "isRedPrice": false,
      "pricePerUOM": 11.74,
      "activationDate": "14-03-2024",
      "recordSource": "Offline",
      "isPromoActive": "N",
      "priceChangeCode": "E"
    },
    "isAvailable": true,
    "isPriceAvailable": true,
    "inPromo": false,
    "gtin": [
      "07613039280010",
      "07613039280027"
    ],
    "topCategoryName": "Huisdieren",
    "topCategoryId": "670",
    "businessDomain": "RETAIL_BE",
    "IsPrivateLabel": false,
    "IsBiffe": false,
    "WeightconversionFactor": "0",
    "IsWeightArticle": false,
    "IsBio": false,
    "CountryOfOrigin": "FRANKRIJK",
    "IsExclusivelySoldInLuxembourg": false,
    "OrderUnit": "P",
    "ShortName": "GOUR PERLE GEVOGEL4X85G",
    "IsNew": false,
    "RecentQuanityOfStockUnits": "1",
    "LongName": "GOURMET perle gevogelte 4x85g",
    "FicCode": "N"
  },
  {
    "productId": "796174",
    "technicalArticleNumber": "4606590",
    "commercialArticleNumber": "29454",
    "name": "chicken stew",
    "description": "*Voor volwassen\nhonden",
    "brand": "BONI",
    "seoBrand": "Boni Selection",
    "thumbNail": "https://static.colruytgroup.com/images/200x200/nl_be/27/90/asset-3332790.jpg",
    "fullImage": "https://static.colruytgroup.com/images/500x500/nl_be/27/90/asset-3332790.jpg",
    "squareImage": "https://static.colruytgroup.com/images/500x500sq/nl_be/27/90/asset-3332790.jpg",
    "content": "1,22kg",
    "walkRouteSequenceNumber": 2754,
    "price": {
      "basicPrice": 1.69,
      "recommendedQuantity": "1.0",
      "measurementUnitPrice": 1.39,
      "measurementUnit": "K",
      "isRedPrice": false,
      "pricePerUOM": 1.39,
      "activationDate": "23-03-2024",
      "recordSource": "Offline",
      "isPromoActive": "N",
      "priceChangeCode": "L"
    },
    "isAvailable": true,
    "isPriceAvailable": true,
    "inPromo": false,
    "gtin": [
      "05400141443806",
      "15400141443803"
    ],
    "topCategoryName": "Huisdieren",
    "topCategoryId": "670",
    "businessDomain": "RETAIL_BE",
    "IsPrivateLabel": true,
    "IsBiffe": false,
    "WeightconversionFactor": "0",
    "IsWeightArticle": false,
    "IsBio": false,
    "CountryOfOrigin": "NEDERLAND",
    "IsExclusivelySoldInLuxembourg": false,
    "OrderUnit": "P",
    "ShortName": "BONI CHICKEN STEW1.22KG",
    "IsNew": false,
    "RecentQuanityOfStockUnits": "1,6",
    "LongName": "BONI chicken stew 1,22kg",
    "FicCode": "I"
  },
  {
    "productId": "861124",
    "technicalArticleNumber": "4712139",
    "commercialArticleNumber": "18978",
    "name": "vlees in saus 7+",
    "description": "*Brokjes in saus\n*Vlees in saus\n*7+",
    "brand": "WHISKAS",
    "seoBrand": "Whiskas",
    "thumbNail": "https://static.colruytgroup.com/images/200x200/std.lang.all/81/94/asset-3178194.jpg",
    "fullImage": "https://static.colruytgroup.com/images/500x500/std.lang.all/81/94/asset-3178194.jpg",
    "squareImage": "https://static.colruytgroup.com/images/500x500sq/std.lang.all/81/94/asset-3178194.jpg",
    "content": "12x85g",
    "walkRouteSequenceNumber": 2408,
    "price": {
      "basicPrice": 5.99,
      "recommendedQuantity": "1.0",
      "measurementUnitPrice": 5.88,
      "measurementUnit": "K",
      "isRedPrice": false,
      "pricePerUOM": 5.88,
      "activationDate": "12-03-2024",
      "recordSource": "Offline",
      "isPromoActive": "N",
      "priceChangeCode": "L"
    },
    "isAvailable": true,
    "isPriceAvailable": true,
    "inPromo": false,
    "gtin": [
      "03065890155336",
      "03065890155787"
    ],
    "topCategoryName": "Huisdieren",
    "topCategoryId": "670",
    "businessDomain": "RETAIL_BE",
    "IsPrivateLabel": false,
    "IsBiffe": false,
    "WeightconversionFactor": "0",
    "IsWeightArticle": false,
    "IsBio": false,
    "CountryOfOrigin": "FRANKRIJK",
    "IsExclusivelySoldInLuxembourg": false,
    "OrderUnit": "P",
    "ShortName": "WHIS VLEES SAUS 7+12X85",
    "IsNew": false,
    "RecentQuanityOfStockUnits": "1",
    "LongName": "WHISKAS vlees in saus 7+ 12x85g",
    "AlcoholVolume": "0",
    "FicCode": "N"
  },
  {
    "productId": "861124",
    "technicalArticleNumber": "4712139",
    "commercialArticleNumber": "18978",
    "name": "vlees in saus 7+",
    "description": "*Brokjes in saus\n*Vlees in saus\n*7+",
    "brand": "WHISKAS",
    "seoBrand": "Whiskas",
    "thumbNail": "https://static.colruytgroup.com/images/200x200/std.lang.all/81/94/asset-3178194.jpg",
    "fullImage": "https://static.colruytgroup.com/images/500x500/std.lang.all/81/94/asset-3178194.jpg",
    "squareImage": "https://static.colruytgroup.com/images/500x500sq/std.lang.all/81/94/asset-3178194.jpg",
    "content": "12x85g",
    "walkRouteSequenceNumber": 2408,
    "price": {
      "basicPrice": 5.99,
      "recommendedQuantity": "1.0",
      "measurementUnitPrice": 5.88,
      "measurementUnit": "K",
      "isRedPrice": false,
      "pricePerUOM": 5.88,
      "activationDate": "12-03-2024",
      "recordSource": "Offline",
      "isPromoActive": "N",
      "priceChangeCode": "L"
    },
    "isAvailable": true,
    "isPriceAvailable": true,
    "inPromo": false,
    "gtin": [
      "03065890155336",
      "03065890155787"
    ],
    "topCategoryName": "Huisdieren",
    "topCategoryId": "670",
    "businessDomain": "RETAIL_BE",
    "IsPrivateLabel": false,
    "IsBiffe": false,
    "WeightconversionFactor": "0",
    "IsWeightArticle": false,
    "IsBio": false,
    "CountryOfOrigin": "FRANKRIJK",
    "IsExclusivelySoldInLuxembourg": false,
    "OrderUnit": "P",
    "ShortName": "WHIS VLEES SAUS 7+12X85",
    "IsNew": false,
    "RecentQuanityOfStockUnits": "1",
    "LongName": "WHISKAS vlees in saus 7+ 12x85g",
    "AlcoholVolume": "0",
    "FicCode": "N"
  },
  {
    "productId": "84825",
    "technicalArticleNumber": "2987617",
    "commercialArticleNumber": "133008",
    "name": "Snacks met rundvlees",
    "description": "*Voor kat",
    "brand": "CATISFACTIONS",
    "seoBrand": "Catisfactions",
    "thumbNail": "https://static.colruytgroup.com/images/200x200/std.lang.all/72/95/asset-3267295.jpg",
    "fullImage": "https://static.colruytgroup.com/images/500x500/std.lang.all/72/95/asset-3267295.jpg",
    "squareImage": "https://static.colruytgroup.com/images/500x500sq/std.lang.all/72/95/asset-3267295.jpg",
    "content": "60g",
    "walkRouteSequenceNumber": 2543,
    "price": {
      "basicPrice": 1.89,
      "recommendedQuantity": "1.0",
      "measurementUnitPrice": 31.5,
      "measurementUnit": "K",
      "isRedPrice": false,
      "pricePerUOM": 31.5,
      "activationDate": "20-02-2024",
      "recordSource": "Offline",
      "isPromoActive": "N",
      "priceChangeCode": "E"
    },
    "isAvailable": true,
    "isPriceAvailable": true,
    "inPromo": false,
    "gtin": [
      "05998749121375",
      "05998749121368",
      "05410216033412",
      "05410216033405"
    ],
    "topCategoryName": "Huisdieren",
    "topCategoryId": "670",
    "businessDomain": "NON_FOOD",
    "IsPrivateLabel": false,
    "IsBiffe": false,
    "IsWeightArticle": false,
    "RecentQuanityOfStockUnits": "3,1",
    "LongName": "CATISFACTIONS Snacks met rundvlees 60g",
    "IsBio": false,
    "AlcoholVolume": "0",
    "CountryOfOrigin": "BELGIË",
    "FicCode": "N",
    "OrderUnit": "P",
    "ShortName": "CATISFACTIONS RUND 60G",
    "IsNew": false
  },
  {
    "productId": "705957",
    "technicalArticleNumber": "4442367",
    "commercialArticleNumber": "11713",
    "name": "revelation zalm",
    "brand": "GOURMET",
    "seoBrand": "Gourmet",
    "thumbNail": "https://static.colruytgroup.com/images/200x200/std.lang.all/72/63/asset-2537263.jpg",
    "fullImage": "https://static.colruytgroup.com/images/500x500/std.lang.all/72/63/asset-2537263.jpg",
    "squareImage": "https://static.colruytgroup.com/images/500x500sq/std.lang.all/72/63/asset-2537263.jpg",
    "content": "4x57g",
    "walkRouteSequenceNumber": 2477,
    "price": {
      "basicPrice": 3.79,
      "recommendedQuantity": "1.0",
      "measurementUnitPrice": 16.63,
      "measurementUnit": "K",
      "isRedPrice": false,
      "pricePerUOM": 16.63,
      "activationDate": "18-03-2024",
      "recordSource": "Offline",
      "isPromoActive": "N",
      "priceChangeCode": "E"
    },
    "isAvailable": true,
    "isPriceAvailable": true,
    "inPromo": false,
    "gtin": [
      "07613287080066",
      "07613287080059"
    ],
    "topCategoryName": "Huisdieren",
    "topCategoryId": "670",
    "businessDomain": "RETAIL_BE",
    "IsPrivateLabel": false,
    "IsBiffe": false,
    "WeightconversionFactor": "0",
    "IsWeightArticle": false,
    "IsBio": false,
    "CountryOfOrigin": "POLEN",
    "IsExclusivelySoldInLuxembourg": false,
    "OrderUnit": "P",
    "ShortName": "GOUR REVELATI.ZALM4X57G",
    "IsNew": false,
    "RecentQuanityOfStockUnits": "1,6",
    "LongName": "GOURMET revelation zalm 4x57g",
    "FicCode": "N"
  },
  {
    "productId": "469688",
    "technicalArticleNumber": "4058738",
    "commercialArticleNumber": "6755",
    "name": "Senior Chicken",
    "description": "*Droge voeding\n*Kip",
    "brand": "PERFECT FIT",
    "seoBrand": "Perfect Fit",
    "thumbNail": "https://static.colruytgroup.com/images/200x200/std.lang.all/29/23/asset-3352923.jpg",
    "fullImage": "https://static.colruytgroup.com/images/500x500/std.lang.all/29/23/asset-3352923.jpg",
    "squareImage": "https://static.colruytgroup.com/images/500x500sq/std.lang.all/29/23/asset-3352923.jpg",
    "content": "1,4kg",
    "walkRouteSequenceNumber": 2464,
    "price": {
      "basicPrice": 9.05,
      "recommendedQuantity": "1.0",
      "measurementUnitPrice": 6.47,
      "measurementUnit": "K",
      "isRedPrice": false,
      "pricePerUOM": 6.47,
      "activationDate": "22-02-2024",
      "recordSource": "Offline",
      "isPromoActive": "N",
      "priceChangeCode": "H"
    },
    "isAvailable": true,
    "isPriceAvailable": true,
    "inPromo": false,
    "gtin": [
      "04008429104466",
      "04008429104473",
      "05900951291463",
      "05900951308499",
      "05900951308147"
    ],
    "topCategoryName": "Huisdieren",
    "topCategoryId": "670",
    "businessDomain": "RETAIL_BE",
    "IsPrivateLabel": false,
    "IsBiffe": false,
    "WeightconversionFactor": "0",
    "IsWeightArticle": false,
    "IsBio": false,
    "CountryOfOrigin": "POLEN",
    "IsExclusivelySoldInLuxembourg": false,
    "OrderUnit": "P",
    "ShortName": "PERF SENIOR CHICKEN1.4K",
    "IsNew": false,
    "RecentQuanityOfStockUnits": "1",
    "LongName": "PERFECT FIT Senior Chicken 1,4kg",
    "FicCode": "N"
  },
  {
    "productId": "489020",
    "technicalArticleNumber": "4039284",
    "commercialArticleNumber": "133131",
    "name": "dental sticks maxi",
    "brand": "BONI",
    "seoBrand": "Boni Selection",
    "thumbNail": "https://static.colruytgroup.com/images/200x200/std.lang.all/11/65/asset-3361165.jpg",
    "fullImage": "https://static.colruytgroup.com/images/500x500/std.lang.all/11/65/asset-3361165.jpg",
    "squareImage": "https://static.colruytgroup.com/images/500x500sq/std.lang.all/11/65/asset-3361165.jpg",
    "content": "28st",
    "walkRouteSequenceNumber": 2672,
    "price": {
      "basicPrice": 5.49,
      "recommendedQuantity": "1.0",
      "measurementUnitPrice": 5.09,
      "measurementUnit": "K",
      "isRedPrice": false,
      "pricePerUOM": 5.09,
      "activationDate": "27-12-2023",
      "recordSource": "Offline",
      "isPromoActive": "N",
      "priceChangeCode": "H"
    },
    "isAvailable": true,
    "isPriceAvailable": true,
    "inPromo": false,
    "gtin": [
      "15400141470878",
      "05400141470871",
      "05400141247657",
      "15400141247654"
    ],
    "topCategoryName": "Huisdieren",
    "topCategoryId": "670",
    "businessDomain": "NON_FOOD",
    "IsPrivateLabel": true,
    "IsBiffe": false,
    "IsWeightArticle": false,
    "RecentQuanityOfStockUnits": "1,1,4",
    "LongName": "BONI dental sticks maxi 28st",
    "IsBio": false,
    "CountryOfOrigin": "BELGIË",
    "FicCode": "N",
    "OrderUnit": "P",
    "ShortName": "BONI DENTA MAXI 28ST",
    "IsNew": false
  },
  {
    "productId": "861269",
    "technicalArticleNumber": "4712399",
    "commercialArticleNumber": "22046",
    "name": "1+ jaar Gevogelte Saus",
    "description": "*1+ jaar\n*Natte voeding\n*In saus\n*Gevogelte",
    "brand": "WHISKAS",
    "seoBrand": "Whiskas",
    "thumbNail": "https://static.colruytgroup.com/images/200x200/std.lang.all/79/30/asset-3177930.jpg",
    "fullImage": "https://static.colruytgroup.com/images/500x500/std.lang.all/79/30/asset-3177930.jpg",
    "squareImage": "https://static.colruytgroup.com/images/500x500sq/std.lang.all/79/30/asset-3177930.jpg",
    "content": "12x85g",
    "walkRouteSequenceNumber": 2409,
    "price": {
      "basicPrice": 5.99,
      "recommendedQuantity": "1.0",
      "quantityPrice": 4.94,
      "quantityPriceQuantity": "2.0",
      "measurementUnitPrice": 5.88,
      "measurementUnitQuantityPrice": 4.85,
      "measurementUnit": "K",
      "isRedPrice": false,
      "pricePerUOM": 5.88,
      "activationDate": "13-03-2024",
      "recordSource": "Offline",
      "isPromoActive": "N",
      "priceChangeCode": "E",
      "quantityPricePerUOM": 4.85,
      "quantityActivationDate": "13-03-2024",
      "quantityPriceChangeCode": "H"
    },
    "isAvailable": true,
    "isPriceAvailable": true,
    "inPromo": false,
    "gtin": [
      "05900951303012",
      "05900951303814"
    ],
    "topCategoryName": "Huisdieren",
    "topCategoryId": "670",
    "businessDomain": "RETAIL_BE",
    "IsPrivateLabel": false,
    "IsBiffe": false,
    "WeightconversionFactor": "0",
    "IsWeightArticle": false,
    "IsBio": false,
    "CountryOfOrigin": "POLEN",
    "IsExclusivelySoldInLuxembourg": false,
    "OrderUnit": "P",
    "ShortName": "WHIS GEVOG.SAUS1+ 12X85",
    "IsNew": false,
    "RecentQuanityOfStockUnits": "1",
    "LongName": "WHISKAS 1+ jaar Gevogelte Saus 12x85g",
    "AlcoholVolume": "0",
    "FicCode": "N"
  },
  {
    "productId": "156694",
    "technicalArticleNumber": "3279093",
    "commercialArticleNumber": "133148",
    "name": "snack hond Bon Bacon",
    "description": "*Voor hond",
    "brand": "FRISKIES",
    "seoBrand": "Purina Friskies",
    "thumbNail": "https://static.colruytgroup.com/images/200x200/std.lang.all/57/19/asset-2415719.jpg",
    "fullImage": "https://static.colruytgroup.com/images/500x500/std.lang.all/57/19/asset-2415719.jpg",
    "squareImage": "https://static.colruytgroup.com/images/500x500sq/std.lang.all/57/19/asset-2415719.jpg",
    "content": "120g",
    "walkRouteSequenceNumber": 2650,
    "price": {
      "basicPrice": 1.44,
      "recommendedQuantity": "1.0",
      "measurementUnitPrice": 12,
      "measurementUnit": "K",
      "isRedPrice": false,
      "pricePerUOM": 12,
      "activationDate": "21-03-2024",
      "recordSource": "Folder",
      "isPromoActive": "N",
      "priceChangeCode": "L"
    },
    "isAvailable": true,
    "isPriceAvailable": true,
    "inPromo": false,
    "gtin": [
      "07613033444845",
      "07613033444838"
    ],
    "topCategoryName": "Huisdieren",
    "topCategoryId": "670",
    "businessDomain": "NON_FOOD",
    "IsPrivateLabel": false,
    "IsBiffe": false,
    "IsWeightArticle": false,
    "RecentQuanityOfStockUnits": "1,6",
    "LongName": "FRISKIES snack hond Bon Bacon 120g",
    "IsBio": false,
    "CountryOfOrigin": "DUITSLAND",
    "FicCode": "N",
    "OrderUnit": "P",
    "ShortName": "FRISKIES BON BACON 120G",
    "IsNew": false
  },
  {
    "productId": "32162",
    "technicalArticleNumber": "1666132",
    "commercialArticleNumber": "445827",
    "name": "Dentastix M 10-25 kg",
    "description": "*Voor hond",
    "brand": "PEDIGREE",
    "seoBrand": "Pedigree Dentastix",
    "thumbNail": "https://static.colruytgroup.com/images/200x200/std.lang.all/43/94/asset-2524394.jpg",
    "fullImage": "https://static.colruytgroup.com/images/500x500/std.lang.all/43/94/asset-2524394.jpg",
    "squareImage": "https://static.colruytgroup.com/images/500x500sq/std.lang.all/43/94/asset-2524394.jpg",
    "content": "28st",
    "walkRouteSequenceNumber": 2689,
    "price": {
      "basicPrice": 6.12,
      "recommendedQuantity": "1.0",
      "measurementUnitPrice": 8.5,
      "measurementUnit": "K",
      "isRedPrice": false,
      "pricePerUOM": 8.5,
      "activationDate": "12-03-2024",
      "recordSource": "Folder",
      "isPromoActive": "N",
      "priceChangeCode": "L"
    },
    "isAvailable": true,
    "isPriceAvailable": true,
    "inPromo": false,
    "gtin": [
      "05998749108260",
      "05998749108277"
    ],
    "topCategoryName": "Huisdieren",
    "topCategoryId": "670",
    "businessDomain": "NON_FOOD",
    "IsPrivateLabel": false,
    "IsBiffe": false,
    "IsWeightArticle": false,
    "RecentQuanityOfStockUnits": "1,4",
    "LongName": "PEDIGREE Dentastix M 10-25 kg 28st",
    "IsBio": false,
    "AlcoholVolume": "0",
    "CountryOfOrigin": "BELGIË",
    "FicCode": "N",
    "OrderUnit": "P",
    "ShortName": "PED.DENTASTIX MED 28ST",
    "IsNew": false
  },
  {
    "productId": "114448",
    "technicalArticleNumber": "3002719",
    "commercialArticleNumber": "133030",
    "name": "Pindanoten",
    "description": "*Voor vogel",
    "brand": "YANA",
    "seoBrand": "Yana",
    "thumbNail": "https://static.colruytgroup.com/images/200x200/std.lang.all/31/22/asset-2943122.jpg",
    "fullImage": "https://static.colruytgroup.com/images/500x500/std.lang.all/31/22/asset-2943122.jpg",
    "squareImage": "https://static.colruytgroup.com/images/500x500sq/std.lang.all/31/22/asset-2943122.jpg",
    "content": "900+100g",
    "walkRouteSequenceNumber": 2507,
    "price": {
      "basicPrice": 4.49,
      "recommendedQuantity": "1.0",
      "measurementUnitPrice": 0.412,
      "measurementUnit": "K",
      "isRedPrice": false,
      "pricePerUOM": 0.412,
      "activationDate": "15-03-2024",
      "recordSource": "Offline",
      "isPromoActive": "N",
      "priceChangeCode": "L"
    },
    "isAvailable": true,
    "isPriceAvailable": true,
    "inPromo": false,
    "gtin": [
      "05411468112269",
      "15411468112266"
    ],
    "topCategoryName": "Huisdieren",
    "topCategoryId": "670",
    "businessDomain": "NON_FOOD",
    "IsPrivateLabel": false,
    "IsBiffe": false,
    "IsWeightArticle": false,
    "RecentQuanityOfStockUnits": "1",
    "LongName": "YANA Pindanoten 900+100g",
    "IsBio": false,
    "CountryOfOrigin": "BELGIË",
    "FicCode": "N",
    "OrderUnit": "P",
    "ShortName": "YANA PINDANOOT 900+100G",
    "IsNew": false
  },
  {
    "productId": "116160",
    "technicalArticleNumber": "3041308",
    "commercialArticleNumber": "133064",
    "name": "chicken rolls",
    "description": "*Voor hond",
    "brand": "BONI",
    "seoBrand": "Boni Selection",
    "thumbNail": "https://static.colruytgroup.com/images/200x200/std.lang.all/79/49/asset-687949.jpg",
    "fullImage": "https://static.colruytgroup.com/images/500x500/std.lang.all/79/49/asset-687949.jpg",
    "squareImage": "https://static.colruytgroup.com/images/500x500sq/std.lang.all/79/49/asset-687949.jpg",
    "content": "100g",
    "walkRouteSequenceNumber": 2645,
    "price": {
      "basicPrice": 3.29,
      "recommendedQuantity": "1.0",
      "measurementUnitPrice": 32.9,
      "measurementUnit": "K",
      "isRedPrice": false,
      "pricePerUOM": 32.9,
      "activationDate": "09-03-2024",
      "recordSource": "Online",
      "isPromoActive": "N",
      "priceChangeCode": "L"
    },
    "isAvailable": true,
    "isPriceAvailable": true,
    "inPromo": false,
    "gtin": [
      "05400141024111",
      "05400141218480",
      "15400141027126",
      "15400141028123",
      "15400141896302",
      "15400141896319"
    ],
    "topCategoryName": "Huisdieren",
    "topCategoryId": "670",
    "businessDomain": "NON_FOOD",
    "IsPrivateLabel": true,
    "IsBiffe": false,
    "IsWeightArticle": false,
    "RecentQuanityOfStockUnits": "1",
    "LongName": "BONI chicken rolls 100g",
    "IsBio": false,
    "AlcoholVolume": "0",
    "CountryOfOrigin": "BELGIË",
    "FicCode": "N",
    "OrderUnit": "P",
    "ShortName": "BONI CHICKEN ROLLS",
    "IsNew": false
  },
  {
    "productId": "757889",
    "technicalArticleNumber": "4534270",
    "commercialArticleNumber": "18830",
    "name": "reepjes groent.gelei",
    "description": "*Kattenvoeding\n*Natte voeding\n*Met groenten",
    "brand": "FELIX",
    "seoBrand": "Felix",
    "thumbNail": "https://static.colruytgroup.com/images/200x200/std.lang.all/75/91/asset-2707591.jpg",
    "fullImage": "https://static.colruytgroup.com/images/500x500/std.lang.all/75/91/asset-2707591.jpg",
    "squareImage": "https://static.colruytgroup.com/images/500x500sq/std.lang.all/75/91/asset-2707591.jpg",
    "content": "12x85g",
    "walkRouteSequenceNumber": 2355,
    "price": {
      "basicPrice": 6.88,
      "recommendedQuantity": "1.0",
      "measurementUnitPrice": 6.75,
      "measurementUnit": "K",
      "isRedPrice": false,
      "pricePerUOM": 6.75,
      "activationDate": "08-03-2024",
      "recordSource": "Offline",
      "isPromoActive": "N",
      "priceChangeCode": "H"
    },
    "isAvailable": true,
    "isPriceAvailable": true,
    "inPromo": false,
    "gtin": [
      "07613287328458"
    ],
    "topCategoryName": "Huisdieren",
    "topCategoryId": "670",
    "businessDomain": "RETAIL_BE",
    "IsPrivateLabel": false,
    "IsBiffe": false,
    "WeightconversionFactor": "0",
    "IsWeightArticle": false,
    "IsBio": false,
    "CountryOfOrigin": "FRANKRIJK",
    "IsExclusivelySoldInLuxembourg": false,
    "OrderUnit": "P",
    "ShortName": "FELI REEP GR GEL 12X85G",
    "IsNew": false,
    "RecentQuanityOfStockUnits": "1",
    "LongName": "FELIX reepjes groent.gelei 12x85g",
    "FicCode": "E"
  },
  {
    "productId": "23122",
    "technicalArticleNumber": "2187370",
    "commercialArticleNumber": "819022",
    "name": "Snacks Temptations kip-kaas",
    "description": "*Voor kat",
    "brand": "WHISKAS",
    "seoBrand": "Whiskas",
    "thumbNail": "https://static.colruytgroup.com/images/200x200/std.lang.all/25/43/asset-3452543.jpg",
    "fullImage": "https://static.colruytgroup.com/images/500x500/std.lang.all/25/43/asset-3452543.jpg",
    "squareImage": "https://static.colruytgroup.com/images/500x500sq/std.lang.all/25/43/asset-3452543.jpg",
    "walkRouteSequenceNumber": 2553,
    "price": {
      "basicPrice": 1.99,
      "recommendedQuantity": "1.0",
      "measurementUnitPrice": 33.17,
      "measurementUnit": "K",
      "isRedPrice": false,
      "pricePerUOM": 33.17,
      "activationDate": "20-02-2024",
      "recordSource": "Offline",
      "isPromoActive": "N",
      "priceChangeCode": "E"
    },
    "isAvailable": true,
    "isPriceAvailable": true,
    "inPromo": false,
    "gtin": [
      "05400141819021",
      "05400141445961",
      "05998749108550",
      "05998749108567"
    ],
    "topCategoryName": "Huisdieren",
    "topCategoryId": "670",
    "businessDomain": "NON_FOOD",
    "IsPrivateLabel": false,
    "IsBiffe": false,
    "IsWeightArticle": false,
    "RecentQuanityOfStockUnits": "1,8",
    "LongName": "WHISKAS Snacks Temptations kip-kaas",
    "IsBio": false,
    "AlcoholVolume": "0",
    "CountryOfOrigin": "BELGIË",
    "FicCode": "N",
    "OrderUnit": "P",
    "ShortName": "WHISK.TEMPT KIP 60GR",
    "IsNew": false
  },
  {
    "productId": "115543",
    "technicalArticleNumber": "3041260",
    "commercialArticleNumber": "133060",
    "name": "Chicken Twists",
    "description": "*Voor hond",
    "brand": "BONI",
    "seoBrand": "Boni Selection",
    "thumbNail": "https://static.colruytgroup.com/images/200x200/std.lang.all/79/45/asset-687945.jpg",
    "fullImage": "https://static.colruytgroup.com/images/500x500/std.lang.all/79/45/asset-687945.jpg",
    "squareImage": "https://static.colruytgroup.com/images/500x500sq/std.lang.all/79/45/asset-687945.jpg",
    "content": "170g",
    "walkRouteSequenceNumber": 2641,
    "price": {
      "basicPrice": 4.99,
      "recommendedQuantity": "1.0",
      "measurementUnitPrice": 29.36,
      "measurementUnit": "K",
      "isRedPrice": false,
      "pricePerUOM": 29.36,
      "activationDate": "08-02-2023",
      "isPromoActive": "N",
      "priceChangeCode": "H"
    },
    "isAvailable": true,
    "isPriceAvailable": true,
    "inPromo": false,
    "gtin": [
      "15400141133063",
      "15400141139140",
      "05400141217865",
      "05400141024074",
      "15400141896180",
      "15400141896173",
      "15400141217862"
    ],
    "topCategoryName": "Huisdieren",
    "topCategoryId": "670",
    "businessDomain": "NON_FOOD",
    "IsPrivateLabel": true,
    "IsBiffe": false,
    "IsWeightArticle": false,
    "RecentQuanityOfStockUnits": "1,10",
    "LongName": "BONI Chicken Twists 170g",
    "IsBio": false,
    "CountryOfOrigin": "CHINA (VOLKSREBUPLIEK)",
    "FicCode": "N",
    "OrderUnit": "P",
    "ShortName": "BONI CHICKEN TWISTS",
    "IsNew": false
  },
  {
    "productId": "2951",
    "technicalArticleNumber": "445235",
    "commercialArticleNumber": "445235",
    "name": "kauwbeen 8,5 cm",
    "description": "*Voor hond",
    "brand": "BONI",
    "seoBrand": "Boni Selection",
    "thumbNail": "https://static.colruytgroup.com/images/200x200/std.lang.all/77/89/asset-567789.jpg",
    "fullImage": "https://static.colruytgroup.com/images/500x500/std.lang.all/77/89/asset-567789.jpg",
    "squareImage": "https://static.colruytgroup.com/images/500x500sq/std.lang.all/77/89/asset-567789.jpg",
    "content": "10st",
    "walkRouteSequenceNumber": 2603,
    "price": {
      "basicPrice": 4.78,
      "recommendedQuantity": "1.0",
      "measurementUnitPrice": 0.478,
      "measurementUnit": "S",
      "isRedPrice": false,
      "pricePerUOM": 0.478,
      "activationDate": "07-10-2023",
      "recordSource": "Online",
      "isPromoActive": "N",
      "priceChangeCode": "L"
    },
    "isAvailable": true,
    "isPriceAvailable": true,
    "inPromo": false,
    "gtin": [
      "05400141423198",
      "15400141995494",
      "05400141254341",
      "05400141452358",
      "15400141452355",
      "15400141870845",
      "15400141922315",
      "05400141256123"
    ],
    "topCategoryName": "Huisdieren",
    "topCategoryId": "670",
    "businessDomain": "NON_FOOD",
    "IsPrivateLabel": true,
    "IsBiffe": false,
    "IsWeightArticle": false,
    "RecentQuanityOfStockUnits": "1",
    "LongName": "BONI kauwbeen 8,5 cm 10st",
    "IsBio": false,
    "CountryOfOrigin": "CHINA (VOLKSREBUPLIEK)",
    "FicCode": "N",
    "OrderUnit": "P",
    "ShortName": "BONI 10 BEENTJES8.5CM",
    "IsNew": false
  },
  {
    "productId": "108286",
    "technicalArticleNumber": "3106532",
    "commercialArticleNumber": "26749",
    "name": "Sterile 1+ kip",
    "description": "*Voor\ngesteriliseerde\nkatten 1+\n*Droge voeding\n*Kip",
    "brand": "PERFECT FIT",
    "seoBrand": "Perfect Fit",
    "thumbNail": "https://static.colruytgroup.com/images/200x200/std.lang.all/87/99/asset-3248799.jpg",
    "fullImage": "https://static.colruytgroup.com/images/500x500/std.lang.all/87/99/asset-3248799.jpg",
    "squareImage": "https://static.colruytgroup.com/images/500x500sq/std.lang.all/87/99/asset-3248799.jpg",
    "content": "1,4kg",
    "walkRouteSequenceNumber": 2462,
    "price": {
      "basicPrice": 10.2,
      "recommendedQuantity": "1.0",
      "measurementUnitPrice": 7.29,
      "measurementUnit": "K",
      "isRedPrice": false,
      "pricePerUOM": 7.29,
      "activationDate": "14-03-2024",
      "recordSource": "Offline",
      "isPromoActive": "N",
      "priceChangeCode": "H"
    },
    "isAvailable": true,
    "isPriceAvailable": true,
    "inPromo": false,
    "gtin": [
      "04008429035906",
      "04008429051135",
      "04008429089930",
      "04008429089947",
      "04008429160592",
      "04008429160394",
      "04008429137549"
    ],
    "topCategoryName": "Huisdieren",
    "topCategoryId": "670",
    "businessDomain": "RETAIL_BE",
    "IsPrivateLabel": false,
    "IsBiffe": false,
    "WeightconversionFactor": "0",
    "IsWeightArticle": false,
    "IsBio": false,
    "CountryOfOrigin": "DUITSLAND",
    "IsExclusivelySoldInLuxembourg": false,
    "OrderUnit": "P",
    "ShortName": "PERF.FIT.STE1+ KIP1K400",
    "IsNew": false,
    "RecentQuanityOfStockUnits": "1,5",
    "LongName": "PERFECT FIT Sterile 1+ kip 1,4kg",
    "AlcoholVolume": "0",
    "FicCode": "N"
  },
  {
    "productId": "679943",
    "technicalArticleNumber": "4398152",
    "commercialArticleNumber": "24549",
    "name": "pouch",
    "brand": "PEDIGREE",
    "seoBrand": "Pedigree",
    "thumbNail": "https://ecgproductmw.colruytgroup.com/ecgproductmw/noPicForArticle_2.jpg",
    "fullImage": "https://ecgproductmw.colruytgroup.com/ecgproductmw/noPicForArticle_5.jpg",
    "squareImage": "https://ecgproductmw.colruytgroup.com/ecgproductmw/noPicForArticle_5.jpg",
    "content": "12x100g",
    "walkRouteSequenceNumber": 2751,
    "price": {
      "basicPrice": 6.99,
      "recommendedQuantity": "1.0",
      "measurementUnitPrice": 5.83,
      "measurementUnit": "K",
      "isRedPrice": false,
      "pricePerUOM": 5.83,
      "activationDate": "12-03-2024",
      "recordSource": "Online",
      "isPromoActive": "N",
      "priceChangeCode": "H"
    },
    "isAvailable": true,
    "isPriceAvailable": true,
    "inPromo": false,
    "gtin": [
      "03065890133440",
      "03065890133457"
    ],
    "topCategoryName": "Huisdieren",
    "topCategoryId": "670",
    "businessDomain": "RETAIL_BE",
    "IsPrivateLabel": false,
    "IsBiffe": false,
    "WeightconversionFactor": "0",
    "IsWeightArticle": false,
    "IsBio": false,
    "CountryOfOrigin": "FRANKRIJK",
    "IsExclusivelySoldInLuxembourg": false,
    "OrderUnit": "P",
    "ShortName": "PEDI POUCH 12X100G",
    "IsNew": false,
    "RecentQuanityOfStockUnits": "1",
    "LongName": "PEDIGREE pouch 12x100g",
    "FicCode": "N"
  },
  {
    "productId": "836021",
    "technicalArticleNumber": "4678296",
    "commercialArticleNumber": "2188",
    "name": "mini fillets pouch",
    "brand": "BONI",
    "seoBrand": "Boni Selection",
    "thumbNail": "https://static.colruytgroup.com/images/200x200/std.lang.all/62/98/asset-3346298.jpg",
    "fullImage": "https://static.colruytgroup.com/images/500x500/std.lang.all/62/98/asset-3346298.jpg",
    "squareImage": "https://static.colruytgroup.com/images/500x500sq/std.lang.all/62/98/asset-3346298.jpg",
    "content": "12x85g",
    "walkRouteSequenceNumber": 2419,
    "price": {
      "basicPrice": 5.99,
      "recommendedQuantity": "1.0",
      "measurementUnitPrice": 5.88,
      "measurementUnit": "K",
      "isRedPrice": false,
      "pricePerUOM": 5.88,
      "activationDate": "09-03-2024",
      "recordSource": "Offline",
      "isPromoActive": "N",
      "priceChangeCode": "E"
    },
    "isAvailable": true,
    "isPriceAvailable": true,
    "inPromo": false,
    "gtin": [
      "05400141606034",
      "15400141606031"
    ],
    "topCategoryName": "Huisdieren",
    "topCategoryId": "670",
    "businessDomain": "RETAIL_BE",
    "IsPrivateLabel": true,
    "IsBiffe": false,
    "WeightconversionFactor": "0",
    "IsWeightArticle": false,
    "IsBio": false,
    "CountryOfOrigin": "TSJECHIË (REPUBLIEK)",
    "IsExclusivelySoldInLuxembourg": false,
    "OrderUnit": "P",
    "ShortName": "BONI MALS.RE.L.FIL12X85",
    "IsNew": false,
    "RecentQuanityOfStockUnits": "1,4",
    "LongName": "BONI mini fillets pouch 12x85g",
    "FicCode": "I"
  },
  {
    "productId": "51086",
    "technicalArticleNumber": "2182024",
    "commercialArticleNumber": "819017",
    "name": "kauwvarkensoren",
    "description": "*Voor hond",
    "brand": "BONI",
    "seoBrand": "Boni Selection",
    "thumbNail": "https://static.colruytgroup.com/images/200x200/std.lang.all/07/31/asset-630731.jpg",
    "fullImage": "https://static.colruytgroup.com/images/500x500/std.lang.all/07/31/asset-630731.jpg",
    "squareImage": "https://static.colruytgroup.com/images/500x500sq/std.lang.all/07/31/asset-630731.jpg",
    "content": "5st",
    "walkRouteSequenceNumber": 2598,
    "price": {
      "basicPrice": 9.98,
      "recommendedQuantity": "1.0",
      "measurementUnitPrice": 2,
      "measurementUnit": "S",
      "isRedPrice": false,
      "pricePerUOM": 2,
      "activationDate": "14-11-2023",
      "recordSource": "Online",
      "isPromoActive": "N",
      "priceChangeCode": "E"
    },
    "isAvailable": true,
    "isPriceAvailable": true,
    "inPromo": false,
    "gtin": [
      "15400141895664",
      "15400141817048",
      "05400141817041",
      "05400141218732",
      "05400141023602",
      "05400141012187"
    ],
    "topCategoryName": "Huisdieren",
    "topCategoryId": "670",
    "businessDomain": "NON_FOOD",
    "IsPrivateLabel": true,
    "IsBiffe": false,
    "IsWeightArticle": false,
    "RecentQuanityOfStockUnits": "1",
    "LongName": "BONI kauwvarkensoren 5st",
    "IsBio": false,
    "AlcoholVolume": "0",
    "CountryOfOrigin": "BELGIË",
    "FicCode": "N",
    "OrderUnit": "P",
    "ShortName": "BON GEDR VARKENSOOR 5ST",
    "IsNew": false
  },
  {
    "productId": "30245",
    "technicalArticleNumber": "1661096",
    "commercialArticleNumber": "445815",
    "name": "Dentastix honden 5-10 kg",
    "description": "*Voor hond",
    "brand": "PEDIGREE",
    "seoBrand": "Pedigree Dentastix",
    "thumbNail": "https://static.colruytgroup.com/images/200x200/std.lang.all/75/33/asset-377533.jpg",
    "fullImage": "https://static.colruytgroup.com/images/500x500/std.lang.all/75/33/asset-377533.jpg",
    "squareImage": "https://static.colruytgroup.com/images/500x500sq/std.lang.all/75/33/asset-377533.jpg",
    "content": "7st",
    "walkRouteSequenceNumber": 2685,
    "price": {
      "basicPrice": 1.99,
      "recommendedQuantity": "1.0",
      "measurementUnitPrice": 18.1,
      "measurementUnit": "K",
      "isRedPrice": false,
      "pricePerUOM": 18.1,
      "activationDate": "17-02-2024",
      "recordSource": "Offline",
      "isPromoActive": "N",
      "priceChangeCode": "E"
    },
    "isAvailable": true,
    "isPriceAvailable": true,
    "inPromo": false,
    "gtin": [
      "05010394984577",
      "05010394051323",
      "05998749114391"
    ],
    "topCategoryName": "Huisdieren",
    "topCategoryId": "670",
    "businessDomain": "NON_FOOD",
    "IsPrivateLabel": false,
    "IsBiffe": false,
    "IsWeightArticle": false,
    "RecentQuanityOfStockUnits": "10,1",
    "LongName": "PEDIGREE Dentastix honden 5-10 kg 7st",
    "IsBio": false,
    "AlcoholVolume": "0",
    "CountryOfOrigin": "BELGIË",
    "FicCode": "N",
    "OrderUnit": "P",
    "ShortName": "PED. DENTA MINI 110G 7P",
    "IsNew": false
  },
  {
    "productId": "142899",
    "technicalArticleNumber": "3302592",
    "commercialArticleNumber": "133171",
    "name": "Liquid snacks kip",
    "description": "*Voor kat\n*Met kip/taurine",
    "brand": "VITAKRAFT",
    "seoBrand": "Vitakraft",
    "thumbNail": "https://static.colruytgroup.com/images/200x200/std.lang.all/57/55/asset-2425755.jpg",
    "fullImage": "https://static.colruytgroup.com/images/500x500/std.lang.all/57/55/asset-2425755.jpg",
    "squareImage": "https://static.colruytgroup.com/images/500x500sq/std.lang.all/57/55/asset-2425755.jpg",
    "content": "6x15g",
    "walkRouteSequenceNumber": 2519,
    "price": {
      "basicPrice": 2.79,
      "recommendedQuantity": "1.0",
      "measurementUnitPrice": 31,
      "measurementUnit": "K",
      "isRedPrice": false,
      "pricePerUOM": 31,
      "activationDate": "27-02-2024",
      "recordSource": "Offline",
      "isPromoActive": "N",
      "priceChangeCode": "L"
    },
    "isAvailable": true,
    "isPriceAvailable": true,
    "inPromo": false,
    "gtin": [
      "04008239734532",
      "07610376164249"
    ],
    "topCategoryName": "Huisdieren",
    "topCategoryId": "670",
    "businessDomain": "NON_FOOD",
    "IsPrivateLabel": false,
    "IsBiffe": false,
    "IsWeightArticle": false,
    "RecentQuanityOfStockUnits": "1,11",
    "LongName": "VITAKRAFT Liquid snacks kip 6x15g",
    "IsBio": false,
    "CountryOfOrigin": "DUITSLAND",
    "FicCode": "N",
    "OrderUnit": "P",
    "ShortName": "VIT.LIQ.SNACK KIP 6ST",
    "IsNew": false
  },
  {
    "productId": "32161",
    "technicalArticleNumber": "1666081",
    "commercialArticleNumber": "445826",
    "name": "Dentastix 5-10kg",
    "description": "*Voor hond",
    "brand": "PEDIGREE",
    "seoBrand": "Pedigree",
    "thumbNail": "https://static.colruytgroup.com/images/200x200/std.lang.all/43/93/asset-2524393.jpg",
    "fullImage": "https://static.colruytgroup.com/images/500x500/std.lang.all/43/93/asset-2524393.jpg",
    "squareImage": "https://static.colruytgroup.com/images/500x500sq/std.lang.all/43/93/asset-2524393.jpg",
    "content": "28st",
    "walkRouteSequenceNumber": 2688,
    "price": {
      "basicPrice": 5.12,
      "recommendedQuantity": "1.0",
      "measurementUnitPrice": 11.64,
      "measurementUnit": "K",
      "isRedPrice": false,
      "pricePerUOM": 11.64,
      "activationDate": "12-03-2024",
      "recordSource": "Folder",
      "isPromoActive": "N",
      "priceChangeCode": "L"
    },
    "isAvailable": true,
    "isPriceAvailable": true,
    "inPromo": false,
    "gtin": [
      "05998749105306",
      "05998749108109",
      "05998749105245",
      "05000166151627",
      "05998749108093"
    ],
    "topCategoryName": "Huisdieren",
    "topCategoryId": "670",
    "businessDomain": "NON_FOOD",
    "IsPrivateLabel": false,
    "IsBiffe": false,
    "IsWeightArticle": false,
    "RecentQuanityOfStockUnits": "1",
    "LongName": "PEDIGREE Dentastix 5-10kg 28st",
    "IsBio": false,
    "AlcoholVolume": "0",
    "CountryOfOrigin": "BELGIË",
    "FicCode": "N",
    "OrderUnit": "P",
    "ShortName": "PED DENTA MINI 440G 28P",
    "IsNew": false
  },
  {
    "productId": "55385",
    "technicalArticleNumber": "2388291",
    "commercialArticleNumber": "819111",
    "name": "snack hond Picnic Variety",
    "description": "*Voor hond",
    "brand": "FRISKIES",
    "seoBrand": "Purina Friskies",
    "thumbNail": "https://static.colruytgroup.com/images/200x200/std.lang.all/88/83/asset-1478883.jpg",
    "fullImage": "https://static.colruytgroup.com/images/500x500/std.lang.all/88/83/asset-1478883.jpg",
    "squareImage": "https://static.colruytgroup.com/images/500x500sq/std.lang.all/88/83/asset-1478883.jpg",
    "content": "15st",
    "walkRouteSequenceNumber": 2670,
    "price": {
      "basicPrice": 1.57,
      "recommendedQuantity": "1.0",
      "measurementUnitPrice": 12.47,
      "measurementUnit": "K",
      "isRedPrice": false,
      "pricePerUOM": 12.47,
      "activationDate": "21-03-2024",
      "recordSource": "Folder",
      "isPromoActive": "N",
      "priceChangeCode": "L"
    },
    "isAvailable": true,
    "isPriceAvailable": true,
    "inPromo": false,
    "gtin": [
      "07613035715639",
      "08710421008395",
      "07613034754004",
      "07613033206252",
      "07613033206245",
      "05410213009861"
    ],
    "topCategoryName": "Huisdieren",
    "topCategoryId": "670",
    "businessDomain": "NON_FOOD",
    "IsPrivateLabel": false,
    "IsBiffe": false,
    "IsWeightArticle": false,
    "RecentQuanityOfStockUnits": "1",
    "LongName": "FRISKIES snack hond Picnic Variety 15st",
    "IsBio": false,
    "AlcoholVolume": "0",
    "CountryOfOrigin": "BELGIË",
    "FicCode": "N",
    "OrderUnit": "P",
    "ShortName": "FRISKIES PICNIC VAR 15S",
    "IsNew": false
  },
  {
    "productId": "54866",
    "technicalArticleNumber": "2457841",
    "commercialArticleNumber": "819156",
    "name": "Premium knaagdieren",
    "description": "*Voor knaagdier",
    "brand": "YANA",
    "seoBrand": "Yana",
    "thumbNail": "https://static.colruytgroup.com/images/200x200/std.lang.all/39/55/asset-3003955.jpg",
    "fullImage": "https://static.colruytgroup.com/images/500x500/std.lang.all/39/55/asset-3003955.jpg",
    "squareImage": "https://static.colruytgroup.com/images/500x500sq/std.lang.all/39/55/asset-3003955.jpg",
    "content": "1,5kg",
    "walkRouteSequenceNumber": 2491,
    "price": {
      "basicPrice": 5.89,
      "recommendedQuantity": "1.0",
      "measurementUnitPrice": 3.93,
      "measurementUnit": "K",
      "isRedPrice": false,
      "pricePerUOM": 3.93,
      "activationDate": "22-02-2023",
      "isPromoActive": "N",
      "priceChangeCode": "E"
    },
    "isAvailable": true,
    "isPriceAvailable": true,
    "inPromo": false,
    "gtin": [
      "05400141819151",
      "15411468120506",
      "05411468120509"
    ],
    "topCategoryName": "Huisdieren",
    "topCategoryId": "670",
    "businessDomain": "NON_FOOD",
    "IsPrivateLabel": false,
    "IsBiffe": false,
    "IsWeightArticle": false,
    "RecentQuanityOfStockUnits": "1",
    "LongName": "YANA Premium knaagdieren 1,5kg",
    "IsBio": false,
    "CountryOfOrigin": "BELGIË",
    "FicCode": "N",
    "OrderUnit": "P",
    "ShortName": "YANA KNAAGDIEREN 1.5KG",
    "IsNew": false
  },
  {
    "productId": "23919",
    "technicalArticleNumber": "2221570",
    "commercialArticleNumber": "1483",
    "name": "hond Active rund",
    "description": "*Voor actieve honden\n*Droge voeding\n*Vlees, chicorei\n*Bevordert de\nspijsvertering",
    "brand": "FRISKIES",
    "seoBrand": "Friskies",
    "thumbNail": "https://static.colruytgroup.com/images/200x200/std.lang.all/10/17/asset-1461017.jpg",
    "fullImage": "https://static.colruytgroup.com/images/500x500/std.lang.all/10/17/asset-1461017.jpg",
    "squareImage": "https://static.colruytgroup.com/images/500x500sq/std.lang.all/10/17/asset-1461017.jpg",
    "content": "4kg",
    "walkRouteSequenceNumber": 2737,
    "price": {
      "basicPrice": 10.19,
      "recommendedQuantity": "1.0",
      "measurementUnitPrice": 2.55,
      "measurementUnit": "K",
      "isRedPrice": false,
      "pricePerUOM": 2.55,
      "activationDate": "14-11-2023",
      "recordSource": "Offline",
      "isPromoActive": "N",
      "priceChangeCode": "E"
    },
    "isAvailable": true,
    "isPriceAvailable": true,
    "inPromo": false,
    "gtin": [
      "07613036703277",
      "03010470181632",
      "03010470481633"
    ],
    "topCategoryName": "Huisdieren",
    "topCategoryId": "670",
    "businessDomain": "RETAIL_BE",
    "IsPrivateLabel": false,
    "IsBiffe": false,
    "WeightconversionFactor": "0",
    "IsWeightArticle": false,
    "IsBio": false,
    "CountryOfOrigin": "FRANKRIJK",
    "IsExclusivelySoldInLuxembourg": false,
    "OrderUnit": "P",
    "ShortName": "FRISK. CHIEN DRY ACT.4K",
    "IsNew": false,
    "RecentQuanityOfStockUnits": "1,3",
    "LongName": "FRISKIES hond Active rund 4kg",
    "AlcoholVolume": "0",
    "FicCode": "N"
  },
  {
    "productId": "2952",
    "technicalArticleNumber": "445237",
    "commercialArticleNumber": "445237",
    "name": "kauwsticks",
    "description": "*Aanvullende voeding\nvolwassen hond\n*Van buffelhuid",
    "brand": "BONI",
    "seoBrand": "Boni Selection",
    "thumbNail": "https://static.colruytgroup.com/images/200x200/std.lang.all/56/11/asset-685611.jpg",
    "fullImage": "https://static.colruytgroup.com/images/500x500/std.lang.all/56/11/asset-685611.jpg",
    "squareImage": "https://static.colruytgroup.com/images/500x500sq/std.lang.all/56/11/asset-685611.jpg",
    "content": "50st",
    "walkRouteSequenceNumber": 2604,
    "price": {
      "basicPrice": 6.79,
      "recommendedQuantity": "1.0",
      "measurementUnitPrice": 0.136,
      "measurementUnit": "S",
      "isRedPrice": false,
      "pricePerUOM": 0.136,
      "activationDate": "14-11-2023",
      "isPromoActive": "N",
      "priceChangeCode": "E"
    },
    "isAvailable": true,
    "isPriceAvailable": true,
    "inPromo": false,
    "gtin": [
      "15400141870821",
      "05400141452372",
      "05400141255867",
      "05400141218442",
      "05400141023671",
      "15400141995425",
      "15400141896296",
      "15400141452379"
    ],
    "topCategoryName": "Huisdieren",
    "topCategoryId": "670",
    "businessDomain": "NON_FOOD",
    "IsPrivateLabel": true,
    "IsBiffe": false,
    "IsWeightArticle": false,
    "RecentQuanityOfStockUnits": "1",
    "LongName": "BONI kauwsticks 50st",
    "IsBio": false,
    "CountryOfOrigin": "CHINA (VOLKSREBUPLIEK)",
    "FicCode": "N",
    "OrderUnit": "P",
    "ShortName": "BONI KAUWSIGARET 50ST",
    "IsNew": false
  },
  {
    "productId": "872830",
    "technicalArticleNumber": "4727247",
    "commercialArticleNumber": "23804",
    "name": "HFC Natural Atl. Tonijn",
    "description": "*Natte voeding\n*Tonijn",
    "brand": "ALMO NATURE",
    "seoBrand": "Almo Nature",
    "thumbNail": "https://static.colruytgroup.com/images/200x200/std.lang.all/24/06/asset-3252406.jpg",
    "fullImage": "https://static.colruytgroup.com/images/500x500/std.lang.all/24/06/asset-3252406.jpg",
    "squareImage": "https://static.colruytgroup.com/images/500x500sq/std.lang.all/24/06/asset-3252406.jpg",
    "content": "70g",
    "walkRouteSequenceNumber": 2391,
    "price": {
      "basicPrice": 1.39,
      "recommendedQuantity": "1.0",
      "measurementUnitPrice": 19.86,
      "measurementUnit": "K",
      "isRedPrice": false,
      "pricePerUOM": 19.86,
      "activationDate": "12-01-2024",
      "recordSource": "Offline",
      "isPromoActive": "N",
      "priceChangeCode": "L"
    },
    "isAvailable": true,
    "isPriceAvailable": true,
    "inPromo": false,
    "gtin": [
      "18001154122920",
      "08001154004076"
    ],
    "topCategoryName": "Huisdieren",
    "topCategoryId": "670",
    "businessDomain": "RETAIL_BE",
    "IsPrivateLabel": false,
    "IsBiffe": false,
    "WeightconversionFactor": "0",
    "IsWeightArticle": false,
    "IsBio": false,
    "CountryOfOrigin": "NEDERLAND",
    "IsExclusivelySoldInLuxembourg": false,
    "OrderUnit": "P",
    "ShortName": "ALMO CAT ATL.TON 70G",
    "IsNew": false,
    "RecentQuanityOfStockUnits": "1",
    "LongName": "ALMO NATURE HFC Natural Atl. Tonijn 70g",
    "AlcoholVolume": "0",
    "FicCode": "N"
  },
  {
    "productId": "50517",
    "technicalArticleNumber": "2203543",
    "commercialArticleNumber": "819026",
    "name": "Snacks Temptations zalm",
    "description": "*Voor kat",
    "brand": "WHISKAS",
    "seoBrand": "Whiskas",
    "thumbNail": "https://static.colruytgroup.com/images/200x200/std.lang.all/25/45/asset-3452545.jpg",
    "fullImage": "https://static.colruytgroup.com/images/500x500/std.lang.all/25/45/asset-3452545.jpg",
    "squareImage": "https://static.colruytgroup.com/images/500x500sq/std.lang.all/25/45/asset-3452545.jpg",
    "content": "60g",
    "walkRouteSequenceNumber": 2539,
    "price": {
      "basicPrice": 1.59,
      "recommendedQuantity": "1.0",
      "measurementUnitPrice": 26.5,
      "measurementUnit": "K",
      "isRedPrice": false,
      "pricePerUOM": 26.5,
      "activationDate": "20-02-2024",
      "recordSource": "Offline",
      "isPromoActive": "N",
      "priceChangeCode": "E"
    },
    "isAvailable": true,
    "isPriceAvailable": true,
    "inPromo": false,
    "gtin": [
      "05998749108536",
      "05998749108543"
    ],
    "topCategoryName": "Huisdieren",
    "topCategoryId": "670",
    "businessDomain": "NON_FOOD",
    "IsPrivateLabel": false,
    "IsBiffe": false,
    "IsWeightArticle": false,
    "RecentQuanityOfStockUnits": "1,8",
    "LongName": "WHISKAS Snacks Temptations zalm 60g",
    "IsBio": false,
    "AlcoholVolume": "0",
    "CountryOfOrigin": "BELGIË",
    "FicCode": "N",
    "OrderUnit": "P",
    "ShortName": "WHISK.TEMPT. ZALM 60G",
    "IsNew": false
  },
  {
    "productId": "879045",
    "technicalArticleNumber": "4735270",
    "commercialArticleNumber": "20278",
    "name": "heerlijke plakjes vlees",
    "description": "*Natte voeding",
    "brand": "FELIX",
    "seoBrand": "Felix",
    "thumbNail": "https://ecgproductmw.colruytgroup.com/ecgproductmw/noPicForArticle_2.jpg",
    "fullImage": "https://ecgproductmw.colruytgroup.com/ecgproductmw/noPicForArticle_5.jpg",
    "squareImage": "https://ecgproductmw.colruytgroup.com/ecgproductmw/noPicForArticle_5.jpg",
    "content": "12x80g",
    "walkRouteSequenceNumber": 2357,
    "price": {
      "basicPrice": 6.19,
      "recommendedQuantity": "1.0",
      "measurementUnitPrice": 6.45,
      "measurementUnit": "K",
      "isRedPrice": false,
      "pricePerUOM": 6.45,
      "activationDate": "19-03-2024",
      "recordSource": "Offline",
      "isPromoActive": "N",
      "priceChangeCode": "L"
    },
    "isAvailable": true,
    "isPriceAvailable": true,
    "inPromo": false,
    "gtin": [
      "07613287762962"
    ],
    "topCategoryName": "Huisdieren",
    "topCategoryId": "670",
    "businessDomain": "RETAIL_BE",
    "IsPrivateLabel": false,
    "IsBiffe": false,
    "WeightconversionFactor": "0",
    "IsWeightArticle": false,
    "IsBio": false,
    "CountryOfOrigin": "HONGARIJE",
    "IsExclusivelySoldInLuxembourg": false,
    "OrderUnit": "P",
    "ShortName": "FELI PLAKJE VLEES 12X80",
    "IsNew": false,
    "RecentQuanityOfStockUnits": "1",
    "LongName": "FELIX heerlijke plakjes vlees 12x80g",
    "FicCode": "N"
  },
  {
    "productId": "836288",
    "technicalArticleNumber": "4678665",
    "commercialArticleNumber": "23649",
    "name": "Sélection campagne Duo",
    "brand": "FELIX",
    "seoBrand": "Felix",
    "thumbNail": "https://ecgproductmw.colruytgroup.com/ecgproductmw/noPicForArticle_2.jpg",
    "fullImage": "https://ecgproductmw.colruytgroup.com/ecgproductmw/noPicForArticle_5.jpg",
    "squareImage": "https://ecgproductmw.colruytgroup.com/ecgproductmw/noPicForArticle_5.jpg",
    "content": "44x85g",
    "walkRouteSequenceNumber": 2358,
    "price": {
      "basicPrice": 22.8,
      "recommendedQuantity": "1.0",
      "measurementUnitPrice": 6.1,
      "measurementUnit": "K",
      "isRedPrice": false,
      "pricePerUOM": 6.1,
      "activationDate": "05-03-2024",
      "recordSource": "Offline",
      "isPromoActive": "N",
      "priceChangeCode": "H"
    },
    "isAvailable": true,
    "isPriceAvailable": true,
    "inPromo": false,
    "gtin": [
      "07613287333407"
    ],
    "topCategoryName": "Huisdieren",
    "topCategoryId": "670",
    "businessDomain": "RETAIL_BE",
    "IsPrivateLabel": false,
    "IsBiffe": false,
    "WeightconversionFactor": "0",
    "IsWeightArticle": false,
    "IsBio": false,
    "CountryOfOrigin": "POLEN",
    "IsExclusivelySoldInLuxembourg": false,
    "OrderUnit": "P",
    "ShortName": "FELI KAT DUOS MIX 44X85",
    "IsNew": false,
    "RecentQuanityOfStockUnits": "1",
    "LongName": "FELIX Sélection campagne Duo 44x85g",
    "AlcoholVolume": "0",
    "FicCode": "N"
  },
  {
    "productId": "788016",
    "technicalArticleNumber": "4590844",
    "commercialArticleNumber": "25117",
    "name": "kat real soup kip pouch",
    "brand": "SHEBA",
    "seoBrand": "Sheba",
    "thumbNail": "https://static.colruytgroup.com/images/200x200/std.lang.all/42/82/asset-3334282.jpg",
    "fullImage": "https://static.colruytgroup.com/images/500x500/std.lang.all/42/82/asset-3334282.jpg",
    "squareImage": "https://static.colruytgroup.com/images/500x500sq/std.lang.all/42/82/asset-3334282.jpg",
    "content": "4x40g",
    "walkRouteSequenceNumber": 2441,
    "price": {
      "basicPrice": 3.69,
      "recommendedQuantity": "1.0",
      "measurementUnitPrice": 23.07,
      "measurementUnit": "K",
      "isRedPrice": false,
      "pricePerUOM": 23.07,
      "activationDate": "15-01-2024",
      "recordSource": "Offline",
      "isPromoActive": "N",
      "priceChangeCode": "E"
    },
    "isAvailable": true,
    "isPriceAvailable": true,
    "inPromo": false,
    "gtin": [
      "08853301003506",
      "08853301004404"
    ],
    "topCategoryName": "Huisdieren",
    "topCategoryId": "670",
    "businessDomain": "RETAIL_BE",
    "IsPrivateLabel": false,
    "IsBiffe": false,
    "WeightconversionFactor": "0",
    "IsWeightArticle": false,
    "IsBio": false,
    "CountryOfOrigin": "THAILAND",
    "IsExclusivelySoldInLuxembourg": false,
    "OrderUnit": "P",
    "ShortName": "SHEB RE.SOUP KIP PO4X40",
    "IsNew": false,
    "RecentQuanityOfStockUnits": "1,10",
    "LongName": "SHEBA kat real soup kip pouch 4x40g",
    "FicCode": "N"
  },
  {
    "productId": "872833",
    "technicalArticleNumber": "4727250",
    "commercialArticleNumber": "23843",
    "name": "HFC Natural Kip Tonijn",
    "description": "*Natte voeding\n*Kip",
    "brand": "ALMO NATURE",
    "seoBrand": "Almo Nature",
    "thumbNail": "https://static.colruytgroup.com/images/200x200/std.lang.all/25/27/asset-3252527.jpg",
    "fullImage": "https://static.colruytgroup.com/images/500x500/std.lang.all/25/27/asset-3252527.jpg",
    "squareImage": "https://static.colruytgroup.com/images/500x500sq/std.lang.all/25/27/asset-3252527.jpg",
    "content": "70g",
    "walkRouteSequenceNumber": 2393,
    "price": {
      "basicPrice": 1.39,
      "recommendedQuantity": "1.0",
      "measurementUnitPrice": 19.86,
      "measurementUnit": "K",
      "isRedPrice": false,
      "pricePerUOM": 19.86,
      "activationDate": "12-01-2024",
      "recordSource": "Offline",
      "isPromoActive": "N",
      "priceChangeCode": "L"
    },
    "isAvailable": true,
    "isPriceAvailable": true,
    "inPromo": false,
    "gtin": [
      "08001154004144",
      "18001154122968"
    ],
    "topCategoryName": "Huisdieren",
    "topCategoryId": "670",
    "businessDomain": "RETAIL_BE",
    "IsPrivateLabel": false,
    "IsBiffe": false,
    "WeightconversionFactor": "0",
    "IsWeightArticle": false,
    "IsBio": false,
    "CountryOfOrigin": "ITALIË",
    "IsExclusivelySoldInLuxembourg": false,
    "OrderUnit": "P",
    "ShortName": "ALMO CAT KIP TON 70G",
    "IsNew": false,
    "RecentQuanityOfStockUnits": "1",
    "LongName": "ALMO NATURE HFC Natural Kip Tonijn 70g",
    "AlcoholVolume": "0",
    "FicCode": "N"
  },
  {
    "productId": "861272",
    "technicalArticleNumber": "4712402",
    "commercialArticleNumber": "22063",
    "name": "mix gelei 1+",
    "description": "*1+ jaar\n*Natte voeding\n*Gelei\n*Mix",
    "brand": "WHISKAS",
    "seoBrand": "Whiskas",
    "thumbNail": "https://static.colruytgroup.com/images/200x200/std.lang.all/25/80/asset-3192580.jpg",
    "fullImage": "https://static.colruytgroup.com/images/500x500/std.lang.all/25/80/asset-3192580.jpg",
    "squareImage": "https://static.colruytgroup.com/images/500x500sq/std.lang.all/25/80/asset-3192580.jpg",
    "content": "40x85g",
    "walkRouteSequenceNumber": 2411,
    "price": {
      "basicPrice": 19.99,
      "recommendedQuantity": "1.0",
      "measurementUnitPrice": 5.88,
      "measurementUnit": "K",
      "isRedPrice": false,
      "pricePerUOM": 5.88,
      "activationDate": "15-01-2024",
      "recordSource": "Offline",
      "isPromoActive": "N",
      "priceChangeCode": "H"
    },
    "isAvailable": true,
    "isPriceAvailable": true,
    "inPromo": false,
    "gtin": [
      "04008429156564"
    ],
    "topCategoryName": "Huisdieren",
    "topCategoryId": "670",
    "businessDomain": "RETAIL_BE",
    "IsPrivateLabel": false,
    "IsBiffe": false,
    "WeightconversionFactor": "0",
    "IsWeightArticle": false,
    "IsBio": false,
    "CountryOfOrigin": "DUITSLAND",
    "IsExclusivelySoldInLuxembourg": false,
    "OrderUnit": "P",
    "ShortName": "WHIS MIX GELEI 1+40X85",
    "IsNew": false,
    "RecentQuanityOfStockUnits": "1",
    "LongName": "WHISKAS mix gelei 1+ 40x85g",
    "AlcoholVolume": "0",
    "FicCode": "N"
  },
  {
    "productId": "18989",
    "technicalArticleNumber": "1756589",
    "commercialArticleNumber": "445876",
    "name": "Dentastix +25kg",
    "description": "*Voor hond",
    "brand": "PEDIGREE",
    "seoBrand": "Pedigree",
    "thumbNail": "https://static.colruytgroup.com/images/200x200/std.lang.all/98/36/asset-369836.jpg",
    "fullImage": "https://static.colruytgroup.com/images/500x500/std.lang.all/98/36/asset-369836.jpg",
    "squareImage": "https://static.colruytgroup.com/images/500x500sq/std.lang.all/98/36/asset-369836.jpg",
    "content": "28st",
    "walkRouteSequenceNumber": 2690,
    "price": {
      "basicPrice": 7.37,
      "recommendedQuantity": "1.0",
      "measurementUnitPrice": 6.83,
      "measurementUnit": "K",
      "isRedPrice": false,
      "pricePerUOM": 6.83,
      "activationDate": "12-03-2024",
      "recordSource": "Folder",
      "isPromoActive": "N",
      "priceChangeCode": "L"
    },
    "isAvailable": true,
    "isPriceAvailable": true,
    "inPromo": false,
    "gtin": [
      "05998749110003",
      "05998749110027"
    ],
    "topCategoryName": "Huisdieren",
    "topCategoryId": "670",
    "businessDomain": "NON_FOOD",
    "IsPrivateLabel": false,
    "IsBiffe": false,
    "IsWeightArticle": false,
    "RecentQuanityOfStockUnits": "1",
    "LongName": "PEDIGREE Dentastix +25kg 28st",
    "IsBio": false,
    "AlcoholVolume": "0",
    "CountryOfOrigin": "BELGIË",
    "FicCode": "N",
    "OrderUnit": "P",
    "ShortName": "PED.DENTA MAX 1.08K 28P",
    "IsNew": false
  },
  {
    "productId": "840379",
    "technicalArticleNumber": "4684429",
    "commercialArticleNumber": "12721",
    "name": "volwas.hond gelei pouch",
    "description": "*Volwassen honden\n*Natte voeding\n*4x rundsvlees-wortel\n*4x kip-erwten\n*4x lam-sperziebonen",
    "brand": "FRISKIES",
    "seoBrand": "Friskies",
    "thumbNail": "https://static.colruytgroup.com/images/200x200/std.lang.all/10/72/asset-3211072.jpg",
    "fullImage": "https://static.colruytgroup.com/images/500x500/std.lang.all/10/72/asset-3211072.jpg",
    "squareImage": "https://static.colruytgroup.com/images/500x500sq/std.lang.all/10/72/asset-3211072.jpg",
    "content": "12x100g",
    "walkRouteSequenceNumber": 2750,
    "price": {
      "basicPrice": 4.59,
      "recommendedQuantity": "1.0",
      "measurementUnitPrice": 3.83,
      "measurementUnit": "K",
      "isRedPrice": false,
      "pricePerUOM": 3.83,
      "activationDate": "19-03-2024",
      "recordSource": "Offline",
      "isPromoActive": "N",
      "priceChangeCode": "L"
    },
    "isAvailable": true,
    "isPriceAvailable": true,
    "inPromo": false,
    "gtin": [
      "07613037203240",
      "07613037203257"
    ],
    "topCategoryName": "Huisdieren",
    "topCategoryId": "670",
    "businessDomain": "RETAIL_BE",
    "IsPrivateLabel": false,
    "IsBiffe": false,
    "WeightconversionFactor": "0",
    "IsWeightArticle": false,
    "IsBio": false,
    "CountryOfOrigin": "HONGARIJE",
    "IsExclusivelySoldInLuxembourg": false,
    "OrderUnit": "P",
    "ShortName": "FRIS VOL.HOND.GEL12X100",
    "IsNew": false,
    "RecentQuanityOfStockUnits": "1",
    "LongName": "FRISKIES volwas.hond gelei pouch 12x100g",
    "FicCode": "E"
  },
  {
    "productId": "53472",
    "technicalArticleNumber": "2403944",
    "commercialArticleNumber": "819145",
    "name": "Beefstick kalkoen",
    "description": "*Voor hond",
    "brand": "VITAKRAFT",
    "seoBrand": "Vitakraft",
    "thumbNail": "https://static.colruytgroup.com/images/200x200/std.lang.all/57/49/asset-2425749.jpg",
    "fullImage": "https://static.colruytgroup.com/images/500x500/std.lang.all/57/49/asset-2425749.jpg",
    "squareImage": "https://static.colruytgroup.com/images/500x500sq/std.lang.all/57/49/asset-2425749.jpg",
    "content": "4st",
    "walkRouteSequenceNumber": 2616,
    "price": {
      "basicPrice": 2.99,
      "recommendedQuantity": "1.0",
      "measurementUnitPrice": 62.3,
      "measurementUnit": "K",
      "isRedPrice": false,
      "pricePerUOM": 62.3,
      "activationDate": "06-01-2024",
      "recordSource": "Offline",
      "isPromoActive": "N",
      "priceChangeCode": "L"
    },
    "isAvailable": true,
    "isPriceAvailable": true,
    "inPromo": false,
    "gtin": [
      "04008239609984",
      "04008239120854"
    ],
    "topCategoryName": "Huisdieren",
    "topCategoryId": "670",
    "businessDomain": "NON_FOOD",
    "IsPrivateLabel": false,
    "IsBiffe": false,
    "IsWeightArticle": false,
    "RecentQuanityOfStockUnits": "1,10",
    "LongName": "VITAKRAFT Beefstick kalkoen 4st",
    "IsBio": false,
    "CountryOfOrigin": "DUITSLAND",
    "FicCode": "N",
    "OrderUnit": "P",
    "ShortName": "VITAK.BEEFST.KALK.4 ST",
    "IsNew": false
  },
  {
    "productId": "463446",
    "technicalArticleNumber": "3957437",
    "commercialArticleNumber": "2256",
    "name": "dry adult rund & groenten",
    "brand": "PEDIGREE",
    "seoBrand": "Pedigree",
    "thumbNail": "https://static.colruytgroup.com/images/200x200/std.lang.all/92/91/asset-1549291.jpg",
    "fullImage": "https://static.colruytgroup.com/images/500x500/std.lang.all/92/91/asset-1549291.jpg",
    "squareImage": "https://static.colruytgroup.com/images/500x500sq/std.lang.all/92/91/asset-1549291.jpg",
    "content": "1,4kg",
    "walkRouteSequenceNumber": 2731,
    "price": {
      "basicPrice": 6.99,
      "recommendedQuantity": "1.0",
      "measurementUnitPrice": 5,
      "measurementUnit": "K",
      "isRedPrice": false,
      "pricePerUOM": 5,
      "activationDate": "24-02-2024",
      "recordSource": "Offline",
      "isPromoActive": "N",
      "priceChangeCode": "H"
    },
    "isAvailable": true,
    "isPriceAvailable": true,
    "inPromo": false,
    "gtin": [
      "05900951254710",
      "05900951254727"
    ],
    "topCategoryName": "Huisdieren",
    "topCategoryId": "670",
    "businessDomain": "RETAIL_BE",
    "IsPrivateLabel": false,
    "IsBiffe": false,
    "WeightconversionFactor": "0",
    "IsWeightArticle": false,
    "IsBio": false,
    "CountryOfOrigin": "POLEN",
    "IsExclusivelySoldInLuxembourg": false,
    "OrderUnit": "P",
    "ShortName": "PEDI DRY ADT RUN&GR.1K4",
    "IsNew": false,
    "RecentQuanityOfStockUnits": "1",
    "LongName": "PEDIGREE dry adult rund & groenten 1,4kg",
    "FicCode": "N"
  },
  {
    "productId": "389465",
    "technicalArticleNumber": "3939126",
    "commercialArticleNumber": "1336",
    "name": "mini adult",
    "brand": "PURINA ONE",
    "seoBrand": "Purina One",
    "thumbNail": "https://static.colruytgroup.com/images/200x200/std.lang.all/22/89/asset-3252289.jpg",
    "fullImage": "https://static.colruytgroup.com/images/500x500/std.lang.all/22/89/asset-3252289.jpg",
    "squareImage": "https://static.colruytgroup.com/images/500x500sq/std.lang.all/22/89/asset-3252289.jpg",
    "content": "1,5kg",
    "walkRouteSequenceNumber": 2720,
    "price": {
      "basicPrice": 7.95,
      "recommendedQuantity": "1.0",
      "measurementUnitPrice": 5.3,
      "measurementUnit": "K",
      "isRedPrice": false,
      "pricePerUOM": 5.3,
      "activationDate": "12-03-2024",
      "recordSource": "Offline",
      "isPromoActive": "N",
      "priceChangeCode": "H"
    },
    "isAvailable": true,
    "isPriceAvailable": true,
    "inPromo": false,
    "gtin": [
      "07613034146663",
      "07613034146656"
    ],
    "topCategoryName": "Huisdieren",
    "topCategoryId": "670",
    "businessDomain": "RETAIL_BE",
    "IsPrivateLabel": false,
    "IsBiffe": false,
    "WeightconversionFactor": "0",
    "IsWeightArticle": false,
    "IsBio": false,
    "CountryOfOrigin": "ITALIË",
    "IsExclusivelySoldInLuxembourg": false,
    "OrderUnit": "P",
    "ShortName": "PURI DOG MINI ADT1.5KG",
    "IsNew": false,
    "RecentQuanityOfStockUnits": "1",
    "LongName": "PURINA ONE mini adult 1,5kg",
    "FicCode": "N"
  },
  {
    "productId": "859009",
    "technicalArticleNumber": "4709313",
    "commercialArticleNumber": "31764",
    "name": "Droge korrels gevogelt&groenten",
    "description": "*Droge voeding\n*Kip met groenten",
    "brand": "BONI",
    "seoBrand": "Boni Selection",
    "thumbNail": "https://static.colruytgroup.com/images/200x200/std.lang.all/42/17/asset-3354217.jpg",
    "fullImage": "https://static.colruytgroup.com/images/500x500/std.lang.all/42/17/asset-3354217.jpg",
    "squareImage": "https://static.colruytgroup.com/images/500x500sq/std.lang.all/42/17/asset-3354217.jpg",
    "content": "4kg",
    "walkRouteSequenceNumber": 2761,
    "price": {
      "basicPrice": 5.75,
      "recommendedQuantity": "1.0",
      "measurementUnitPrice": 1.44,
      "measurementUnit": "K",
      "isRedPrice": false,
      "pricePerUOM": 1.44,
      "activationDate": "28-02-2024",
      "recordSource": "Offline",
      "isPromoActive": "N",
      "priceChangeCode": "L"
    },
    "isAvailable": true,
    "isPriceAvailable": true,
    "inPromo": false,
    "gtin": [
      "05400141477245"
    ],
    "topCategoryName": "Huisdieren",
    "topCategoryId": "670",
    "businessDomain": "RETAIL_BE",
    "IsPrivateLabel": true,
    "IsBiffe": false,
    "WeightconversionFactor": "0",
    "IsWeightArticle": false,
    "IsBio": false,
    "CountryOfOrigin": "NEDERLAND",
    "IsExclusivelySoldInLuxembourg": false,
    "OrderUnit": "P",
    "ShortName": "BONI POULTRY & VEG4KG",
    "IsNew": false,
    "RecentQuanityOfStockUnits": "1",
    "LongName": "BONI Droge korrels gevogelt&groenten 4kg",
    "AlcoholVolume": "0",
    "FicCode": "N"
  },
  {
    "productId": "116034",
    "technicalArticleNumber": "3041269",
    "commercialArticleNumber": "133061",
    "name": "Chicken Bars",
    "description": "*Voor hond",
    "brand": "BONI",
    "seoBrand": "Boni Selection",
    "thumbNail": "https://static.colruytgroup.com/images/200x200/std.lang.all/79/46/asset-687946.jpg",
    "fullImage": "https://static.colruytgroup.com/images/500x500/std.lang.all/79/46/asset-687946.jpg",
    "squareImage": "https://static.colruytgroup.com/images/500x500sq/std.lang.all/79/46/asset-687946.jpg",
    "content": "100g",
    "walkRouteSequenceNumber": 2644,
    "price": {
      "basicPrice": 3.39,
      "recommendedQuantity": "1.0",
      "measurementUnitPrice": 33.9,
      "measurementUnit": "K",
      "isRedPrice": false,
      "pricePerUOM": 33.9,
      "activationDate": "09-03-2024",
      "recordSource": "Online",
      "isPromoActive": "N",
      "priceChangeCode": "E"
    },
    "isAvailable": true,
    "isPriceAvailable": true,
    "inPromo": false,
    "gtin": [
      "15400141193715",
      "15400141191377",
      "05400141024081",
      "15400141895718",
      "15400141895725",
      "05400141218817"
    ],
    "topCategoryName": "Huisdieren",
    "topCategoryId": "670",
    "businessDomain": "NON_FOOD",
    "IsPrivateLabel": true,
    "IsBiffe": false,
    "IsWeightArticle": false,
    "RecentQuanityOfStockUnits": "1",
    "LongName": "BONI Chicken Bars 100g",
    "IsBio": false,
    "CountryOfOrigin": "CHINA (VOLKSREBUPLIEK)",
    "FicCode": "N",
    "OrderUnit": "P",
    "ShortName": "BONI CHICKEN BARS",
    "IsNew": false
  },
  {
    "productId": "835305",
    "technicalArticleNumber": "4677368",
    "commercialArticleNumber": "12130",
    "name": "rund pasta wortel",
    "brand": "PEDIGREE",
    "seoBrand": "Pedigree",
    "thumbNail": "https://static.colruytgroup.com/images/200x200/std.lang.all/06/86/asset-3120686.jpg",
    "fullImage": "https://static.colruytgroup.com/images/500x500/std.lang.all/06/86/asset-3120686.jpg",
    "squareImage": "https://static.colruytgroup.com/images/500x500sq/std.lang.all/06/86/asset-3120686.jpg",
    "content": "800g",
    "walkRouteSequenceNumber": 2753,
    "price": {
      "basicPrice": 3.89,
      "recommendedQuantity": "1.0",
      "measurementUnitPrice": 4.87,
      "measurementUnit": "K",
      "isRedPrice": false,
      "pricePerUOM": 4.87,
      "activationDate": "02-02-2024",
      "recordSource": "Offline",
      "isPromoActive": "N",
      "priceChangeCode": "E"
    },
    "isAvailable": true,
    "isPriceAvailable": true,
    "inPromo": false,
    "gtin": [
      "35400141610575",
      "03065890154414",
      "03065890154421"
    ],
    "topCategoryName": "Huisdieren",
    "topCategoryId": "670",
    "businessDomain": "RETAIL_BE",
    "IsPrivateLabel": false,
    "IsBiffe": false,
    "WeightconversionFactor": "0",
    "IsWeightArticle": false,
    "IsBio": false,
    "CountryOfOrigin": "FRANKRIJK",
    "IsExclusivelySoldInLuxembourg": false,
    "OrderUnit": "P",
    "ShortName": "PEDI RUND PASTA WORT800",
    "IsNew": false,
    "RecentQuanityOfStockUnits": "1,3,12",
    "LongName": "PEDIGREE rund pasta wortel 800g",
    "AlcoholVolume": "0",
    "FicCode": "N"
  },
  {
    "productId": "829628",
    "technicalArticleNumber": "4668724",
    "commercialArticleNumber": "20785",
    "name": "Mini filets Saus Mix",
    "brand": "GOURMET",
    "seoBrand": "Gourmet",
    "thumbNail": "https://static.colruytgroup.com/images/200x200/std.lang.all/30/16/asset-3273016.jpg",
    "fullImage": "https://static.colruytgroup.com/images/500x500/std.lang.all/30/16/asset-3273016.jpg",
    "squareImage": "https://static.colruytgroup.com/images/500x500sq/std.lang.all/30/16/asset-3273016.jpg",
    "content": "40x85g",
    "walkRouteSequenceNumber": 2476,
    "price": {
      "basicPrice": 25.59,
      "recommendedQuantity": "1.0",
      "measurementUnitPrice": 7.53,
      "measurementUnit": "K",
      "isRedPrice": false,
      "pricePerUOM": 7.53,
      "activationDate": "15-03-2024",
      "recordSource": "Offline",
      "isPromoActive": "N",
      "priceChangeCode": "E"
    },
    "isAvailable": true,
    "isPriceAvailable": true,
    "inPromo": false,
    "gtin": [
      "07613287427823"
    ],
    "topCategoryName": "Huisdieren",
    "topCategoryId": "670",
    "businessDomain": "RETAIL_BE",
    "IsPrivateLabel": false,
    "IsBiffe": false,
    "WeightconversionFactor": "0",
    "IsWeightArticle": false,
    "IsBio": false,
    "CountryOfOrigin": "BELGIË",
    "IsExclusivelySoldInLuxembourg": false,
    "OrderUnit": "P",
    "ShortName": "GOUR PERLE M.FILET40X85",
    "IsNew": false,
    "RecentQuanityOfStockUnits": "1",
    "LongName": "GOURMET Mini filets Saus Mix 40x85g",
    "AlcoholVolume": "0",
    "FicCode": "N"
  },
  {
    "productId": "156698",
    "technicalArticleNumber": "3279127",
    "commercialArticleNumber": "133149",
    "name": "snack honden funtastix",
    "description": "*Voor hond",
    "brand": "FRISKIES",
    "seoBrand": "Purina Friskies",
    "thumbNail": "https://static.colruytgroup.com/images/200x200/std.lang.all/57/20/asset-2415720.jpg",
    "fullImage": "https://static.colruytgroup.com/images/500x500/std.lang.all/57/20/asset-2415720.jpg",
    "squareImage": "https://static.colruytgroup.com/images/500x500sq/std.lang.all/57/20/asset-2415720.jpg",
    "content": "175g",
    "walkRouteSequenceNumber": 2651,
    "price": {
      "basicPrice": 1.52,
      "recommendedQuantity": "1.0",
      "measurementUnitPrice": 8.69,
      "measurementUnit": "K",
      "isRedPrice": false,
      "pricePerUOM": 8.69,
      "activationDate": "21-03-2024",
      "recordSource": "Folder",
      "isPromoActive": "N",
      "priceChangeCode": "L"
    },
    "isAvailable": true,
    "isPriceAvailable": true,
    "inPromo": false,
    "gtin": [
      "07613035066830",
      "07613035066823",
      "07613033444869",
      "07613033444852"
    ],
    "topCategoryName": "Huisdieren",
    "topCategoryId": "670",
    "businessDomain": "NON_FOOD",
    "IsPrivateLabel": false,
    "IsBiffe": false,
    "IsWeightArticle": false,
    "RecentQuanityOfStockUnits": "1",
    "LongName": "FRISKIES snack honden funtastix 175g",
    "IsBio": false,
    "AlcoholVolume": "0",
    "CountryOfOrigin": "BELGIË",
    "FicCode": "N",
    "OrderUnit": "P",
    "ShortName": "FRISKIES FUNTASTIX 175G",
    "IsNew": false
  },
  {
    "productId": "861267",
    "technicalArticleNumber": "4712396",
    "commercialArticleNumber": "22009",
    "name": "Vlees in saus 1+",
    "description": "*1+ jaar\n*Natte voeding\n*In saus\n*Vlees",
    "brand": "WHISKAS",
    "seoBrand": "Whiskas",
    "thumbNail": "https://static.colruytgroup.com/images/200x200/std.lang.all/62/83/asset-3176283.jpg",
    "fullImage": "https://static.colruytgroup.com/images/500x500/std.lang.all/62/83/asset-3176283.jpg",
    "squareImage": "https://static.colruytgroup.com/images/500x500sq/std.lang.all/62/83/asset-3176283.jpg",
    "content": "40x85g",
    "walkRouteSequenceNumber": 2406,
    "price": {
      "basicPrice": 19.99,
      "recommendedQuantity": "1.0",
      "measurementUnitPrice": 5.88,
      "measurementUnit": "K",
      "isRedPrice": false,
      "pricePerUOM": 5.88,
      "activationDate": "04-03-2024",
      "recordSource": "Online",
      "isPromoActive": "N",
      "priceChangeCode": "E"
    },
    "isAvailable": true,
    "isPriceAvailable": true,
    "inPromo": false,
    "gtin": [
      "04008429156700"
    ],
    "topCategoryName": "Huisdieren",
    "topCategoryId": "670",
    "businessDomain": "RETAIL_BE",
    "IsPrivateLabel": false,
    "IsBiffe": false,
    "WeightconversionFactor": "0",
    "IsWeightArticle": false,
    "IsBio": false,
    "CountryOfOrigin": "DUITSLAND",
    "IsExclusivelySoldInLuxembourg": false,
    "OrderUnit": "P",
    "ShortName": "WHIS VLEES SAUS1+ 40X85",
    "IsNew": false,
    "RecentQuanityOfStockUnits": "1",
    "LongName": "WHISKAS Vlees in saus 1+ 40x85g",
    "AlcoholVolume": "0",
    "FicCode": "N"
  },
  {
    "productId": "242838",
    "technicalArticleNumber": "3545281",
    "commercialArticleNumber": "133216",
    "name": "Treaties bits kip/bacon",
    "description": "*Voor hond",
    "brand": "VITAKRAFT",
    "seoBrand": "Vitakraft",
    "thumbNail": "https://static.colruytgroup.com/images/200x200/std.lang.all/57/56/asset-2425756.jpg",
    "fullImage": "https://static.colruytgroup.com/images/500x500/std.lang.all/57/56/asset-2425756.jpg",
    "squareImage": "https://static.colruytgroup.com/images/500x500sq/std.lang.all/57/56/asset-2425756.jpg",
    "content": "120g",
    "walkRouteSequenceNumber": 2620,
    "price": {
      "basicPrice": 2.89,
      "recommendedQuantity": "1.0",
      "measurementUnitPrice": 24.09,
      "measurementUnit": "K",
      "isRedPrice": false,
      "pricePerUOM": 24.09,
      "activationDate": "13-11-2023",
      "recordSource": "Offline",
      "isPromoActive": "N",
      "priceChangeCode": "E"
    },
    "isAvailable": true,
    "isPriceAvailable": true,
    "inPromo": false,
    "gtin": [
      "04008239703163",
      "04008239288080"
    ],
    "topCategoryName": "Huisdieren",
    "topCategoryId": "670",
    "businessDomain": "NON_FOOD",
    "IsPrivateLabel": false,
    "IsBiffe": false,
    "IsWeightArticle": false,
    "RecentQuanityOfStockUnits": "1",
    "LongName": "VITAKRAFT Treaties bits kip/bacon 120g",
    "IsBio": false,
    "CountryOfOrigin": "DUITSLAND",
    "FicCode": "N",
    "OrderUnit": "P",
    "ShortName": "VITA.TR.BI.KIP/BAC.120G",
    "IsNew": false
  },
  {
    "productId": "872832",
    "technicalArticleNumber": "4727249",
    "commercialArticleNumber": "23840",
    "name": "HFC Natural Kip Filet",
    "description": "*Natte voeding\n*Kip",
    "brand": "ALMO NATURE",
    "seoBrand": "Almo Nature",
    "thumbNail": "https://static.colruytgroup.com/images/200x200/std.lang.all/25/26/asset-3252526.jpg",
    "fullImage": "https://static.colruytgroup.com/images/500x500/std.lang.all/25/26/asset-3252526.jpg",
    "squareImage": "https://static.colruytgroup.com/images/500x500sq/std.lang.all/25/26/asset-3252526.jpg",
    "content": "70g",
    "walkRouteSequenceNumber": 2394,
    "price": {
      "basicPrice": 1.49,
      "recommendedQuantity": "1.0",
      "measurementUnitPrice": 21.29,
      "measurementUnit": "K",
      "isRedPrice": false,
      "pricePerUOM": 21.29,
      "activationDate": "04-03-2024",
      "recordSource": "Online",
      "isPromoActive": "N",
      "priceChangeCode": "E"
    },
    "isAvailable": true,
    "isPriceAvailable": true,
    "inPromo": false,
    "gtin": [
      "08001154120844",
      "18001154122883"
    ],
    "topCategoryName": "Huisdieren",
    "topCategoryId": "670",
    "businessDomain": "RETAIL_BE",
    "IsPrivateLabel": false,
    "IsBiffe": false,
    "WeightconversionFactor": "0",
    "IsWeightArticle": false,
    "IsBio": false,
    "CountryOfOrigin": "ITALIË",
    "IsExclusivelySoldInLuxembourg": false,
    "OrderUnit": "P",
    "ShortName": "ALMO CAT KIP FILET 70G",
    "IsNew": false,
    "RecentQuanityOfStockUnits": "1",
    "LongName": "ALMO NATURE HFC Natural Kip Filet 70g",
    "AlcoholVolume": "0",
    "FicCode": "N"
  },
  {
    "productId": "28138",
    "technicalArticleNumber": "1961458",
    "commercialArticleNumber": "445942",
    "name": "Kauwbenen 13cm",
    "description": "*Voor hond",
    "brand": "BONI",
    "seoBrand": "Boni Selection",
    "thumbNail": "https://static.colruytgroup.com/images/200x200/std.lang.all/78/13/asset-567813.jpg",
    "fullImage": "https://static.colruytgroup.com/images/500x500/std.lang.all/78/13/asset-567813.jpg",
    "squareImage": "https://static.colruytgroup.com/images/500x500sq/std.lang.all/78/13/asset-567813.jpg",
    "content": "10st",
    "walkRouteSequenceNumber": 2605,
    "price": {
      "basicPrice": 13.99,
      "recommendedQuantity": "1.0",
      "measurementUnitPrice": 1.4,
      "measurementUnit": "S",
      "isRedPrice": false,
      "pricePerUOM": 1.4,
      "activationDate": "14-11-2023",
      "isPromoActive": "N",
      "priceChangeCode": "E"
    },
    "isAvailable": true,
    "isPriceAvailable": true,
    "inPromo": false,
    "gtin": [
      "05400141217896",
      "05400141256161",
      "05400141423242",
      "05400141459425",
      "15400141459422",
      "15400141870876",
      "15400141896203",
      "15400141995609",
      "15400141256168"
    ],
    "topCategoryName": "Huisdieren",
    "topCategoryId": "670",
    "businessDomain": "NON_FOOD",
    "IsPrivateLabel": true,
    "IsBiffe": false,
    "IsWeightArticle": false,
    "RecentQuanityOfStockUnits": "1",
    "LongName": "BONI Kauwbenen 13cm 10st",
    "IsBio": false,
    "CountryOfOrigin": "CHINA (VOLKSREBUPLIEK)",
    "FicCode": "N",
    "OrderUnit": "P",
    "ShortName": "BONI BENEN 13CM 10ST",
    "IsNew": false
  },
  {
    "productId": "10218",
    "technicalArticleNumber": "1148037",
    "commercialArticleNumber": "445409",
    "name": "Kauwbeen 11,5cm",
    "description": "*Voor hond",
    "brand": "BONI",
    "seoBrand": "Boni Selection",
    "thumbNail": "https://static.colruytgroup.com/images/200x200/std.lang.all/78/04/asset-567804.jpg",
    "fullImage": "https://static.colruytgroup.com/images/500x500/std.lang.all/78/04/asset-567804.jpg",
    "squareImage": "https://static.colruytgroup.com/images/500x500sq/std.lang.all/78/04/asset-567804.jpg",
    "content": "5st",
    "walkRouteSequenceNumber": 2601,
    "price": {
      "basicPrice": 4.49,
      "recommendedQuantity": "1.0",
      "measurementUnitPrice": 0.9,
      "measurementUnit": "S",
      "isRedPrice": false,
      "pricePerUOM": 0.9,
      "activationDate": "10-11-2022",
      "isPromoActive": "N",
      "priceChangeCode": "E"
    },
    "isAvailable": true,
    "isPriceAvailable": true,
    "inPromo": false,
    "gtin": [
      "05400141217933",
      "05400141255744",
      "05400141454093",
      "15400141454090",
      "15400141870753",
      "15400141896227"
    ],
    "topCategoryName": "Huisdieren",
    "topCategoryId": "670",
    "businessDomain": "NON_FOOD",
    "IsPrivateLabel": true,
    "IsBiffe": false,
    "IsWeightArticle": false,
    "RecentQuanityOfStockUnits": "1",
    "LongName": "BONI Kauwbeen 11,5cm 5st",
    "IsBio": false,
    "CountryOfOrigin": "CHINA (VOLKSREBUPLIEK)",
    "FicCode": "N",
    "OrderUnit": "P",
    "ShortName": "BONI 5 KN.BEEN 11.5CMBL",
    "IsNew": false
  },
  {
    "productId": "418189",
    "technicalArticleNumber": "3939659",
    "commercialArticleNumber": "133043",
    "name": "Dentalife Extra mini",
    "description": "*Voor hond",
    "brand": "PURINA",
    "seoBrand": "Purina Dentalife",
    "thumbNail": "https://static.colruytgroup.com/images/200x200/std.lang.all/70/66/asset-1557066.jpg",
    "fullImage": "https://static.colruytgroup.com/images/500x500/std.lang.all/70/66/asset-1557066.jpg",
    "squareImage": "https://static.colruytgroup.com/images/500x500sq/std.lang.all/70/66/asset-1557066.jpg",
    "content": "207g",
    "walkRouteSequenceNumber": 2652,
    "price": {
      "basicPrice": 2.54,
      "recommendedQuantity": "1.0",
      "measurementUnitPrice": 12.28,
      "measurementUnit": "K",
      "isRedPrice": false,
      "pricePerUOM": 12.28,
      "activationDate": "21-03-2024",
      "recordSource": "Folder",
      "isPromoActive": "N",
      "priceChangeCode": "L"
    },
    "isAvailable": true,
    "isPriceAvailable": true,
    "inPromo": false,
    "gtin": [
      "07613036342896",
      "07613036342889"
    ],
    "topCategoryName": "Huisdieren",
    "topCategoryId": "670",
    "businessDomain": "NON_FOOD",
    "IsPrivateLabel": false,
    "IsBiffe": false,
    "IsWeightArticle": false,
    "RecentQuanityOfStockUnits": "1",
    "LongName": "PURINA Dentalife Extra mini 207g",
    "IsBio": false,
    "CountryOfOrigin": "DUITSLAND",
    "FicCode": "N",
    "OrderUnit": "P",
    "ShortName": "PUR.DENTALIFE XS 207G",
    "IsNew": false
  },
  {
    "productId": "781873",
    "technicalArticleNumber": "4578227",
    "commercialArticleNumber": "28943",
    "name": "kat vis brokjes gelei pouch",
    "description": "*Voor volwassen katten\n*Natte voeding\n*Vis in gelei\n*MSC & ASC\n*Pouch",
    "brand": "BONI",
    "seoBrand": "Boni Selection",
    "thumbNail": "https://static.colruytgroup.com/images/200x200/std.lang.all/69/41/asset-3336941.jpg",
    "fullImage": "https://static.colruytgroup.com/images/500x500/std.lang.all/69/41/asset-3336941.jpg",
    "squareImage": "https://static.colruytgroup.com/images/500x500sq/std.lang.all/69/41/asset-3336941.jpg",
    "content": "12x100g",
    "walkRouteSequenceNumber": 2417,
    "price": {
      "basicPrice": 4.99,
      "recommendedQuantity": "1.0",
      "measurementUnitPrice": 4.16,
      "measurementUnit": "K",
      "isRedPrice": false,
      "pricePerUOM": 4.16,
      "activationDate": "19-03-2024",
      "recordSource": "Offline",
      "isPromoActive": "N",
      "priceChangeCode": "E"
    },
    "isAvailable": true,
    "isPriceAvailable": true,
    "inPromo": false,
    "gtin": [
      "05400141594942",
      "15400141594949",
      "25400141594946"
    ],
    "topCategoryName": "Huisdieren",
    "topCategoryId": "670",
    "businessDomain": "RETAIL_BE",
    "IsPrivateLabel": true,
    "IsBiffe": false,
    "WeightconversionFactor": "0",
    "IsWeightArticle": false,
    "IsBio": false,
    "CountryOfOrigin": "TSJECHIË (REPUBLIEK)",
    "IsExclusivelySoldInLuxembourg": false,
    "OrderUnit": "P",
    "ShortName": "BONI VIS BROK.GEL12X100",
    "IsNew": false,
    "RecentQuanityOfStockUnits": "1,4",
    "LongName": "BONI kat vis brokjes gelei pouch 12x100g",
    "FicCode": "N"
  },
  {
    "productId": "28135",
    "technicalArticleNumber": "1961444",
    "commercialArticleNumber": "445937",
    "name": "Munchy Mix",
    "description": "*Voor hond",
    "brand": "BONI",
    "seoBrand": "Boni Selection",
    "thumbNail": "https://static.colruytgroup.com/images/200x200/std.lang.all/77/92/asset-567792.jpg",
    "fullImage": "https://static.colruytgroup.com/images/500x500/std.lang.all/77/92/asset-567792.jpg",
    "squareImage": "https://static.colruytgroup.com/images/500x500sq/std.lang.all/77/92/asset-567792.jpg",
    "content": "100st",
    "walkRouteSequenceNumber": 2607,
    "price": {
      "basicPrice": 5.99,
      "recommendedQuantity": "1.0",
      "measurementUnitPrice": 0.06,
      "measurementUnit": "S",
      "isRedPrice": false,
      "pricePerUOM": 0.06,
      "activationDate": "07-10-2023",
      "recordSource": "Online",
      "isPromoActive": "N",
      "priceChangeCode": "E"
    },
    "isAvailable": true,
    "isPriceAvailable": true,
    "inPromo": false,
    "gtin": [
      "05400141217858",
      "05400141256109",
      "05400141423228",
      "05400141459371",
      "15400141256106",
      "15400141459378",
      "15400141870838",
      "15400141930693",
      "15400141003267"
    ],
    "topCategoryName": "Huisdieren",
    "topCategoryId": "670",
    "businessDomain": "NON_FOOD",
    "IsPrivateLabel": true,
    "IsBiffe": false,
    "IsWeightArticle": false,
    "RecentQuanityOfStockUnits": "1",
    "LongName": "BONI Munchy Mix 100st",
    "IsBio": false,
    "AlcoholVolume": "0",
    "CountryOfOrigin": "BELGIË",
    "FicCode": "N",
    "OrderUnit": "P",
    "ShortName": "BONI 100 MUNCHY MIX",
    "IsNew": false
  },
  {
    "productId": "159254",
    "technicalArticleNumber": "3284702",
    "commercialArticleNumber": "26307",
    "name": "Adult zalm",
    "description": "*Droog\n*Zalm en volkoren\ngranen",
    "brand": "PURINA ONE",
    "seoBrand": "Purina One",
    "thumbNail": "https://static.colruytgroup.com/images/200x200/std.lang.all/58/09/asset-2415809.jpg",
    "fullImage": "https://static.colruytgroup.com/images/500x500/std.lang.all/58/09/asset-2415809.jpg",
    "squareImage": "https://static.colruytgroup.com/images/500x500sq/std.lang.all/58/09/asset-2415809.jpg",
    "content": "3kg",
    "walkRouteSequenceNumber": 2428,
    "price": {
      "basicPrice": 19.99,
      "recommendedQuantity": "1.0",
      "measurementUnitPrice": 6.67,
      "measurementUnit": "K",
      "isRedPrice": false,
      "pricePerUOM": 6.67,
      "activationDate": "20-02-2024",
      "recordSource": "Offline",
      "isPromoActive": "N",
      "priceChangeCode": "H"
    },
    "isAvailable": true,
    "isPriceAvailable": true,
    "inPromo": false,
    "gtin": [
      "08002205351408",
      "07613035613959",
      "07613035613942"
    ],
    "topCategoryName": "Huisdieren",
    "topCategoryId": "670",
    "businessDomain": "RETAIL_BE",
    "IsPrivateLabel": false,
    "IsBiffe": false,
    "WeightconversionFactor": "0",
    "IsWeightArticle": false,
    "IsBio": false,
    "CountryOfOrigin": "BELGIË",
    "IsExclusivelySoldInLuxembourg": false,
    "OrderUnit": "P",
    "ShortName": "ONE ZALM 3KG",
    "IsNew": false,
    "RecentQuanityOfStockUnits": "1",
    "LongName": "PURINA ONE Adult zalm 3kg",
    "AlcoholVolume": "0",
    "FicCode": "N"
  },
  {
    "productId": "87965",
    "technicalArticleNumber": "2993738",
    "commercialArticleNumber": "133016",
    "name": "Catstick mini gev.-lever",
    "description": "*Voor kat\n*Met gevogelte/lever",
    "brand": "VITAKRAFT",
    "seoBrand": "Vitakraft",
    "thumbNail": "https://static.colruytgroup.com/images/200x200/std.lang.all/57/52/asset-2425752.jpg",
    "fullImage": "https://static.colruytgroup.com/images/500x500/std.lang.all/57/52/asset-2425752.jpg",
    "squareImage": "https://static.colruytgroup.com/images/500x500sq/std.lang.all/57/52/asset-2425752.jpg",
    "content": "6st",
    "walkRouteSequenceNumber": 2526,
    "price": {
      "basicPrice": 2.92,
      "recommendedQuantity": "1.0",
      "measurementUnitPrice": 973.34,
      "measurementUnit": "K",
      "isRedPrice": false,
      "pricePerUOM": 973.34,
      "activationDate": "12-03-2024",
      "recordSource": "Offline",
      "isPromoActive": "N",
      "priceChangeCode": "H"
    },
    "isAvailable": true,
    "isPriceAvailable": true,
    "inPromo": false,
    "gtin": [
      "07610376619527",
      "07610376238476"
    ],
    "topCategoryName": "Huisdieren",
    "topCategoryId": "670",
    "businessDomain": "NON_FOOD",
    "IsPrivateLabel": false,
    "IsBiffe": false,
    "IsWeightArticle": false,
    "RecentQuanityOfStockUnits": "1,10",
    "LongName": "VITAKRAFT Catstick mini gev.-lever 6st",
    "IsBio": false,
    "CountryOfOrigin": "DUITSLAND",
    "FicCode": "N",
    "OrderUnit": "P",
    "ShortName": "VITA 6 CATST.MINI G&L",
    "IsNew": false
  },
  {
    "productId": "892391",
    "technicalArticleNumber": "4754077",
    "commercialArticleNumber": "1032",
    "name": "Cat Pouch Senior",
    "description": "*Pouch",
    "brand": "PURINA ONE",
    "seoBrand": "Purina One",
    "thumbNail": "https://static.colruytgroup.com/images/200x200/std.lang.all/06/46/asset-3330646.jpg",
    "fullImage": "https://static.colruytgroup.com/images/500x500/std.lang.all/06/46/asset-3330646.jpg",
    "squareImage": "https://static.colruytgroup.com/images/500x500sq/std.lang.all/06/46/asset-3330646.jpg",
    "content": "680g",
    "walkRouteSequenceNumber": 2471,
    "price": {
      "basicPrice": 7.29,
      "recommendedQuantity": "1.0",
      "measurementUnitPrice": 10.73,
      "measurementUnit": "K",
      "isRedPrice": false,
      "pricePerUOM": 10.73,
      "activationDate": "20-02-2024",
      "recordSource": "Online",
      "isPromoActive": "N",
      "priceChangeCode": "E"
    },
    "isAvailable": true,
    "isPriceAvailable": true,
    "inPromo": false,
    "gtin": [
      "08445290647979"
    ],
    "topCategoryName": "Huisdieren",
    "topCategoryId": "670",
    "businessDomain": "RETAIL_BE",
    "IsPrivateLabel": false,
    "IsBiffe": false,
    "WeightconversionFactor": "0",
    "IsWeightArticle": false,
    "IsBio": false,
    "CountryOfOrigin": "POLEN",
    "IsExclusivelySoldInLuxembourg": false,
    "OrderUnit": "P",
    "ShortName": "PURI CAT SENIOR7+ 8X85G",
    "IsNew": false,
    "RecentQuanityOfStockUnits": "1",
    "LongName": "PURINA ONE Cat Pouch Senior 680g",
    "FicCode": "N"
  },
  {
    "productId": "87967",
    "technicalArticleNumber": "2993750",
    "commercialArticleNumber": "133018",
    "name": "Catstick mini kalk-lam",
    "description": "*Voor kat",
    "brand": "VITAKRAFT",
    "seoBrand": "Vitakraft",
    "thumbNail": "https://static.colruytgroup.com/images/200x200/std.lang.all/57/53/asset-2425753.jpg",
    "fullImage": "https://static.colruytgroup.com/images/500x500/std.lang.all/57/53/asset-2425753.jpg",
    "squareImage": "https://static.colruytgroup.com/images/500x500sq/std.lang.all/57/53/asset-2425753.jpg",
    "content": "6st",
    "walkRouteSequenceNumber": 2525,
    "price": {
      "basicPrice": 2.18,
      "recommendedQuantity": "1.0",
      "measurementUnitPrice": 726.67,
      "measurementUnit": "K",
      "isRedPrice": false,
      "pricePerUOM": 726.67,
      "activationDate": "21-11-2023",
      "recordSource": "Offline",
      "isPromoActive": "N",
      "priceChangeCode": "H"
    },
    "isAvailable": true,
    "isPriceAvailable": true,
    "inPromo": false,
    "gtin": [
      "07610376619510",
      "07610376238469"
    ],
    "topCategoryName": "Huisdieren",
    "topCategoryId": "670",
    "businessDomain": "NON_FOOD",
    "IsPrivateLabel": false,
    "IsBiffe": false,
    "IsWeightArticle": false,
    "RecentQuanityOfStockUnits": "1,10",
    "LongName": "VITAKRAFT Catstick mini kalk-lam 6st",
    "IsBio": false,
    "CountryOfOrigin": "DUITSLAND",
    "FicCode": "N",
    "OrderUnit": "P",
    "ShortName": "VITA 6 CATST.MINI K&L",
    "IsNew": false
  },
  {
    "productId": "481331",
    "technicalArticleNumber": "3993712",
    "commercialArticleNumber": "4252",
    "name": "Dog adult kip",
    "brand": "PERFECT FIT",
    "seoBrand": "Perfect Fit",
    "thumbNail": "https://static.colruytgroup.com/images/200x200/std.lang.all/96/52/asset-1659652.jpg",
    "fullImage": "https://static.colruytgroup.com/images/500x500/std.lang.all/96/52/asset-1659652.jpg",
    "squareImage": "https://static.colruytgroup.com/images/500x500sq/std.lang.all/96/52/asset-1659652.jpg",
    "content": "1,4kg",
    "walkRouteSequenceNumber": 2729,
    "price": {
      "basicPrice": 6.59,
      "recommendedQuantity": "1.0",
      "measurementUnitPrice": 4.71,
      "measurementUnit": "K",
      "isRedPrice": false,
      "pricePerUOM": 4.71,
      "activationDate": "19-03-2024",
      "recordSource": "Online",
      "isPromoActive": "N",
      "priceChangeCode": "E"
    },
    "isAvailable": true,
    "isPriceAvailable": true,
    "inPromo": false,
    "gtin": [
      "04008429137679",
      "04008429092336",
      "04008429092299"
    ],
    "topCategoryName": "Huisdieren",
    "topCategoryId": "670",
    "businessDomain": "RETAIL_BE",
    "IsPrivateLabel": false,
    "IsBiffe": false,
    "WeightconversionFactor": "0",
    "IsWeightArticle": false,
    "IsBio": false,
    "CountryOfOrigin": "BELGIË",
    "IsExclusivelySoldInLuxembourg": false,
    "OrderUnit": "P",
    "ShortName": "PERF FIT ADULT KIP 1K4",
    "IsNew": false,
    "RecentQuanityOfStockUnits": "1",
    "LongName": "PERFECT FIT Dog adult kip 1,4kg",
    "FicCode": "N"
  },
  {
    "productId": "486289",
    "technicalArticleNumber": "4006677",
    "commercialArticleNumber": "4698",
    "name": "senior kip en groenten",
    "description": "*Droge voeding\n*Kip",
    "brand": "FRISKIES",
    "seoBrand": "Friskies",
    "thumbNail": "https://static.colruytgroup.com/images/200x200/std.lang.all/96/56/asset-1659656.jpg",
    "fullImage": "https://static.colruytgroup.com/images/500x500/std.lang.all/96/56/asset-1659656.jpg",
    "squareImage": "https://static.colruytgroup.com/images/500x500sq/std.lang.all/96/56/asset-1659656.jpg",
    "content": "3kg",
    "walkRouteSequenceNumber": 2736,
    "price": {
      "basicPrice": 10.8,
      "recommendedQuantity": "1.0",
      "measurementUnitPrice": 3.6,
      "measurementUnit": "K",
      "isRedPrice": false,
      "pricePerUOM": 3.6,
      "activationDate": "14-03-2024",
      "recordSource": "Offline",
      "isPromoActive": "N",
      "priceChangeCode": "L"
    },
    "isAvailable": true,
    "isPriceAvailable": true,
    "inPromo": false,
    "gtin": [
      "07613033937941",
      "07613033800092"
    ],
    "topCategoryName": "Huisdieren",
    "topCategoryId": "670",
    "businessDomain": "RETAIL_BE",
    "IsPrivateLabel": false,
    "IsBiffe": false,
    "WeightconversionFactor": "0",
    "IsWeightArticle": false,
    "IsBio": false,
    "CountryOfOrigin": "ITALIË",
    "IsExclusivelySoldInLuxembourg": false,
    "OrderUnit": "P",
    "ShortName": "FRIS SEN.KIP GROENT.3KG",
    "IsNew": false,
    "RecentQuanityOfStockUnits": "1",
    "LongName": "FRISKIES senior kip en groenten 3kg",
    "FicCode": "E"
  },
  {
    "productId": "14551",
    "technicalArticleNumber": "1610986",
    "commercialArticleNumber": "11499",
    "name": "Perle minif.saus",
    "description": "*Minifilets in saus\n*Kalkoen/konijn/\neend/lamsvlees",
    "brand": "GOURMET",
    "seoBrand": "Gourmet",
    "thumbNail": "https://static.colruytgroup.com/images/200x200/std.lang.all/56/38/asset-1755638.jpg",
    "fullImage": "https://static.colruytgroup.com/images/500x500/std.lang.all/56/38/asset-1755638.jpg",
    "squareImage": "https://static.colruytgroup.com/images/500x500sq/std.lang.all/56/38/asset-1755638.jpg",
    "content": "12x85g",
    "walkRouteSequenceNumber": 2474,
    "price": {
      "basicPrice": 8.79,
      "recommendedQuantity": "1.0",
      "measurementUnitPrice": 8.62,
      "measurementUnit": "K",
      "isRedPrice": false,
      "pricePerUOM": 8.62,
      "activationDate": "11-03-2024",
      "recordSource": "Offline",
      "isPromoActive": "N",
      "priceChangeCode": "E"
    },
    "isAvailable": true,
    "isPriceAvailable": true,
    "inPromo": false,
    "gtin": [
      "05000163042621",
      "05000161032457"
    ],
    "topCategoryName": "Huisdieren",
    "topCategoryId": "670",
    "businessDomain": "RETAIL_BE",
    "IsPrivateLabel": false,
    "IsBiffe": false,
    "WeightconversionFactor": "0",
    "IsWeightArticle": false,
    "IsBio": false,
    "CountryOfOrigin": "BELGIË",
    "IsExclusivelySoldInLuxembourg": false,
    "OrderUnit": "P",
    "ShortName": "GOURM.FILETTINES 12X85G",
    "IsNew": false,
    "RecentQuanityOfStockUnits": "1",
    "LongName": "GOURMET Perle minif.saus 12x85g",
    "AlcoholVolume": "0",
    "FicCode": "N"
  },
  {
    "productId": "835605",
    "technicalArticleNumber": "4677872",
    "commercialArticleNumber": "16604",
    "name": "rundvlees en wortels",
    "brand": "PEDIGREE",
    "seoBrand": "Pedigree",
    "thumbNail": "https://static.colruytgroup.com/images/200x200/std.lang.all/06/87/asset-3120687.jpg",
    "fullImage": "https://static.colruytgroup.com/images/500x500/std.lang.all/06/87/asset-3120687.jpg",
    "squareImage": "https://static.colruytgroup.com/images/500x500sq/std.lang.all/06/87/asset-3120687.jpg",
    "content": "400g",
    "walkRouteSequenceNumber": 2752,
    "price": {
      "basicPrice": 2.55,
      "recommendedQuantity": "1.0",
      "measurementUnitPrice": 6.38,
      "measurementUnit": "K",
      "isRedPrice": false,
      "pricePerUOM": 6.38,
      "activationDate": "02-02-2024",
      "recordSource": "Offline",
      "isPromoActive": "N",
      "priceChangeCode": "E"
    },
    "isAvailable": true,
    "isPriceAvailable": true,
    "inPromo": false,
    "gtin": [
      "15400141610571",
      "03065890153172",
      "03065890153325"
    ],
    "topCategoryName": "Huisdieren",
    "topCategoryId": "670",
    "businessDomain": "RETAIL_BE",
    "IsPrivateLabel": false,
    "IsBiffe": false,
    "WeightconversionFactor": "0",
    "IsWeightArticle": false,
    "IsBio": false,
    "CountryOfOrigin": "FRANKRIJK",
    "IsExclusivelySoldInLuxembourg": false,
    "OrderUnit": "P",
    "ShortName": "PEDI RUNDVLEES WORT400G",
    "IsNew": false,
    "RecentQuanityOfStockUnits": "1,8,24",
    "LongName": "PEDIGREE rundvlees en wortels 400g",
    "AlcoholVolume": "0",
    "FicCode": "N"
  },
  {
    "productId": "861126",
    "technicalArticleNumber": "4712141",
    "commercialArticleNumber": "19322",
    "name": "Pouch Vis Gelei 7+",
    "description": "*Brokjes in gelei\n*Vis",
    "brand": "WHISKAS",
    "seoBrand": "Whiskas",
    "thumbNail": "https://static.colruytgroup.com/images/200x200/std.lang.all/25/72/asset-3192572.jpg",
    "fullImage": "https://static.colruytgroup.com/images/500x500/std.lang.all/25/72/asset-3192572.jpg",
    "squareImage": "https://static.colruytgroup.com/images/500x500sq/std.lang.all/25/72/asset-3192572.jpg",
    "content": "40x85g",
    "walkRouteSequenceNumber": 2413,
    "price": {
      "basicPrice": 18.99,
      "recommendedQuantity": "1.0",
      "measurementUnitPrice": 5.59,
      "measurementUnit": "K",
      "isRedPrice": false,
      "pricePerUOM": 5.59,
      "activationDate": "23-03-2024",
      "recordSource": "Folder",
      "isPromoActive": "N",
      "priceChangeCode": "E"
    },
    "isAvailable": true,
    "isPriceAvailable": true,
    "inPromo": false,
    "gtin": [
      "03065890154988"
    ],
    "topCategoryName": "Huisdieren",
    "topCategoryId": "670",
    "businessDomain": "RETAIL_BE",
    "IsPrivateLabel": false,
    "IsBiffe": false,
    "WeightconversionFactor": "0",
    "IsWeightArticle": false,
    "IsBio": false,
    "CountryOfOrigin": "FRANKRIJK",
    "IsExclusivelySoldInLuxembourg": false,
    "OrderUnit": "P",
    "ShortName": "WHIS POU.VIS GEL7+40X85",
    "IsNew": false,
    "RecentQuanityOfStockUnits": "1",
    "LongName": "WHISKAS Pouch Vis Gelei 7+ 40x85g",
    "AlcoholVolume": "0",
    "FicCode": "N"
  },
  {
    "productId": "389486",
    "technicalArticleNumber": "3939150",
    "commercialArticleNumber": "1352",
    "name": "dog mini weight ctrl.",
    "brand": "PURINA ONE",
    "seoBrand": "Purina One",
    "thumbNail": "https://static.colruytgroup.com/images/200x200/std.lang.all/86/32/asset-1758632.jpg",
    "fullImage": "https://static.colruytgroup.com/images/500x500/std.lang.all/86/32/asset-1758632.jpg",
    "squareImage": "https://static.colruytgroup.com/images/500x500sq/std.lang.all/86/32/asset-1758632.jpg",
    "content": "1,5kg",
    "walkRouteSequenceNumber": 2719,
    "price": {
      "basicPrice": 7.95,
      "recommendedQuantity": "1.0",
      "measurementUnitPrice": 5.3,
      "measurementUnit": "K",
      "isRedPrice": false,
      "pricePerUOM": 5.3,
      "activationDate": "12-03-2024",
      "recordSource": "Offline",
      "isPromoActive": "N",
      "priceChangeCode": "H"
    },
    "isAvailable": true,
    "isPriceAvailable": true,
    "inPromo": false,
    "gtin": [
      "07613034146717",
      "07613034146700"
    ],
    "topCategoryName": "Huisdieren",
    "topCategoryId": "670",
    "businessDomain": "RETAIL_BE",
    "IsPrivateLabel": false,
    "IsBiffe": false,
    "WeightconversionFactor": "0",
    "IsWeightArticle": false,
    "IsBio": false,
    "CountryOfOrigin": "BELGIË",
    "IsExclusivelySoldInLuxembourg": false,
    "OrderUnit": "P",
    "ShortName": "PURI MINI WGT CTRL1.5KG",
    "IsNew": false,
    "RecentQuanityOfStockUnits": "1",
    "LongName": "PURINA ONE dog mini weight ctrl. 1,5kg",
    "FicCode": "N"
  },
  {
    "productId": "873071",
    "technicalArticleNumber": "4727554",
    "commercialArticleNumber": "24568",
    "name": "Kip Lever",
    "description": "*Een premium, graanvrije natvoeding,\nmet 95% dierlijke eiwitten en met pre-\nbiotische vezels, voor een goede\nspijsvertering. De paté met kip en\nlever is compleet en uitgebalanceerd.",
    "brand": "SHELMA",
    "seoBrand": "Shelma",
    "thumbNail": "https://static.colruytgroup.com/images/200x200/std.lang.all/84/09/asset-3238409.jpg",
    "fullImage": "https://static.colruytgroup.com/images/500x500/std.lang.all/84/09/asset-3238409.jpg",
    "squareImage": "https://static.colruytgroup.com/images/500x500sq/std.lang.all/84/09/asset-3238409.jpg",
    "content": "100g",
    "walkRouteSequenceNumber": 2403,
    "price": {
      "basicPrice": 1.05,
      "recommendedQuantity": "1.0",
      "measurementUnitPrice": 10.5,
      "measurementUnit": "K",
      "isRedPrice": false,
      "pricePerUOM": 10.5,
      "activationDate": "13-03-2024",
      "isPromoActive": "Y",
      "priceChangeCode": "E"
    },
    "isAvailable": true,
    "isPriceAvailable": true,
    "inPromo": true,
    "promotion": [
      {
        "techPromoId": "100933COLR",
        "promotionId": "100933",
        "promotionType": "3",
        "isPersonalized": "N",
        "publicationStartDate": "13-03-2024",
        "publicationEndDate": "26-03-2024"
      }
    ],
    "gtin": [
      "08710558002433",
      "08710558002440"
    ],
    "topCategoryName": "Huisdieren",
    "topCategoryId": "670",
    "businessDomain": "RETAIL_BE",
    "IsPrivateLabel": false,
    "IsBiffe": false,
    "WeightconversionFactor": "0",
    "IsWeightArticle": false,
    "IsBio": false,
    "CountryOfOrigin": "BELGIË",
    "IsExclusivelySoldInLuxembourg": false,
    "OrderUnit": "P",
    "ShortName": "SHEL KAT KIP&LEVER 100G",
    "IsNew": false,
    "RecentQuanityOfStockUnits": "1,16",
    "LongName": "SHELMA Kip Lever 100g",
    "FicCode": "N"
  },
  {
    "productId": "873070",
    "technicalArticleNumber": "4727551",
    "commercialArticleNumber": "24425",
    "name": "Zalm Forel",
    "description": "*Een premium, graanvrije natvoeding,\nmet 95% dierlijke eiwitten, met pre-\nbiotische vezels, voor een goede\nspijsvertering. De paté met zalm en\nforel is compleet en uitgebalanceerd.",
    "brand": "SHELMA",
    "seoBrand": "Shelma",
    "thumbNail": "https://static.colruytgroup.com/images/200x200/std.lang.all/84/08/asset-3238408.jpg",
    "fullImage": "https://static.colruytgroup.com/images/500x500/std.lang.all/84/08/asset-3238408.jpg",
    "squareImage": "https://static.colruytgroup.com/images/500x500sq/std.lang.all/84/08/asset-3238408.jpg",
    "content": "100g",
    "walkRouteSequenceNumber": 2405,
    "price": {
      "basicPrice": 1.05,
      "recommendedQuantity": "1.0",
      "measurementUnitPrice": 10.5,
      "measurementUnit": "K",
      "isRedPrice": false,
      "pricePerUOM": 10.5,
      "activationDate": "14-02-2024",
      "isPromoActive": "N",
      "priceChangeCode": "E"
    },
    "isAvailable": true,
    "isPriceAvailable": true,
    "inPromo": true,
    "promotion": [
      {
        "techPromoId": "100933COLR",
        "promotionId": "100933",
        "promotionType": "3",
        "isPersonalized": "N",
        "publicationStartDate": "13-03-2024",
        "publicationEndDate": "26-03-2024"
      }
    ],
    "gtin": [
      "08710558002419",
      "08710558002426"
    ],
    "topCategoryName": "Huisdieren",
    "topCategoryId": "670",
    "businessDomain": "RETAIL_BE",
    "IsPrivateLabel": false,
    "IsBiffe": false,
    "WeightconversionFactor": "0",
    "IsWeightArticle": false,
    "IsBio": false,
    "CountryOfOrigin": "BELGIË",
    "IsExclusivelySoldInLuxembourg": false,
    "OrderUnit": "P",
    "ShortName": "SHEL KAT ZALM&FOREL100G",
    "IsNew": false,
    "RecentQuanityOfStockUnits": "1,16",
    "LongName": "SHELMA Zalm Forel 100g",
    "FicCode": "N"
  },
  {
    "productId": "55382",
    "technicalArticleNumber": "2388286",
    "commercialArticleNumber": "819109",
    "name": "Beefstick met wild",
    "description": "*Voor hond",
    "brand": "VITAKRAFT",
    "seoBrand": "Vitakraft",
    "thumbNail": "https://static.colruytgroup.com/images/200x200/std.lang.all/57/47/asset-2425747.jpg",
    "fullImage": "https://static.colruytgroup.com/images/500x500/std.lang.all/57/47/asset-2425747.jpg",
    "squareImage": "https://static.colruytgroup.com/images/500x500sq/std.lang.all/57/47/asset-2425747.jpg",
    "content": "4st",
    "walkRouteSequenceNumber": 2619,
    "price": {
      "basicPrice": 2.99,
      "recommendedQuantity": "1.0",
      "measurementUnitPrice": 62.3,
      "measurementUnit": "K",
      "isRedPrice": false,
      "pricePerUOM": 62.3,
      "activationDate": "10-01-2024",
      "recordSource": "Offline",
      "isPromoActive": "N",
      "priceChangeCode": "L"
    },
    "isAvailable": true,
    "isPriceAvailable": true,
    "inPromo": false,
    "gtin": [
      "04008239609977",
      "04008239120816"
    ],
    "topCategoryName": "Huisdieren",
    "topCategoryId": "670",
    "businessDomain": "NON_FOOD",
    "IsPrivateLabel": false,
    "IsBiffe": false,
    "IsWeightArticle": false,
    "RecentQuanityOfStockUnits": "1",
    "LongName": "VITAKRAFT Beefstick met wild 4st",
    "IsBio": false,
    "CountryOfOrigin": "VERENIGD KONINKRIJK",
    "FicCode": "N",
    "OrderUnit": "P",
    "ShortName": "VITAK.BEEFST.WILD 4 ST",
    "IsNew": false
  },
  {
    "productId": "418981",
    "technicalArticleNumber": "3939879",
    "commercialArticleNumber": "1420",
    "name": "perle saus delight",
    "description": "*Natte voeding\n*Rund, kip\n*tonijn, zalm",
    "brand": "GOURMET",
    "seoBrand": "Gourmet",
    "thumbNail": "https://static.colruytgroup.com/images/200x200/std.lang.all/01/39/asset-1550139.jpg",
    "fullImage": "https://static.colruytgroup.com/images/500x500/std.lang.all/01/39/asset-1550139.jpg",
    "squareImage": "https://static.colruytgroup.com/images/500x500sq/std.lang.all/01/39/asset-1550139.jpg",
    "content": "12x85g",
    "walkRouteSequenceNumber": 2475,
    "price": {
      "basicPrice": 8.99,
      "recommendedQuantity": "1.0",
      "measurementUnitPrice": 8.82,
      "measurementUnit": "K",
      "isRedPrice": false,
      "pricePerUOM": 8.82,
      "activationDate": "23-01-2024",
      "recordSource": "Offline",
      "isPromoActive": "N",
      "priceChangeCode": "L"
    },
    "isAvailable": true,
    "isPriceAvailable": true,
    "inPromo": false,
    "gtin": [
      "07613036142922",
      "07613036142939"
    ],
    "topCategoryName": "Huisdieren",
    "topCategoryId": "670",
    "businessDomain": "RETAIL_BE",
    "IsPrivateLabel": false,
    "IsBiffe": false,
    "WeightconversionFactor": "0",
    "IsWeightArticle": false,
    "IsBio": false,
    "CountryOfOrigin": "VERENIGD KONINKRIJK",
    "IsExclusivelySoldInLuxembourg": false,
    "OrderUnit": "P",
    "ShortName": "GOUR PERL.SAUS DEL12X85",
    "IsNew": false,
    "RecentQuanityOfStockUnits": "1",
    "LongName": "GOURMET perle saus delight 12x85g",
    "FicCode": "N"
  },
  {
    "productId": "87968",
    "technicalArticleNumber": "2993754",
    "commercialArticleNumber": "133019",
    "name": "Catstick mini eend-konijn",
    "description": "*Voor kat",
    "brand": "VITAKRAFT",
    "seoBrand": "Vitakraft",
    "thumbNail": "https://static.colruytgroup.com/images/200x200/std.lang.all/57/54/asset-2425754.jpg",
    "fullImage": "https://static.colruytgroup.com/images/500x500/std.lang.all/57/54/asset-2425754.jpg",
    "squareImage": "https://static.colruytgroup.com/images/500x500sq/std.lang.all/57/54/asset-2425754.jpg",
    "content": "6st",
    "walkRouteSequenceNumber": 2528,
    "price": {
      "basicPrice": 2.92,
      "recommendedQuantity": "1.0",
      "measurementUnitPrice": 973.34,
      "measurementUnit": "K",
      "isRedPrice": false,
      "pricePerUOM": 973.34,
      "activationDate": "22-03-2024",
      "recordSource": "Offline",
      "isPromoActive": "N",
      "priceChangeCode": "H"
    },
    "isAvailable": true,
    "isPriceAvailable": true,
    "inPromo": false,
    "gtin": [
      "07610376238421",
      "07610376619497"
    ],
    "topCategoryName": "Huisdieren",
    "topCategoryId": "670",
    "businessDomain": "NON_FOOD",
    "IsPrivateLabel": false,
    "IsBiffe": false,
    "IsWeightArticle": false,
    "RecentQuanityOfStockUnits": "1,10",
    "LongName": "VITAKRAFT Catstick mini eend-konijn 6st",
    "IsBio": false,
    "CountryOfOrigin": "DUITSLAND",
    "FicCode": "N",
    "OrderUnit": "P",
    "ShortName": "VITA 6 CATST.MINI E&K",
    "IsNew": false
  },
  {
    "productId": "863088",
    "technicalArticleNumber": "4714527",
    "commercialArticleNumber": "31899",
    "name": "kat mousse premium",
    "brand": "BONI",
    "seoBrand": "Boni Selection",
    "thumbNail": "https://static.colruytgroup.com/images/200x200/std.lang.all/52/18/asset-3425218.jpg",
    "fullImage": "https://static.colruytgroup.com/images/500x500/std.lang.all/52/18/asset-3425218.jpg",
    "squareImage": "https://static.colruytgroup.com/images/500x500sq/std.lang.all/52/18/asset-3425218.jpg",
    "content": "12x85g",
    "walkRouteSequenceNumber": 2415,
    "price": {
      "basicPrice": 6.99,
      "recommendedQuantity": "1.0",
      "measurementUnitPrice": 6.86,
      "measurementUnit": "K",
      "isRedPrice": false,
      "pricePerUOM": 6.86,
      "activationDate": "01-02-2024",
      "isPromoActive": "N",
      "priceChangeCode": "H"
    },
    "isAvailable": true,
    "isPriceAvailable": true,
    "inPromo": false,
    "gtin": [
      "05400141434965",
      "15400141434962"
    ],
    "topCategoryName": "Huisdieren",
    "topCategoryId": "670",
    "businessDomain": "RETAIL_BE",
    "IsPrivateLabel": true,
    "IsBiffe": false,
    "WeightconversionFactor": "0",
    "IsWeightArticle": false,
    "IsBio": false,
    "CountryOfOrigin": "FRANKRIJK",
    "IsExclusivelySoldInLuxembourg": false,
    "OrderUnit": "P",
    "ShortName": "BONI MOUSSE PREMIU12X85",
    "IsNew": false,
    "RecentQuanityOfStockUnits": "1",
    "LongName": "BONI kat mousse premium 12x85g",
    "FicCode": "N"
  },
  {
    "productId": "861121",
    "technicalArticleNumber": "4712136",
    "commercialArticleNumber": "18958",
    "name": "gevogelte gelei 11+ pouch",
    "description": "*Natte voeding\n*Gevogelte\n*Pouch\n*11+",
    "brand": "WHISKAS",
    "seoBrand": "Whiskas",
    "thumbNail": "https://static.colruytgroup.com/images/200x200/std.lang.all/81/93/asset-3178193.jpg",
    "fullImage": "https://static.colruytgroup.com/images/500x500/std.lang.all/81/93/asset-3178193.jpg",
    "squareImage": "https://static.colruytgroup.com/images/500x500sq/std.lang.all/81/93/asset-3178193.jpg",
    "content": "12x85g",
    "walkRouteSequenceNumber": 2407,
    "price": {
      "basicPrice": 6.39,
      "recommendedQuantity": "1.0",
      "measurementUnitPrice": 6.27,
      "measurementUnit": "K",
      "isRedPrice": false,
      "pricePerUOM": 6.27,
      "activationDate": "21-03-2024",
      "recordSource": "Offline",
      "isPromoActive": "N",
      "priceChangeCode": "H"
    },
    "isAvailable": true,
    "isPriceAvailable": true,
    "inPromo": false,
    "gtin": [
      "03065890154957",
      "03065890155657"
    ],
    "topCategoryName": "Huisdieren",
    "topCategoryId": "670",
    "businessDomain": "RETAIL_BE",
    "IsPrivateLabel": false,
    "IsBiffe": false,
    "WeightconversionFactor": "0",
    "IsWeightArticle": false,
    "IsBio": false,
    "CountryOfOrigin": "FRANKRIJK",
    "IsExclusivelySoldInLuxembourg": false,
    "OrderUnit": "P",
    "ShortName": "WHIS POUCH GEV.GEL12X85",
    "IsNew": false,
    "RecentQuanityOfStockUnits": "1",
    "LongName": "WHISKAS gevogelte gelei 11+ pouch 12x85g",
    "FicCode": "N"
  },
  {
    "productId": "873078",
    "technicalArticleNumber": "4727566",
    "commercialArticleNumber": "25043",
    "name": "Kip Eend",
    "description": "*Een premium, graanvrije natvoeding,\nmet 95% dierlijke eiwitten en met pre-\nbiotische vezels, voor een goede\nspijsvertering. De paté met kip en\neend is compleet en uitgebalanceerd.",
    "brand": "SHELMA",
    "seoBrand": "Shelma",
    "thumbNail": "https://static.colruytgroup.com/images/200x200/std.lang.all/79/62/asset-3237962.jpg",
    "fullImage": "https://static.colruytgroup.com/images/500x500/std.lang.all/79/62/asset-3237962.jpg",
    "squareImage": "https://static.colruytgroup.com/images/500x500sq/std.lang.all/79/62/asset-3237962.jpg",
    "content": "100g",
    "walkRouteSequenceNumber": 2404,
    "price": {
      "basicPrice": 1.04,
      "recommendedQuantity": "1.0",
      "measurementUnitPrice": 10.4,
      "measurementUnit": "K",
      "isRedPrice": false,
      "pricePerUOM": 10.4,
      "activationDate": "11-05-2023",
      "isPromoActive": "N",
      "priceChangeCode": "E"
    },
    "isAvailable": true,
    "isPriceAvailable": true,
    "inPromo": true,
    "promotion": [
      {
        "techPromoId": "100933COLR",
        "promotionId": "100933",
        "promotionType": "3",
        "isPersonalized": "N",
        "publicationStartDate": "13-03-2024",
        "publicationEndDate": "26-03-2024"
      }
    ],
    "gtin": [
      "08710558002457",
      "08710558002464"
    ],
    "topCategoryName": "Huisdieren",
    "topCategoryId": "670",
    "businessDomain": "RETAIL_BE",
    "IsPrivateLabel": false,
    "IsBiffe": false,
    "WeightconversionFactor": "0",
    "IsWeightArticle": false,
    "IsBio": false,
    "CountryOfOrigin": "BELGIË",
    "IsExclusivelySoldInLuxembourg": false,
    "OrderUnit": "P",
    "ShortName": "SHEL KAT KIP&EEND 100G",
    "IsNew": false,
    "RecentQuanityOfStockUnits": "1,16",
    "LongName": "SHELMA Kip Eend 100g",
    "FicCode": "N"
  },
  {
    "productId": "859018",
    "technicalArticleNumber": "4709325",
    "commercialArticleNumber": "31768",
    "name": "Droge korrels gevogel&groenten",
    "description": "*Droge voeding\n*Kip met groenten",
    "brand": "BONI",
    "seoBrand": "Boni Selection",
    "thumbNail": "https://static.colruytgroup.com/images/200x200/std.lang.all/10/89/asset-3311089.jpg",
    "fullImage": "https://static.colruytgroup.com/images/500x500/std.lang.all/10/89/asset-3311089.jpg",
    "squareImage": "https://static.colruytgroup.com/images/500x500sq/std.lang.all/10/89/asset-3311089.jpg",
    "content": "10kg",
    "walkRouteSequenceNumber": 2762,
    "price": {
      "basicPrice": 14.65,
      "recommendedQuantity": "1.0",
      "measurementUnitPrice": 1.47,
      "measurementUnit": "K",
      "isRedPrice": false,
      "pricePerUOM": 1.47,
      "activationDate": "07-02-2024",
      "recordSource": "Offline",
      "isPromoActive": "N",
      "priceChangeCode": "H"
    },
    "isAvailable": true,
    "isPriceAvailable": true,
    "inPromo": false,
    "gtin": [
      "05400141479713"
    ],
    "topCategoryName": "Huisdieren",
    "topCategoryId": "670",
    "businessDomain": "RETAIL_BE",
    "IsPrivateLabel": true,
    "IsBiffe": false,
    "WeightconversionFactor": "0",
    "IsWeightArticle": false,
    "IsBio": false,
    "CountryOfOrigin": "NEDERLAND",
    "IsExclusivelySoldInLuxembourg": false,
    "OrderUnit": "P",
    "ShortName": "BONI POULTRY & VEG10KG",
    "IsNew": false,
    "RecentQuanityOfStockUnits": "1",
    "LongName": "BONI Droge korrels gevogel&groenten 10kg",
    "AlcoholVolume": "0",
    "FicCode": "N"
  },
  {
    "productId": "872837",
    "technicalArticleNumber": "4727254",
    "commercialArticleNumber": "23946",
    "name": "HFC Natural Kip-To. Kaas",
    "description": "*Natte voeding\n*Tonijn, Kip, Kaas",
    "brand": "ALMO NATURE",
    "seoBrand": "Almo Nature",
    "thumbNail": "https://static.colruytgroup.com/images/200x200/std.lang.all/25/28/asset-3252528.jpg",
    "fullImage": "https://static.colruytgroup.com/images/500x500/std.lang.all/25/28/asset-3252528.jpg",
    "squareImage": "https://static.colruytgroup.com/images/500x500sq/std.lang.all/25/28/asset-3252528.jpg",
    "content": "70g",
    "walkRouteSequenceNumber": 2392,
    "price": {
      "basicPrice": 1.49,
      "recommendedQuantity": "1.0",
      "measurementUnitPrice": 21.29,
      "measurementUnit": "K",
      "isRedPrice": false,
      "pricePerUOM": 21.29,
      "activationDate": "07-10-2023",
      "recordSource": "Online",
      "isPromoActive": "N",
      "priceChangeCode": "E"
    },
    "isAvailable": true,
    "isPriceAvailable": true,
    "inPromo": false,
    "gtin": [
      "18001154123088",
      "08001154001358"
    ],
    "topCategoryName": "Huisdieren",
    "topCategoryId": "670",
    "businessDomain": "RETAIL_BE",
    "IsPrivateLabel": false,
    "IsBiffe": false,
    "WeightconversionFactor": "0",
    "IsWeightArticle": false,
    "IsBio": false,
    "CountryOfOrigin": "ITALIË",
    "IsExclusivelySoldInLuxembourg": false,
    "OrderUnit": "P",
    "ShortName": "ALMO CAT T.K. KAAS 70G",
    "IsNew": false,
    "RecentQuanityOfStockUnits": "1",
    "LongName": "ALMO NATURE HFC Natural Kip-To. Kaas 70g",
    "AlcoholVolume": "0",
    "FicCode": "N"
  },
  {
    "productId": "30246",
    "technicalArticleNumber": "1661098",
    "commercialArticleNumber": "445816",
    "name": "Dentastix honden 10-25 kg",
    "description": "*Voor hond",
    "brand": "PEDIGREE",
    "seoBrand": "Pedigree Dentastix",
    "thumbNail": "https://static.colruytgroup.com/images/200x200/std.lang.all/69/21/asset-336921.jpg",
    "fullImage": "https://static.colruytgroup.com/images/500x500/std.lang.all/69/21/asset-336921.jpg",
    "squareImage": "https://static.colruytgroup.com/images/500x500sq/std.lang.all/69/21/asset-336921.jpg",
    "content": "7st",
    "walkRouteSequenceNumber": 2686,
    "price": {
      "basicPrice": 2.29,
      "recommendedQuantity": "1.0",
      "measurementUnitPrice": 12.73,
      "measurementUnit": "K",
      "isRedPrice": false,
      "pricePerUOM": 12.73,
      "activationDate": "17-02-2024",
      "recordSource": "Offline",
      "isPromoActive": "N",
      "priceChangeCode": "E"
    },
    "isAvailable": true,
    "isPriceAvailable": true,
    "inPromo": false,
    "gtin": [
      "05410216046061",
      "05410216046054",
      "05410216041417",
      "05010394051316",
      "05010394984584"
    ],
    "topCategoryName": "Huisdieren",
    "topCategoryId": "670",
    "businessDomain": "NON_FOOD",
    "IsPrivateLabel": false,
    "IsBiffe": false,
    "IsWeightArticle": false,
    "RecentQuanityOfStockUnits": "1,10",
    "LongName": "PEDIGREE Dentastix honden 10-25 kg 7st",
    "IsBio": false,
    "AlcoholVolume": "0",
    "CountryOfOrigin": "BELGIË",
    "FicCode": "N",
    "OrderUnit": "P",
    "ShortName": "PED. DENTA MED 180G 7P",
    "IsNew": false
  },
  {
    "productId": "859013",
    "technicalArticleNumber": "4709318",
    "commercialArticleNumber": "31767",
    "name": "zachte brokjes gevogelte",
    "description": "*Droge voeding\n*Gevogelte\n*Zachte brokken",
    "brand": "BONI",
    "seoBrand": "Boni Selection",
    "thumbNail": "https://static.colruytgroup.com/images/200x200/std.lang.all/10/88/asset-3311088.jpg",
    "fullImage": "https://static.colruytgroup.com/images/500x500/std.lang.all/10/88/asset-3311088.jpg",
    "squareImage": "https://static.colruytgroup.com/images/500x500sq/std.lang.all/10/88/asset-3311088.jpg",
    "content": "4kg",
    "walkRouteSequenceNumber": 2733,
    "price": {
      "basicPrice": 7.98,
      "recommendedQuantity": "1.0",
      "measurementUnitPrice": 2,
      "measurementUnit": "K",
      "isRedPrice": false,
      "pricePerUOM": 2,
      "activationDate": "28-02-2024",
      "recordSource": "Offline",
      "isPromoActive": "N",
      "priceChangeCode": "L"
    },
    "isAvailable": true,
    "isPriceAvailable": true,
    "inPromo": false,
    "gtin": [
      "15400141477228",
      "05400141477221"
    ],
    "topCategoryName": "Huisdieren",
    "topCategoryId": "670",
    "businessDomain": "RETAIL_BE",
    "IsPrivateLabel": true,
    "IsBiffe": false,
    "WeightconversionFactor": "0",
    "IsWeightArticle": false,
    "IsBio": false,
    "CountryOfOrigin": "NEDERLAND",
    "IsExclusivelySoldInLuxembourg": false,
    "OrderUnit": "P",
    "ShortName": "BONI ZACHT.BR.GEVOGEL4K",
    "IsNew": false,
    "RecentQuanityOfStockUnits": "1",
    "LongName": "BONI zachte brokjes gevogelte 4kg",
    "FicCode": "N"
  },
  {
    "productId": "611785",
    "technicalArticleNumber": "4285498",
    "commercialArticleNumber": "133127",
    "name": "Play Tubes Kalkoen Ham",
    "description": "*Voor kat\n*Met kalkoen-ham",
    "brand": "FELIX",
    "seoBrand": "Purina Felix",
    "thumbNail": "https://static.colruytgroup.com/images/200x200/std.lang.all/83/12/asset-2178312.jpg",
    "fullImage": "https://static.colruytgroup.com/images/500x500/std.lang.all/83/12/asset-2178312.jpg",
    "squareImage": "https://static.colruytgroup.com/images/500x500sq/std.lang.all/83/12/asset-2178312.jpg",
    "content": "180g",
    "walkRouteSequenceNumber": 2552,
    "price": {
      "basicPrice": 4.99,
      "recommendedQuantity": "1.0",
      "measurementUnitPrice": 27.73,
      "measurementUnit": "K",
      "isRedPrice": false,
      "pricePerUOM": 27.73,
      "activationDate": "13-03-2024",
      "recordSource": "Offline",
      "isPromoActive": "N",
      "priceChangeCode": "H"
    },
    "isAvailable": true,
    "isPriceAvailable": true,
    "inPromo": true,
    "promotion": [
      {
        "techPromoId": "100931COLR",
        "promotionId": "100931",
        "promotionType": "3",
        "isPersonalized": "N",
        "publicationStartDate": "13-03-2024",
        "publicationEndDate": "26-03-2024"
      }
    ],
    "gtin": [
      "07613036711999",
      "07613036713009"
    ],
    "topCategoryName": "Huisdieren",
    "topCategoryId": "670",
    "businessDomain": "NON_FOOD",
    "IsPrivateLabel": false,
    "IsBiffe": false,
    "IsWeightArticle": false,
    "RecentQuanityOfStockUnits": "1,5",
    "LongName": "FELIX Play Tubes Kalkoen Ham 180g",
    "IsBio": false,
    "AlcoholVolume": "0",
    "CountryOfOrigin": "DUITSLAND",
    "FicCode": "N",
    "OrderUnit": "P",
    "ShortName": "FELIX PLAYTUBES 180G",
    "IsNew": false
  },
  {
    "productId": "679940",
    "technicalArticleNumber": "4398149",
    "commercialArticleNumber": "24548",
    "name": "pouch assorti",
    "brand": "SHEBA",
    "seoBrand": "Sheba",
    "thumbNail": "https://static.colruytgroup.com/images/200x200/std.lang.all/45/39/asset-3334539.jpg",
    "fullImage": "https://static.colruytgroup.com/images/500x500/std.lang.all/45/39/asset-3334539.jpg",
    "squareImage": "https://static.colruytgroup.com/images/500x500sq/std.lang.all/45/39/asset-3334539.jpg",
    "content": "6x50g",
    "walkRouteSequenceNumber": 2440,
    "price": {
      "basicPrice": 3.99,
      "recommendedQuantity": "1.0",
      "measurementUnitPrice": 13.3,
      "measurementUnit": "K",
      "isRedPrice": false,
      "pricePerUOM": 13.3,
      "activationDate": "02-03-2024",
      "recordSource": "Offline",
      "isPromoActive": "N",
      "priceChangeCode": "H"
    },
    "isAvailable": true,
    "isPriceAvailable": true,
    "inPromo": false,
    "gtin": [
      "04770608261290",
      "35400141619363",
      "04770608261344",
      "04770608261337",
      "04770608261306"
    ],
    "topCategoryName": "Huisdieren",
    "topCategoryId": "670",
    "businessDomain": "RETAIL_BE",
    "IsPrivateLabel": false,
    "IsBiffe": false,
    "WeightconversionFactor": "0",
    "IsWeightArticle": false,
    "IsBio": false,
    "CountryOfOrigin": "LITOUWEN",
    "IsExclusivelySoldInLuxembourg": false,
    "OrderUnit": "P",
    "ShortName": "SHEB POUCH ASSORT6X50G",
    "IsNew": false,
    "RecentQuanityOfStockUnits": "1,1",
    "LongName": "SHEBA pouch assorti 6x50g",
    "FicCode": "N"
  },
  {
    "productId": "45889",
    "technicalArticleNumber": "2492200",
    "commercialArticleNumber": "39485",
    "name": "mini filets traiteur pouch",
    "description": "*Voor volwassen\nkatten\n*Vlees in gelei\n*Rund/konijn/kip/\nkalkoen",
    "brand": "SHEBA",
    "seoBrand": "Sheba",
    "thumbNail": "https://static.colruytgroup.com/images/200x200/std.lang.all/31/99/asset-1013199.jpg",
    "fullImage": "https://static.colruytgroup.com/images/500x500/std.lang.all/31/99/asset-1013199.jpg",
    "squareImage": "https://static.colruytgroup.com/images/500x500sq/std.lang.all/31/99/asset-1013199.jpg",
    "content": "12x85g",
    "walkRouteSequenceNumber": 2438,
    "price": {
      "basicPrice": 10.29,
      "recommendedQuantity": "1.0",
      "measurementUnitPrice": 10.09,
      "measurementUnit": "K",
      "isRedPrice": false,
      "pricePerUOM": 10.09,
      "activationDate": "17-02-2024",
      "recordSource": "Online",
      "isPromoActive": "N",
      "priceChangeCode": "E"
    },
    "isAvailable": true,
    "isPriceAvailable": true,
    "inPromo": false,
    "gtin": [
      "03065890097049",
      "03065890097056"
    ],
    "topCategoryName": "Huisdieren",
    "topCategoryId": "670",
    "businessDomain": "RETAIL_BE",
    "IsPrivateLabel": false,
    "IsBiffe": false,
    "WeightconversionFactor": "0",
    "IsWeightArticle": false,
    "IsBio": false,
    "CountryOfOrigin": "FRANKRIJK",
    "IsExclusivelySoldInLuxembourg": false,
    "OrderUnit": "P",
    "ShortName": "SHEB TR.MINI FIL.12X85G",
    "IsNew": false,
    "RecentQuanityOfStockUnits": "1,4",
    "LongName": "SHEBA mini filets traiteur pouch 12x85g",
    "AlcoholVolume": "0",
    "FicCode": "N"
  },
  {
    "productId": "32164",
    "technicalArticleNumber": "1666175",
    "commercialArticleNumber": "445828",
    "name": "Dentastix honden +25 kg",
    "description": "*Voor hond",
    "brand": "PEDIGREE",
    "seoBrand": "Pedigree Dentastix",
    "thumbNail": "https://static.colruytgroup.com/images/200x200/std.lang.all/96/55/asset-389655.jpg",
    "fullImage": "https://static.colruytgroup.com/images/500x500/std.lang.all/96/55/asset-389655.jpg",
    "squareImage": "https://static.colruytgroup.com/images/500x500sq/std.lang.all/96/55/asset-389655.jpg",
    "content": "7st",
    "walkRouteSequenceNumber": 2687,
    "price": {
      "basicPrice": 2.99,
      "recommendedQuantity": "1.0",
      "measurementUnitPrice": 11.08,
      "measurementUnit": "K",
      "isRedPrice": false,
      "pricePerUOM": 11.08,
      "activationDate": "17-02-2024",
      "recordSource": "Offline",
      "isPromoActive": "N",
      "priceChangeCode": "E"
    },
    "isAvailable": true,
    "isPriceAvailable": true,
    "inPromo": false,
    "gtin": [
      "05998749109113",
      "05998749109106"
    ],
    "topCategoryName": "Huisdieren",
    "topCategoryId": "670",
    "businessDomain": "NON_FOOD",
    "IsPrivateLabel": false,
    "IsBiffe": false,
    "IsWeightArticle": false,
    "RecentQuanityOfStockUnits": "1",
    "LongName": "PEDIGREE Dentastix honden +25 kg 7st",
    "IsBio": false,
    "AlcoholVolume": "0",
    "CountryOfOrigin": "BELGIË",
    "FicCode": "N",
    "OrderUnit": "P",
    "ShortName": "PED. DENTA MAXI 270G 7P",
    "IsNew": false
  },
  {
    "productId": "28136",
    "technicalArticleNumber": "1961449",
    "commercialArticleNumber": "445939",
    "name": "kauwbenen 21 cm",
    "description": "*Voor hond",
    "brand": "BONI",
    "seoBrand": "Boni Selection",
    "thumbNail": "https://static.colruytgroup.com/images/200x200/std.lang.all/78/11/asset-567811.jpg",
    "fullImage": "https://static.colruytgroup.com/images/500x500/std.lang.all/78/11/asset-567811.jpg",
    "squareImage": "https://static.colruytgroup.com/images/500x500sq/std.lang.all/78/11/asset-567811.jpg",
    "content": "3st",
    "walkRouteSequenceNumber": 2606,
    "price": {
      "basicPrice": 9.99,
      "recommendedQuantity": "1.0",
      "measurementUnitPrice": 3.33,
      "measurementUnit": "S",
      "isRedPrice": false,
      "pricePerUOM": 3.33,
      "activationDate": "09-03-2024",
      "recordSource": "Online",
      "isPromoActive": "N",
      "priceChangeCode": "E"
    },
    "isAvailable": true,
    "isPriceAvailable": true,
    "inPromo": false,
    "gtin": [
      "05400141218435",
      "05400141255782",
      "05400141459395",
      "15400141459392",
      "15400141870784",
      "15400141896289",
      "15400141255789"
    ],
    "topCategoryName": "Huisdieren",
    "topCategoryId": "670",
    "businessDomain": "NON_FOOD",
    "IsPrivateLabel": true,
    "IsBiffe": false,
    "IsWeightArticle": false,
    "RecentQuanityOfStockUnits": "1",
    "LongName": "BONI kauwbenen 21 cm 3st",
    "IsBio": false,
    "CountryOfOrigin": "CHINA (VOLKSREBUPLIEK)",
    "FicCode": "N",
    "OrderUnit": "P",
    "ShortName": "BONI 3 BENEN 21CM",
    "IsNew": false
  },
  {
    "productId": "845229",
    "technicalArticleNumber": "4691007",
    "commercialArticleNumber": "5739",
    "name": "Mini filets Groenten Saus",
    "description": "*Kattenvoeding\n*Natte voeding\n*Stukjes in saus\n*Met kalf en groenten\n*Pouch",
    "brand": "GOURMET",
    "seoBrand": "Gourmet Purina",
    "thumbNail": "https://static.colruytgroup.com/images/200x200/std.lang.all/85/46/asset-3318546.jpg",
    "fullImage": "https://static.colruytgroup.com/images/500x500/std.lang.all/85/46/asset-3318546.jpg",
    "squareImage": "https://static.colruytgroup.com/images/500x500sq/std.lang.all/85/46/asset-3318546.jpg",
    "content": "12x85g",
    "walkRouteSequenceNumber": 2473,
    "price": {
      "basicPrice": 9.39,
      "recommendedQuantity": "1.0",
      "measurementUnitPrice": 9.21,
      "measurementUnit": "K",
      "isRedPrice": false,
      "pricePerUOM": 9.21,
      "activationDate": "02-02-2024",
      "recordSource": "Offline",
      "isPromoActive": "N",
      "priceChangeCode": "E"
    },
    "isAvailable": true,
    "isPriceAvailable": true,
    "inPromo": false,
    "gtin": [
      "07613031466009"
    ],
    "topCategoryName": "Huisdieren",
    "topCategoryId": "670",
    "businessDomain": "RETAIL_BE",
    "IsPrivateLabel": false,
    "IsBiffe": false,
    "WeightconversionFactor": "0",
    "IsWeightArticle": false,
    "IsBio": false,
    "CountryOfOrigin": "FRANKRIJK",
    "IsExclusivelySoldInLuxembourg": false,
    "OrderUnit": "P",
    "ShortName": "GOUR PERLE FILETS12X85G",
    "IsNew": false,
    "RecentQuanityOfStockUnits": "1",
    "LongName": "GOURMET Mini filets Groenten Saus 12x85g",
    "FicCode": "E"
  },
  {
    "productId": "861120",
    "technicalArticleNumber": "4712135",
    "commercialArticleNumber": "18921",
    "name": "mix gelei 1+ pouch",
    "description": "*Natte voeding\n*Mix\n*Pouch\n*1+",
    "brand": "WHISKAS",
    "seoBrand": "Whiskas",
    "thumbNail": "https://static.colruytgroup.com/images/200x200/std.lang.all/81/92/asset-3178192.jpg",
    "fullImage": "https://static.colruytgroup.com/images/500x500/std.lang.all/81/92/asset-3178192.jpg",
    "squareImage": "https://static.colruytgroup.com/images/500x500sq/std.lang.all/81/92/asset-3178192.jpg",
    "content": "12x85g",
    "walkRouteSequenceNumber": 2410,
    "price": {
      "basicPrice": 6.59,
      "recommendedQuantity": "1.0",
      "measurementUnitPrice": 6.47,
      "measurementUnit": "K",
      "isRedPrice": false,
      "pricePerUOM": 6.47,
      "activationDate": "16-02-2024",
      "recordSource": "Offline",
      "isPromoActive": "N",
      "priceChangeCode": "H"
    },
    "isAvailable": true,
    "isPriceAvailable": true,
    "inPromo": false,
    "gtin": [
      "03065890153646",
      "03065890153653"
    ],
    "topCategoryName": "Huisdieren",
    "topCategoryId": "670",
    "businessDomain": "RETAIL_BE",
    "IsPrivateLabel": false,
    "IsBiffe": false,
    "WeightconversionFactor": "0",
    "IsWeightArticle": false,
    "IsBio": false,
    "CountryOfOrigin": "FRANKRIJK",
    "IsExclusivelySoldInLuxembourg": false,
    "OrderUnit": "P",
    "ShortName": "WHIS POUCH MIX GEL12X85",
    "IsNew": false,
    "RecentQuanityOfStockUnits": "1",
    "LongName": "WHISKAS mix gelei 1+ pouch 12x85g",
    "FicCode": "N"
  },
  {
    "productId": "873083",
    "technicalArticleNumber": "4727572",
    "commercialArticleNumber": "25078",
    "name": "Adult Sterilized Vers Rund",
    "description": "*Een premium, graanvrije droogvoeding,\nrijk aan dierlijke eiwitten. De\nvoeding is bereid met verse rund. Ook\ngeschikt voor gecastreerde katten.\nOndersteunt een optimale vitaliteit.",
    "brand": "SHELMA",
    "seoBrand": "Shelma",
    "thumbNail": "https://static.colruytgroup.com/images/200x200/std.lang.all/13/39/asset-3241339.jpg",
    "fullImage": "https://static.colruytgroup.com/images/500x500/std.lang.all/13/39/asset-3241339.jpg",
    "squareImage": "https://static.colruytgroup.com/images/500x500sq/std.lang.all/13/39/asset-3241339.jpg",
    "content": "1,4kg",
    "walkRouteSequenceNumber": 2424,
    "price": {
      "basicPrice": 11.99,
      "recommendedQuantity": "1.0",
      "measurementUnitPrice": 8.57,
      "measurementUnit": "K",
      "isRedPrice": false,
      "pricePerUOM": 8.57,
      "activationDate": "13-03-2024",
      "isPromoActive": "Y",
      "priceChangeCode": "E"
    },
    "isAvailable": true,
    "isPriceAvailable": true,
    "inPromo": true,
    "promotion": [
      {
        "techPromoId": "100933COLR",
        "promotionId": "100933",
        "promotionType": "3",
        "isPersonalized": "N",
        "publicationStartDate": "13-03-2024",
        "publicationEndDate": "26-03-2024"
      }
    ],
    "gtin": [
      "28595606407026",
      "08595606407022"
    ],
    "topCategoryName": "Huisdieren",
    "topCategoryId": "670",
    "businessDomain": "RETAIL_BE",
    "IsPrivateLabel": false,
    "IsBiffe": false,
    "WeightconversionFactor": "0",
    "IsWeightArticle": false,
    "IsBio": false,
    "CountryOfOrigin": "BELGIË",
    "IsExclusivelySoldInLuxembourg": false,
    "OrderUnit": "P",
    "ShortName": "SHEL KAT STER.RUND1.4KG",
    "IsNew": false,
    "RecentQuanityOfStockUnits": "1",
    "LongName": "SHELMA Adult Sterilized Vers Rund 1,4kg",
    "FicCode": "N"
  },
  {
    "productId": "14217",
    "technicalArticleNumber": "1606461",
    "commercialArticleNumber": "11498",
    "name": "Adult rundsvlees",
    "description": "*Voor volwassen\nhonden\n*Droge voeding\n*Rundsvlees",
    "brand": "PEDIGREE",
    "seoBrand": "Pedigree",
    "thumbNail": "https://static.colruytgroup.com/images/200x200/std.lang.all/35/10/asset-343510.jpg",
    "fullImage": "https://static.colruytgroup.com/images/500x500/std.lang.all/35/10/asset-343510.jpg",
    "squareImage": "https://static.colruytgroup.com/images/500x500sq/std.lang.all/35/10/asset-343510.jpg",
    "content": "3kg",
    "walkRouteSequenceNumber": 2732,
    "price": {
      "basicPrice": 9.45,
      "recommendedQuantity": "1.0",
      "measurementUnitPrice": 3.15,
      "measurementUnit": "K",
      "isRedPrice": false,
      "pricePerUOM": 3.15,
      "activationDate": "13-03-2024",
      "recordSource": "Offline",
      "isPromoActive": "N",
      "priceChangeCode": "H"
    },
    "isAvailable": true,
    "isPriceAvailable": true,
    "inPromo": false,
    "gtin": [
      "03065890039896",
      "05000166142595",
      "04008429161889",
      "04008429161872"
    ],
    "topCategoryName": "Huisdieren",
    "topCategoryId": "670",
    "businessDomain": "RETAIL_BE",
    "IsPrivateLabel": false,
    "IsBiffe": false,
    "WeightconversionFactor": "0",
    "IsWeightArticle": false,
    "IsBio": false,
    "CountryOfOrigin": "VERENIGD KONINKRIJK",
    "IsExclusivelySoldInLuxembourg": false,
    "OrderUnit": "P",
    "ShortName": "PEDIGREE ADULT RUND 3KG",
    "IsNew": false,
    "RecentQuanityOfStockUnits": "3,1",
    "LongName": "PEDIGREE Adult rundsvlees 3kg",
    "AlcoholVolume": "0",
    "FicCode": "N"
  },
  {
    "productId": "622387",
    "technicalArticleNumber": "4302876",
    "commercialArticleNumber": "23655",
    "name": "Dog dry Senior kip",
    "brand": "PERFECT FIT",
    "seoBrand": "Perfect Fit",
    "thumbNail": "https://static.colruytgroup.com/images/200x200/std.lang.all/62/10/asset-2176210.jpg",
    "fullImage": "https://static.colruytgroup.com/images/500x500/std.lang.all/62/10/asset-2176210.jpg",
    "squareImage": "https://static.colruytgroup.com/images/500x500sq/std.lang.all/62/10/asset-2176210.jpg",
    "content": "1,4kg",
    "walkRouteSequenceNumber": 2730,
    "price": {
      "basicPrice": 6.59,
      "recommendedQuantity": "1.0",
      "measurementUnitPrice": 4.71,
      "measurementUnit": "K",
      "isRedPrice": false,
      "pricePerUOM": 4.71,
      "activationDate": "02-03-2024",
      "recordSource": "Offline",
      "isPromoActive": "N",
      "priceChangeCode": "H"
    },
    "isAvailable": true,
    "isPriceAvailable": true,
    "inPromo": false,
    "gtin": [
      "04008429137624",
      "04008429092343",
      "04008429092350"
    ],
    "topCategoryName": "Huisdieren",
    "topCategoryId": "670",
    "businessDomain": "RETAIL_BE",
    "IsPrivateLabel": false,
    "IsBiffe": false,
    "WeightconversionFactor": "0",
    "IsWeightArticle": false,
    "IsBio": false,
    "CountryOfOrigin": "DUITSLAND",
    "IsExclusivelySoldInLuxembourg": false,
    "OrderUnit": "P",
    "ShortName": "PERF FIT DRY.SEN.KIP1K4",
    "IsNew": false,
    "RecentQuanityOfStockUnits": "1",
    "LongName": "PERFECT FIT Dog dry Senior kip 1,4kg",
    "FicCode": "N"
  },
  {
    "productId": "162516",
    "technicalArticleNumber": "3254382",
    "commercialArticleNumber": "133146",
    "name": "schelpenzand",
    "description": "*Voor kooi van vogel",
    "brand": "BONI",
    "seoBrand": "Boni Selection",
    "thumbNail": "https://static.colruytgroup.com/images/200x200/std.lang.all/61/35/asset-876135.jpg",
    "fullImage": "https://static.colruytgroup.com/images/500x500/std.lang.all/61/35/asset-876135.jpg",
    "squareImage": "https://static.colruytgroup.com/images/500x500sq/std.lang.all/61/35/asset-876135.jpg",
    "content": "5kg",
    "walkRouteSequenceNumber": 2594,
    "price": {
      "basicPrice": 2.69,
      "recommendedQuantity": "1.0",
      "measurementUnitPrice": 0.54,
      "measurementUnit": "K",
      "isRedPrice": false,
      "pricePerUOM": 0.54,
      "activationDate": "13-02-2024",
      "recordSource": "Offline",
      "isPromoActive": "N",
      "priceChangeCode": "L"
    },
    "isAvailable": true,
    "isPriceAvailable": true,
    "inPromo": false,
    "gtin": [
      "15400141871330",
      "15400141255598",
      "05400141255591"
    ],
    "topCategoryName": "Huisdieren",
    "topCategoryId": "670",
    "businessDomain": "NON_FOOD",
    "IsPrivateLabel": true,
    "IsBiffe": false,
    "IsWeightArticle": false,
    "RecentQuanityOfStockUnits": "1",
    "LongName": "BONI schelpenzand 5kg",
    "IsBio": false,
    "CountryOfOrigin": "NEDERLAND",
    "FicCode": "N",
    "OrderUnit": "P",
    "ShortName": "BONI SCHELPZAND 5KG",
    "IsNew": false
  },
  {
    "productId": "872794",
    "technicalArticleNumber": "4727209",
    "commercialArticleNumber": "23473",
    "name": "HFC Compl. Lam Wortel",
    "description": "*Natte voeding\n*Lam met wortel",
    "brand": "ALMO NATURE",
    "seoBrand": "Almo Nature",
    "thumbNail": "https://static.colruytgroup.com/images/200x200/std.lang.all/25/31/asset-3252531.jpg",
    "fullImage": "https://static.colruytgroup.com/images/500x500/std.lang.all/25/31/asset-3252531.jpg",
    "squareImage": "https://static.colruytgroup.com/images/500x500sq/std.lang.all/25/31/asset-3252531.jpg",
    "content": "85g",
    "walkRouteSequenceNumber": 2742,
    "price": {
      "basicPrice": 1.19,
      "recommendedQuantity": "1.0",
      "measurementUnitPrice": 14,
      "measurementUnit": "K",
      "isRedPrice": false,
      "pricePerUOM": 14,
      "activationDate": "11-05-2023",
      "isPromoActive": "N",
      "priceChangeCode": "E"
    },
    "isAvailable": true,
    "isPriceAvailable": true,
    "inPromo": false,
    "gtin": [
      "08001154002508",
      "18001154002505"
    ],
    "topCategoryName": "Huisdieren",
    "topCategoryId": "670",
    "businessDomain": "RETAIL_BE",
    "IsPrivateLabel": false,
    "IsBiffe": false,
    "WeightconversionFactor": "0",
    "IsWeightArticle": false,
    "IsBio": false,
    "CountryOfOrigin": "ITALIË",
    "IsExclusivelySoldInLuxembourg": false,
    "OrderUnit": "P",
    "ShortName": "ALMO DOG LAM WORTEL 85G",
    "IsNew": false,
    "RecentQuanityOfStockUnits": "1",
    "LongName": "ALMO NATURE HFC Compl. Lam Wortel 85g",
    "AlcoholVolume": "0",
    "FicCode": "N"
  },
  {
    "productId": "865265",
    "technicalArticleNumber": "4717315",
    "commercialArticleNumber": "2753",
    "name": "Kip+superfoods GF",
    "brand": "BONI",
    "seoBrand": "Boni Selection",
    "thumbNail": "https://static.colruytgroup.com/images/200x200/std.lang.all/15/83/asset-3391583.jpg",
    "fullImage": "https://static.colruytgroup.com/images/500x500/std.lang.all/15/83/asset-3391583.jpg",
    "squareImage": "https://static.colruytgroup.com/images/500x500sq/std.lang.all/15/83/asset-3391583.jpg",
    "content": "1kg",
    "walkRouteSequenceNumber": 2457,
    "price": {
      "basicPrice": 6.99,
      "recommendedQuantity": "1.0",
      "measurementUnitPrice": 6.99,
      "measurementUnit": "K",
      "isRedPrice": false,
      "pricePerUOM": 6.99,
      "activationDate": "19-10-2023",
      "isPromoActive": "N",
      "priceChangeCode": "H"
    },
    "isAvailable": true,
    "isPriceAvailable": true,
    "inPromo": false,
    "gtin": [
      "15400141710073",
      "05400141710076"
    ],
    "topCategoryName": "Huisdieren",
    "topCategoryId": "670",
    "businessDomain": "RETAIL_BE",
    "IsPrivateLabel": true,
    "IsBiffe": false,
    "WeightconversionFactor": "0",
    "IsWeightArticle": false,
    "IsBio": false,
    "CountryOfOrigin": "NEDERLAND",
    "IsExclusivelySoldInLuxembourg": false,
    "OrderUnit": "P",
    "ShortName": "BONI KAT KIP+SUPERF.GF1",
    "IsNew": false,
    "RecentQuanityOfStockUnits": "1",
    "LongName": "BONI Kip+superfoods GF 1kg",
    "FicCode": "N"
  },
  {
    "productId": "10219",
    "technicalArticleNumber": "1148041",
    "commercialArticleNumber": "445411",
    "name": "kauwbenen 18cm",
    "description": "*Voor hond",
    "brand": "BONI",
    "seoBrand": "Boni Selection",
    "thumbNail": "https://static.colruytgroup.com/images/200x200/std.lang.all/78/05/asset-567805.jpg",
    "fullImage": "https://static.colruytgroup.com/images/500x500/std.lang.all/78/05/asset-567805.jpg",
    "squareImage": "https://static.colruytgroup.com/images/500x500sq/std.lang.all/78/05/asset-567805.jpg",
    "content": "3st",
    "walkRouteSequenceNumber": 2600,
    "price": {
      "basicPrice": 6.99,
      "recommendedQuantity": "1.0",
      "measurementUnitPrice": 2.33,
      "measurementUnit": "S",
      "isRedPrice": false,
      "pricePerUOM": 2.33,
      "activationDate": "14-11-2023",
      "isPromoActive": "N",
      "priceChangeCode": "E"
    },
    "isAvailable": true,
    "isPriceAvailable": true,
    "inPromo": false,
    "gtin": [
      "05400141218428",
      "15400141896272",
      "15400141870760",
      "15400141454113",
      "05400141454116",
      "05400141255751"
    ],
    "topCategoryName": "Huisdieren",
    "topCategoryId": "670",
    "businessDomain": "NON_FOOD",
    "IsPrivateLabel": true,
    "IsBiffe": false,
    "IsWeightArticle": false,
    "RecentQuanityOfStockUnits": "1",
    "LongName": "BONI kauwbenen 18cm 3st",
    "IsBio": false,
    "CountryOfOrigin": "CHINA (VOLKSREBUPLIEK)",
    "FicCode": "N",
    "OrderUnit": "P",
    "ShortName": "BONI 3 KN.BEEN 18 BLEA",
    "IsNew": false
  },
  {
    "productId": "45279",
    "technicalArticleNumber": "2498914",
    "commercialArticleNumber": "819169",
    "name": "Weidehooi",
    "description": "*Voor knaagdier",
    "brand": "PET'S OWN CHOICE",
    "seoBrand": "Pet's Own Choice",
    "thumbNail": "https://static.colruytgroup.com/images/200x200/std.lang.all/62/37/asset-1456237.jpg",
    "fullImage": "https://static.colruytgroup.com/images/500x500/std.lang.all/62/37/asset-1456237.jpg",
    "squareImage": "https://static.colruytgroup.com/images/500x500sq/std.lang.all/62/37/asset-1456237.jpg",
    "content": "2,5kg",
    "walkRouteSequenceNumber": 2511,
    "price": {
      "basicPrice": 5.3,
      "recommendedQuantity": "1.0",
      "measurementUnitPrice": 2.12,
      "measurementUnit": "K",
      "isRedPrice": false,
      "pricePerUOM": 2.12,
      "activationDate": "03-06-2023",
      "isPromoActive": "N",
      "priceChangeCode": "E"
    },
    "isAvailable": true,
    "isPriceAvailable": true,
    "inPromo": false,
    "gtin": [
      "08711984300254",
      "05011914800735",
      "15011914800732",
      "05011914810734"
    ],
    "topCategoryName": "Huisdieren",
    "topCategoryId": "670",
    "businessDomain": "NON_FOOD",
    "IsPrivateLabel": false,
    "IsBiffe": false,
    "IsWeightArticle": false,
    "RecentQuanityOfStockUnits": "1",
    "LongName": "PET'S OWN CHOICE Weidehooi 2,5kg",
    "IsBio": false,
    "CountryOfOrigin": "NEDERLAND",
    "FicCode": "N",
    "OrderUnit": "P",
    "ShortName": "WEIDEHOOI 2.5KG",
    "IsNew": false
  },
  {
    "productId": "872802",
    "technicalArticleNumber": "4727217",
    "commercialArticleNumber": "23474",
    "name": "HFC Compl. Angus Bonen",
    "description": "*Natte voeding\n*Rund bonen",
    "brand": "ALMO NATURE",
    "seoBrand": "Almo Nature",
    "thumbNail": "https://static.colruytgroup.com/images/200x200/std.lang.all/25/32/asset-3252532.jpg",
    "fullImage": "https://static.colruytgroup.com/images/500x500/std.lang.all/25/32/asset-3252532.jpg",
    "squareImage": "https://static.colruytgroup.com/images/500x500sq/std.lang.all/25/32/asset-3252532.jpg",
    "content": "85g",
    "walkRouteSequenceNumber": 2743,
    "price": {
      "basicPrice": 1.19,
      "recommendedQuantity": "1.0",
      "measurementUnitPrice": 14,
      "measurementUnit": "K",
      "isRedPrice": false,
      "pricePerUOM": 14,
      "activationDate": "11-05-2023",
      "isPromoActive": "N",
      "priceChangeCode": "E"
    },
    "isAvailable": true,
    "isPriceAvailable": true,
    "inPromo": false,
    "gtin": [
      "18001154002512",
      "08001154002515"
    ],
    "topCategoryName": "Huisdieren",
    "topCategoryId": "670",
    "businessDomain": "RETAIL_BE",
    "IsPrivateLabel": false,
    "IsBiffe": false,
    "WeightconversionFactor": "0",
    "IsWeightArticle": false,
    "IsBio": false,
    "CountryOfOrigin": "ITALIË",
    "IsExclusivelySoldInLuxembourg": false,
    "OrderUnit": "P",
    "ShortName": "ALMO DOG RUND BONEN 85G",
    "IsNew": false,
    "RecentQuanityOfStockUnits": "1",
    "LongName": "ALMO NATURE HFC Compl. Angus Bonen 85g",
    "AlcoholVolume": "0",
    "FicCode": "N"
  },
  {
    "productId": "873546",
    "technicalArticleNumber": "4728441",
    "commercialArticleNumber": "31969",
    "name": "Catch of the Day",
    "description": "*Catch of the Day",
    "brand": "LILY'S KITCHEN",
    "seoBrand": "Lily's Kitchen",
    "thumbNail": "https://static.colruytgroup.com/images/200x200/std.lang.all/05/46/asset-3260546.jpg",
    "fullImage": "https://static.colruytgroup.com/images/500x500/std.lang.all/05/46/asset-3260546.jpg",
    "squareImage": "https://static.colruytgroup.com/images/500x500sq/std.lang.all/05/46/asset-3260546.jpg",
    "content": "85g",
    "walkRouteSequenceNumber": 2396,
    "price": {
      "basicPrice": 1.69,
      "recommendedQuantity": "1.0",
      "measurementUnitPrice": 19.89,
      "measurementUnit": "K",
      "isRedPrice": false,
      "pricePerUOM": 19.89,
      "activationDate": "12-03-2024",
      "recordSource": "Offline",
      "isPromoActive": "N",
      "priceChangeCode": "H"
    },
    "isAvailable": true,
    "isPriceAvailable": true,
    "inPromo": false,
    "gtin": [
      "05060184243445",
      "05060184243308"
    ],
    "topCategoryName": "Huisdieren",
    "topCategoryId": "670",
    "businessDomain": "RETAIL_BE",
    "IsPrivateLabel": false,
    "IsBiffe": false,
    "WeightconversionFactor": "0",
    "IsWeightArticle": false,
    "IsBio": false,
    "CountryOfOrigin": "VERENIGD KONINKRIJK",
    "IsExclusivelySoldInLuxembourg": false,
    "OrderUnit": "P",
    "ShortName": "LILY CAT CATCH DAY 85G",
    "IsNew": false,
    "RecentQuanityOfStockUnits": "1",
    "LongName": "LILY'S KITCHEN Catch of the Day 85g",
    "FicCode": "N"
  },
  {
    "productId": "873876",
    "technicalArticleNumber": "4728624",
    "commercialArticleNumber": "32032",
    "name": "Organic Rund",
    "brand": "LILY'S KITCHEN",
    "seoBrand": "Lily's Kitchen",
    "thumbNail": "https://static.colruytgroup.com/images/200x200/std.lang.all/05/47/asset-3260547.jpg",
    "fullImage": "https://static.colruytgroup.com/images/500x500/std.lang.all/05/47/asset-3260547.jpg",
    "squareImage": "https://static.colruytgroup.com/images/500x500sq/std.lang.all/05/47/asset-3260547.jpg",
    "content": "85g",
    "walkRouteSequenceNumber": 2399,
    "price": {
      "basicPrice": 1.59,
      "recommendedQuantity": "1.0",
      "measurementUnitPrice": 18.71,
      "measurementUnit": "K",
      "isRedPrice": false,
      "pricePerUOM": 18.71,
      "activationDate": "13-03-2024",
      "isPromoActive": "N",
      "priceChangeCode": "E"
    },
    "isAvailable": true,
    "isPriceAvailable": true,
    "inPromo": false,
    "gtin": [
      "05060184243346",
      "05060184243926"
    ],
    "topCategoryName": "Huisdieren",
    "topCategoryId": "670",
    "businessDomain": "RETAIL_BE",
    "IsPrivateLabel": false,
    "IsBiffe": false,
    "WeightconversionFactor": "0",
    "IsWeightArticle": false,
    "IsBio": true,
    "CountryOfOrigin": "VERENIGD KONINKRIJK",
    "IsExclusivelySoldInLuxembourg": false,
    "OrderUnit": "P",
    "ShortName": "LILY CAT ORGANIC RUND85",
    "IsNew": false,
    "RecentQuanityOfStockUnits": "1",
    "LongName": "LILY'S KITCHEN Organic Rund 85g",
    "FicCode": "N"
  },
  {
    "productId": "872809",
    "technicalArticleNumber": "4727225",
    "commercialArticleNumber": "23594",
    "name": "HFC Complete Ham Erwten",
    "description": "*Natte voeding\n*Ham erwten",
    "brand": "ALMO NATURE",
    "seoBrand": "Almo Nature",
    "thumbNail": "https://static.colruytgroup.com/images/200x200/std.lang.all/25/34/asset-3252534.jpg",
    "fullImage": "https://static.colruytgroup.com/images/500x500/std.lang.all/25/34/asset-3252534.jpg",
    "squareImage": "https://static.colruytgroup.com/images/500x500sq/std.lang.all/25/34/asset-3252534.jpg",
    "content": "85g",
    "walkRouteSequenceNumber": 2744,
    "price": {
      "basicPrice": 1.19,
      "recommendedQuantity": "1.0",
      "measurementUnitPrice": 14,
      "measurementUnit": "K",
      "isRedPrice": false,
      "pricePerUOM": 14,
      "activationDate": "11-05-2023",
      "isPromoActive": "N",
      "priceChangeCode": "E"
    },
    "isAvailable": true,
    "isPriceAvailable": true,
    "inPromo": false,
    "gtin": [
      "08001154002539",
      "18001154002536"
    ],
    "topCategoryName": "Huisdieren",
    "topCategoryId": "670",
    "businessDomain": "RETAIL_BE",
    "IsPrivateLabel": false,
    "IsBiffe": false,
    "WeightconversionFactor": "0",
    "IsWeightArticle": false,
    "IsBio": false,
    "CountryOfOrigin": "ITALIË",
    "IsExclusivelySoldInLuxembourg": false,
    "OrderUnit": "P",
    "ShortName": "ALMO DOG HAM ERW 85G",
    "IsNew": false,
    "RecentQuanityOfStockUnits": "1",
    "LongName": "ALMO NATURE HFC Complete Ham Erwten 85g",
    "AlcoholVolume": "0",
    "FicCode": "N"
  },
  {
    "productId": "872805",
    "technicalArticleNumber": "4727221",
    "commercialArticleNumber": "23522",
    "name": "HFC Compl. Kip Courgette",
    "description": "*Natte voeding\n*Kip courgette",
    "brand": "ALMO NATURE",
    "seoBrand": "Almo Nature",
    "thumbNail": "https://static.colruytgroup.com/images/200x200/std.lang.all/25/33/asset-3252533.jpg",
    "fullImage": "https://static.colruytgroup.com/images/500x500/std.lang.all/25/33/asset-3252533.jpg",
    "squareImage": "https://static.colruytgroup.com/images/500x500sq/std.lang.all/25/33/asset-3252533.jpg",
    "content": "85g",
    "price": {
      "basicPrice": 1.19,
      "recommendedQuantity": "1.0",
      "measurementUnitPrice": 14,
      "measurementUnit": "K",
      "isRedPrice": false,
      "pricePerUOM": 14,
      "activationDate": "11-05-2023",
      "isPromoActive": "N",
      "priceChangeCode": "E"
    },
    "isAvailable": true,
    "isPriceAvailable": true,
    "inPromo": false,
    "gtin": [
      "18001154002529",
      "08001154002522"
    ],
    "topCategoryName": "Huisdieren",
    "topCategoryId": "670",
    "businessDomain": "RETAIL_BE",
    "IsPrivateLabel": false,
    "IsBiffe": false,
    "WeightconversionFactor": "0",
    "IsWeightArticle": false,
    "IsBio": false,
    "CountryOfOrigin": "ITALIË",
    "IsExclusivelySoldInLuxembourg": false,
    "OrderUnit": "P",
    "ShortName": "ALMO DOG KIP COURG. 85G",
    "IsNew": false,
    "RecentQuanityOfStockUnits": "1",
    "LongName": "ALMO NATURE HFC Compl. Kip Courgette 85g",
    "AlcoholVolume": "0",
    "FicCode": "N"
  },
  {
    "productId": "28139",
    "technicalArticleNumber": "1961463",
    "commercialArticleNumber": "445944",
    "name": "kauwbeen 7 cm",
    "description": "*Voor hond",
    "brand": "BONI",
    "seoBrand": "Boni Selection",
    "thumbNail": "https://static.colruytgroup.com/images/200x200/std.lang.all/78/14/asset-567814.jpg",
    "fullImage": "https://static.colruytgroup.com/images/500x500/std.lang.all/78/14/asset-567814.jpg",
    "squareImage": "https://static.colruytgroup.com/images/500x500sq/std.lang.all/78/14/asset-567814.jpg",
    "content": "8st",
    "walkRouteSequenceNumber": 2602,
    "price": {
      "basicPrice": 3.99,
      "recommendedQuantity": "1.0",
      "measurementUnitPrice": 0.499,
      "measurementUnit": "S",
      "isRedPrice": false,
      "pricePerUOM": 0.499,
      "activationDate": "14-11-2023",
      "isPromoActive": "N",
      "priceChangeCode": "E"
    },
    "isAvailable": true,
    "isPriceAvailable": true,
    "inPromo": false,
    "gtin": [
      "15400141459446",
      "15400141870852",
      "15400141896258",
      "05400141256147",
      "05400141459449",
      "05400141218404"
    ],
    "topCategoryName": "Huisdieren",
    "topCategoryId": "670",
    "businessDomain": "NON_FOOD",
    "IsPrivateLabel": true,
    "IsBiffe": false,
    "IsWeightArticle": false,
    "RecentQuanityOfStockUnits": "1",
    "LongName": "BONI kauwbeen 7 cm 8st",
    "IsBio": false,
    "CountryOfOrigin": "CHINA (VOLKSREBUPLIEK)",
    "FicCode": "N",
    "OrderUnit": "P",
    "ShortName": "BONI8 KN.BEEN 7CM BLEAC",
    "IsNew": false
  },
  {
    "productId": "873102",
    "technicalArticleNumber": "4727593",
    "commercialArticleNumber": "25090",
    "name": "Adult sterilized vers zalm",
    "description": "*Een premium, graanvrije droogvoeding,\nrijk aan dierlijke eiwitten. De\nvoeding is bereid met verse zalm. Ook\ngeschikt voor gecastreerde katten.\nOndersteunt een optimale vitaliteit.",
    "brand": "SHELMA",
    "seoBrand": "Shelma",
    "thumbNail": "https://static.colruytgroup.com/images/200x200/std.lang.all/13/40/asset-3241340.jpg",
    "fullImage": "https://static.colruytgroup.com/images/500x500/std.lang.all/13/40/asset-3241340.jpg",
    "squareImage": "https://static.colruytgroup.com/images/500x500sq/std.lang.all/13/40/asset-3241340.jpg",
    "content": "1,4kg",
    "walkRouteSequenceNumber": 2423,
    "price": {
      "basicPrice": 11.99,
      "recommendedQuantity": "1.0",
      "measurementUnitPrice": 8.57,
      "measurementUnit": "K",
      "isRedPrice": false,
      "pricePerUOM": 8.57,
      "activationDate": "17-11-2023",
      "isPromoActive": "N",
      "priceChangeCode": "E"
    },
    "isAvailable": true,
    "isPriceAvailable": true,
    "inPromo": true,
    "promotion": [
      {
        "techPromoId": "100933COLR",
        "promotionId": "100933",
        "promotionType": "3",
        "isPersonalized": "N",
        "publicationStartDate": "13-03-2024",
        "publicationEndDate": "26-03-2024"
      }
    ],
    "gtin": [
      "08595606407039",
      "28595606407033"
    ],
    "topCategoryName": "Huisdieren",
    "topCategoryId": "670",
    "businessDomain": "RETAIL_BE",
    "IsPrivateLabel": false,
    "IsBiffe": false,
    "WeightconversionFactor": "0",
    "IsWeightArticle": false,
    "IsBio": false,
    "CountryOfOrigin": "BELGIË",
    "IsExclusivelySoldInLuxembourg": false,
    "OrderUnit": "P",
    "ShortName": "SHEL KAT STER.ZALM1.4KG",
    "IsNew": false,
    "RecentQuanityOfStockUnits": "1",
    "LongName": "SHELMA Adult sterilized vers zalm 1,4kg",
    "FicCode": "N"
  },
  {
    "productId": "463453",
    "technicalArticleNumber": "3957444",
    "commercialArticleNumber": "2258",
    "name": "dry adult kip & groenten",
    "brand": "PEDIGREE",
    "seoBrand": "Pedigree",
    "thumbNail": "https://static.colruytgroup.com/images/200x200/std.lang.all/95/21/asset-1549521.jpg",
    "fullImage": "https://static.colruytgroup.com/images/500x500/std.lang.all/95/21/asset-1549521.jpg",
    "squareImage": "https://static.colruytgroup.com/images/500x500sq/std.lang.all/95/21/asset-1549521.jpg",
    "content": "1,4kg",
    "walkRouteSequenceNumber": 2735,
    "price": {
      "basicPrice": 6.99,
      "recommendedQuantity": "1.0",
      "measurementUnitPrice": 5,
      "measurementUnit": "K",
      "isRedPrice": false,
      "pricePerUOM": 5,
      "activationDate": "22-03-2024",
      "recordSource": "Offline",
      "isPromoActive": "N",
      "priceChangeCode": "H"
    },
    "isAvailable": true,
    "isPriceAvailable": true,
    "inPromo": false,
    "gtin": [
      "04008429163319",
      "05900951254734",
      "05900951254741",
      "04008429163456"
    ],
    "topCategoryName": "Huisdieren",
    "topCategoryId": "670",
    "businessDomain": "RETAIL_BE",
    "IsPrivateLabel": false,
    "IsBiffe": false,
    "WeightconversionFactor": "0",
    "IsWeightArticle": false,
    "IsBio": false,
    "CountryOfOrigin": "POLEN",
    "IsExclusivelySoldInLuxembourg": false,
    "OrderUnit": "P",
    "ShortName": "PEDI DRY ADT KI&GROE1K4",
    "IsNew": false,
    "RecentQuanityOfStockUnits": "1",
    "LongName": "PEDIGREE dry adult kip & groenten 1,4kg",
    "FicCode": "N"
  },
  {
    "productId": "873477",
    "technicalArticleNumber": "4728368",
    "commercialArticleNumber": "31197",
    "name": "Kip Kalkoen",
    "brand": "LILY'S KITCHEN",
    "seoBrand": "Lily's Kitchen",
    "thumbNail": "https://static.colruytgroup.com/images/200x200/std.lang.all/16/52/asset-3251652.jpg",
    "fullImage": "https://static.colruytgroup.com/images/500x500/std.lang.all/16/52/asset-3251652.jpg",
    "squareImage": "https://static.colruytgroup.com/images/500x500sq/std.lang.all/16/52/asset-3251652.jpg",
    "content": "400g",
    "walkRouteSequenceNumber": 2784,
    "price": {
      "basicPrice": 3.99,
      "recommendedQuantity": "1.0",
      "measurementUnitPrice": 9.98,
      "measurementUnit": "K",
      "isRedPrice": false,
      "pricePerUOM": 9.98,
      "activationDate": "07-03-2024",
      "recordSource": "Offline",
      "isPromoActive": "N",
      "priceChangeCode": "H"
    },
    "isAvailable": true,
    "isPriceAvailable": true,
    "inPromo": false,
    "gtin": [
      "05060184240109",
      "05060184240000"
    ],
    "topCategoryName": "Huisdieren",
    "topCategoryId": "670",
    "businessDomain": "RETAIL_BE",
    "IsPrivateLabel": false,
    "IsBiffe": false,
    "WeightconversionFactor": "0",
    "IsWeightArticle": false,
    "IsBio": false,
    "CountryOfOrigin": "VERENIGD KONINKRIJK",
    "IsExclusivelySoldInLuxembourg": false,
    "OrderUnit": "P",
    "ShortName": "LILY DOG KIP KALK.400G",
    "IsNew": false,
    "RecentQuanityOfStockUnits": "1,6",
    "LongName": "LILY'S KITCHEN Kip Kalkoen 400g",
    "FicCode": "N"
  },
  {
    "productId": "782439",
    "technicalArticleNumber": "4579552",
    "commercialArticleNumber": "2096",
    "name": "kat vis reepjes gelei pouch",
    "description": "*Volwassen katten\n*Natte voeding\n*Vis in gelei\n*MSC & ASC\n*Pouch",
    "brand": "BONI",
    "seoBrand": "Boni Selection",
    "thumbNail": "https://static.colruytgroup.com/images/200x200/std.lang.all/69/42/asset-3336942.jpg",
    "fullImage": "https://static.colruytgroup.com/images/500x500/std.lang.all/69/42/asset-3336942.jpg",
    "squareImage": "https://static.colruytgroup.com/images/500x500sq/std.lang.all/69/42/asset-3336942.jpg",
    "content": "12x85g",
    "walkRouteSequenceNumber": 2414,
    "price": {
      "basicPrice": 6.49,
      "recommendedQuantity": "1.0",
      "measurementUnitPrice": 6.37,
      "measurementUnit": "K",
      "isRedPrice": false,
      "pricePerUOM": 6.37,
      "activationDate": "17-02-2024",
      "isPromoActive": "N",
      "priceChangeCode": "E"
    },
    "isAvailable": true,
    "isPriceAvailable": true,
    "inPromo": false,
    "gtin": [
      "25400141605352",
      "05400141605358",
      "15400141605355"
    ],
    "topCategoryName": "Huisdieren",
    "topCategoryId": "670",
    "businessDomain": "RETAIL_BE",
    "IsPrivateLabel": true,
    "IsBiffe": false,
    "WeightconversionFactor": "0",
    "IsWeightArticle": false,
    "IsBio": false,
    "CountryOfOrigin": "TSJECHIË (REPUBLIEK)",
    "IsExclusivelySoldInLuxembourg": false,
    "OrderUnit": "P",
    "ShortName": "BONI VIS REEPJ.GEL12X85",
    "IsNew": false,
    "RecentQuanityOfStockUnits": "1",
    "LongName": "BONI kat vis reepjes gelei pouch 12x85g",
    "FicCode": "N"
  },
  {
    "productId": "873917",
    "technicalArticleNumber": "4728667",
    "commercialArticleNumber": "32037",
    "name": "Classic Kip",
    "brand": "LILY'S KITCHEN",
    "seoBrand": "Lily's Kitchen",
    "thumbNail": "https://static.colruytgroup.com/images/200x200/std.lang.all/05/49/asset-3260549.jpg",
    "fullImage": "https://static.colruytgroup.com/images/500x500/std.lang.all/05/49/asset-3260549.jpg",
    "squareImage": "https://static.colruytgroup.com/images/500x500sq/std.lang.all/05/49/asset-3260549.jpg",
    "content": "85g",
    "walkRouteSequenceNumber": 2395,
    "price": {
      "basicPrice": 1.69,
      "recommendedQuantity": "1.0",
      "measurementUnitPrice": 19.89,
      "measurementUnit": "K",
      "isRedPrice": false,
      "pricePerUOM": 19.89,
      "activationDate": "12-03-2024",
      "recordSource": "Offline",
      "isPromoActive": "N",
      "priceChangeCode": "H"
    },
    "isAvailable": true,
    "isPriceAvailable": true,
    "inPromo": false,
    "gtin": [
      "05060184243438",
      "05060184243278"
    ],
    "topCategoryName": "Huisdieren",
    "topCategoryId": "670",
    "businessDomain": "RETAIL_BE",
    "IsPrivateLabel": false,
    "IsBiffe": false,
    "WeightconversionFactor": "0",
    "IsWeightArticle": false,
    "IsBio": false,
    "CountryOfOrigin": "VERENIGD KONINKRIJK",
    "IsExclusivelySoldInLuxembourg": false,
    "OrderUnit": "P",
    "ShortName": "LILY CAT CLASSIC KIP85G",
    "IsNew": false,
    "RecentQuanityOfStockUnits": "1",
    "LongName": "LILY'S KITCHEN Classic Kip 85g",
    "FicCode": "N"
  },
  {
    "productId": "890381",
    "technicalArticleNumber": "4751116",
    "commercialArticleNumber": "9855",
    "name": "Nature Collection Mix",
    "description": "*Natte voeding\n*Pouch",
    "brand": "SHEBA",
    "seoBrand": "Sheba",
    "thumbNail": "https://static.colruytgroup.com/images/200x200/std.lang.all/45/13/asset-3334513.jpg",
    "fullImage": "https://static.colruytgroup.com/images/500x500/std.lang.all/45/13/asset-3334513.jpg",
    "squareImage": "https://static.colruytgroup.com/images/500x500sq/std.lang.all/45/13/asset-3334513.jpg",
    "content": "12x85g",
    "walkRouteSequenceNumber": 2372,
    "price": {
      "basicPrice": 10.29,
      "recommendedQuantity": "1.0",
      "measurementUnitPrice": 10.09,
      "measurementUnit": "K",
      "isRedPrice": false,
      "pricePerUOM": 10.09,
      "activationDate": "28-02-2024",
      "recordSource": "Offline",
      "isPromoActive": "N",
      "priceChangeCode": "L"
    },
    "isAvailable": true,
    "isPriceAvailable": true,
    "inPromo": false,
    "gtin": [
      "04770608263348",
      "04770608263386"
    ],
    "topCategoryName": "Huisdieren",
    "topCategoryId": "670",
    "businessDomain": "RETAIL_BE",
    "IsPrivateLabel": false,
    "IsBiffe": false,
    "WeightconversionFactor": "0",
    "IsWeightArticle": false,
    "IsBio": false,
    "CountryOfOrigin": "LITOUWEN",
    "IsExclusivelySoldInLuxembourg": false,
    "OrderUnit": "P",
    "ShortName": "SHEB NAT.COLLE.MIX12X85",
    "IsNew": false,
    "RecentQuanityOfStockUnits": "1",
    "LongName": "SHEBA Nature Collection Mix 12x85g",
    "FicCode": "N"
  },
  {
    "productId": "865269",
    "technicalArticleNumber": "4717321",
    "commercialArticleNumber": "2915",
    "name": "zalm+superfoods GF",
    "brand": "BONI",
    "seoBrand": "Boni Selection",
    "thumbNail": "https://static.colruytgroup.com/images/200x200/std.lang.all/88/12/asset-3378812.jpg",
    "fullImage": "https://static.colruytgroup.com/images/500x500/std.lang.all/88/12/asset-3378812.jpg",
    "squareImage": "https://static.colruytgroup.com/images/500x500sq/std.lang.all/88/12/asset-3378812.jpg",
    "content": "1kg",
    "walkRouteSequenceNumber": 2458,
    "price": {
      "basicPrice": 6.99,
      "recommendedQuantity": "1.0",
      "measurementUnitPrice": 6.99,
      "measurementUnit": "K",
      "isRedPrice": false,
      "pricePerUOM": 6.99,
      "activationDate": "17-01-2024",
      "isPromoActive": "N",
      "priceChangeCode": "E"
    },
    "isAvailable": true,
    "isPriceAvailable": true,
    "inPromo": false,
    "gtin": [
      "05400141433258",
      "15400141433255"
    ],
    "topCategoryName": "Huisdieren",
    "topCategoryId": "670",
    "businessDomain": "RETAIL_BE",
    "IsPrivateLabel": true,
    "IsBiffe": false,
    "WeightconversionFactor": "0",
    "IsWeightArticle": false,
    "IsBio": false,
    "CountryOfOrigin": "NEDERLAND",
    "IsExclusivelySoldInLuxembourg": false,
    "OrderUnit": "P",
    "ShortName": "BONI KAT ZALM+SUPER.GF1",
    "IsNew": false,
    "RecentQuanityOfStockUnits": "1",
    "LongName": "BONI zalm+superfoods GF 1kg",
    "FicCode": "N"
  },
  {
    "productId": "519480",
    "technicalArticleNumber": "4102701",
    "commercialArticleNumber": "3937",
    "name": "mini gevogelte pouch",
    "description": "*Natte voeding\n*Gevogelte\n*Pouch",
    "brand": "SHEBA",
    "seoBrand": "Sheba",
    "thumbNail": "https://static.colruytgroup.com/images/200x200/std.lang.all/41/10/asset-2064110.jpg",
    "fullImage": "https://static.colruytgroup.com/images/500x500/std.lang.all/41/10/asset-2064110.jpg",
    "squareImage": "https://static.colruytgroup.com/images/500x500sq/std.lang.all/41/10/asset-2064110.jpg",
    "content": "15x50g",
    "walkRouteSequenceNumber": 2439,
    "price": {
      "basicPrice": 10.29,
      "recommendedQuantity": "1.0",
      "measurementUnitPrice": 13.72,
      "measurementUnit": "K",
      "isRedPrice": false,
      "pricePerUOM": 13.72,
      "activationDate": "12-02-2024",
      "recordSource": "Online",
      "isPromoActive": "N",
      "priceChangeCode": "E"
    },
    "isAvailable": true,
    "isPriceAvailable": true,
    "inPromo": false,
    "gtin": [
      "04770608257729",
      "04770608257743"
    ],
    "topCategoryName": "Huisdieren",
    "topCategoryId": "670",
    "businessDomain": "RETAIL_BE",
    "IsPrivateLabel": false,
    "IsBiffe": false,
    "WeightconversionFactor": "0",
    "IsWeightArticle": false,
    "IsBio": false,
    "CountryOfOrigin": "LITOUWEN",
    "IsExclusivelySoldInLuxembourg": false,
    "OrderUnit": "P",
    "ShortName": "SHEB M.GEVOG.POUCH15X50",
    "IsNew": false,
    "RecentQuanityOfStockUnits": "1",
    "LongName": "SHEBA mini gevogelte pouch 15x50g",
    "FicCode": "N"
  },
  {
    "productId": "873486",
    "technicalArticleNumber": "4728377",
    "commercialArticleNumber": "31209",
    "name": "Organic kip",
    "description": "*organic kip",
    "brand": "LILY'S KITCHEN",
    "seoBrand": "Lily's Kitchen",
    "thumbNail": "https://static.colruytgroup.com/images/200x200/std.lang.all/05/42/asset-3260542.jpg",
    "fullImage": "https://static.colruytgroup.com/images/500x500/std.lang.all/05/42/asset-3260542.jpg",
    "squareImage": "https://static.colruytgroup.com/images/500x500sq/std.lang.all/05/42/asset-3260542.jpg",
    "content": "85g",
    "walkRouteSequenceNumber": 2398,
    "price": {
      "basicPrice": 1.59,
      "recommendedQuantity": "1.0",
      "measurementUnitPrice": 18.71,
      "measurementUnit": "K",
      "isRedPrice": false,
      "pricePerUOM": 18.71,
      "activationDate": "15-07-2023",
      "isPromoActive": "N",
      "priceChangeCode": "L"
    },
    "isAvailable": true,
    "isPriceAvailable": true,
    "inPromo": false,
    "gtin": [
      "05060184243919",
      "05060184243230"
    ],
    "topCategoryName": "Huisdieren",
    "topCategoryId": "670",
    "businessDomain": "RETAIL_BE",
    "IsPrivateLabel": false,
    "IsBiffe": false,
    "WeightconversionFactor": "0",
    "IsWeightArticle": false,
    "IsBio": true,
    "CountryOfOrigin": "VERENIGD KONINKRIJK",
    "IsExclusivelySoldInLuxembourg": false,
    "OrderUnit": "P",
    "ShortName": "LILY CAT ORGAN. KIP 85G",
    "IsNew": false,
    "RecentQuanityOfStockUnits": "1",
    "LongName": "LILY'S KITCHEN Organic kip 85g",
    "FicCode": "N"
  },
  {
    "productId": "265505",
    "technicalArticleNumber": "3627954",
    "commercialArticleNumber": "133226",
    "name": "snack chips kip",
    "description": "*Voor hond",
    "brand": "YANA",
    "seoBrand": "Yana",
    "thumbNail": "https://static.colruytgroup.com/images/200x200/std.lang.all/50/14/asset-1125014.jpg",
    "fullImage": "https://static.colruytgroup.com/images/500x500/std.lang.all/50/14/asset-1125014.jpg",
    "squareImage": "https://static.colruytgroup.com/images/500x500sq/std.lang.all/50/14/asset-1125014.jpg",
    "content": "110g",
    "walkRouteSequenceNumber": 2611,
    "price": {
      "basicPrice": 3.99,
      "recommendedQuantity": "1.0",
      "measurementUnitPrice": 36.28,
      "measurementUnit": "K",
      "isRedPrice": false,
      "pricePerUOM": 36.28,
      "activationDate": "15-03-2024",
      "recordSource": "Offline",
      "isPromoActive": "N",
      "priceChangeCode": "L"
    },
    "isAvailable": true,
    "isPriceAvailable": true,
    "inPromo": false,
    "gtin": [
      "05411468046397",
      "25411468046391",
      "15411468046394"
    ],
    "topCategoryName": "Huisdieren",
    "topCategoryId": "670",
    "businessDomain": "NON_FOOD",
    "IsPrivateLabel": false,
    "IsBiffe": false,
    "IsWeightArticle": false,
    "RecentQuanityOfStockUnits": "1",
    "LongName": "YANA snack chips kip 110g",
    "IsBio": false,
    "CountryOfOrigin": "CHINA (VOLKSREBUPLIEK)",
    "FicCode": "N",
    "OrderUnit": "P",
    "ShortName": "CHIPS KIP 110G",
    "IsNew": false
  },
  {
    "productId": "862493",
    "technicalArticleNumber": "4713847",
    "commercialArticleNumber": "31867",
    "name": "1+ jaar | Gevogelte",
    "description": "*Voor volwassen katten\n*Natte voeding",
    "brand": "WHISKAS",
    "seoBrand": "Whiskas",
    "thumbNail": "https://static.colruytgroup.com/images/200x200/std.lang.all/62/85/asset-3176285.jpg",
    "fullImage": "https://static.colruytgroup.com/images/500x500/std.lang.all/62/85/asset-3176285.jpg",
    "squareImage": "https://static.colruytgroup.com/images/500x500sq/std.lang.all/62/85/asset-3176285.jpg",
    "content": "40x85g",
    "walkRouteSequenceNumber": 2412,
    "price": {
      "basicPrice": 20.99,
      "recommendedQuantity": "1.0",
      "measurementUnitPrice": 6.18,
      "measurementUnit": "K",
      "isRedPrice": false,
      "pricePerUOM": 6.18,
      "activationDate": "03-02-2024",
      "recordSource": "Online",
      "isPromoActive": "N",
      "priceChangeCode": "H"
    },
    "isAvailable": true,
    "isPriceAvailable": true,
    "inPromo": false,
    "gtin": [
      "08410136026393"
    ],
    "topCategoryName": "Huisdieren",
    "topCategoryId": "670",
    "businessDomain": "RETAIL_BE",
    "IsPrivateLabel": false,
    "IsBiffe": false,
    "WeightconversionFactor": "0",
    "IsWeightArticle": false,
    "IsBio": false,
    "CountryOfOrigin": "SPANJE",
    "IsExclusivelySoldInLuxembourg": false,
    "OrderUnit": "P",
    "ShortName": "WHIS POU.GEVOG.GEL40X85",
    "IsNew": false,
    "RecentQuanityOfStockUnits": "1",
    "LongName": "WHISKAS 1+ jaar | Gevogelte 40x85g",
    "FicCode": "E"
  },
  {
    "productId": "45281",
    "technicalArticleNumber": "2498918",
    "commercialArticleNumber": "819170",
    "name": "Houtvezel",
    "description": "*Voor knaagdier",
    "brand": "PET'S OWN CHOICE",
    "seoBrand": "Pet's Own Choice",
    "thumbNail": "https://static.colruytgroup.com/images/200x200/std.lang.all/84/93/asset-1468493.jpg",
    "fullImage": "https://static.colruytgroup.com/images/500x500/std.lang.all/84/93/asset-1468493.jpg",
    "squareImage": "https://static.colruytgroup.com/images/500x500sq/std.lang.all/84/93/asset-1468493.jpg",
    "content": "2,5kg",
    "walkRouteSequenceNumber": 2555,
    "price": {
      "basicPrice": 3.99,
      "recommendedQuantity": "1.0",
      "measurementUnitPrice": 1.6,
      "measurementUnit": "K",
      "isRedPrice": false,
      "pricePerUOM": 1.6,
      "activationDate": "14-03-2023",
      "isPromoActive": "N",
      "priceChangeCode": "H"
    },
    "isAvailable": true,
    "isPriceAvailable": true,
    "inPromo": false,
    "gtin": [
      "08711984100250",
      "05011914800742"
    ],
    "topCategoryName": "Huisdieren",
    "topCategoryId": "670",
    "businessDomain": "NON_FOOD",
    "IsPrivateLabel": false,
    "IsBiffe": false,
    "IsWeightArticle": false,
    "RecentQuanityOfStockUnits": "1",
    "LongName": "PET'S OWN CHOICE Houtvezel 2,5kg",
    "IsBio": false,
    "CountryOfOrigin": "NEDERLAND",
    "FicCode": "N",
    "OrderUnit": "P",
    "ShortName": "STROOISEL 2.5KG",
    "IsNew": false
  },
  {
    "productId": "54859",
    "technicalArticleNumber": "2457786",
    "commercialArticleNumber": "819149",
    "name": "Premium kanarievoer",
    "description": "*Voor vogel",
    "brand": "YANA",
    "seoBrand": "Yana",
    "thumbNail": "https://static.colruytgroup.com/images/200x200/std.lang.all/09/87/asset-3000987.jpg",
    "fullImage": "https://static.colruytgroup.com/images/500x500/std.lang.all/09/87/asset-3000987.jpg",
    "squareImage": "https://static.colruytgroup.com/images/500x500sq/std.lang.all/09/87/asset-3000987.jpg",
    "content": "1kg",
    "walkRouteSequenceNumber": 2495,
    "price": {
      "basicPrice": 5.19,
      "recommendedQuantity": "1.0",
      "measurementUnitPrice": 5.19,
      "measurementUnit": "K",
      "isRedPrice": false,
      "pricePerUOM": 5.19,
      "activationDate": "03-06-2023",
      "isPromoActive": "N",
      "priceChangeCode": "E"
    },
    "isAvailable": true,
    "isPriceAvailable": true,
    "inPromo": false,
    "gtin": [
      "25411468114366",
      "15411468114369",
      "05411468114362"
    ],
    "topCategoryName": "Huisdieren",
    "topCategoryId": "670",
    "businessDomain": "NON_FOOD",
    "IsPrivateLabel": false,
    "IsBiffe": false,
    "IsWeightArticle": false,
    "RecentQuanityOfStockUnits": "1",
    "LongName": "YANA Premium kanarievoer 1kg",
    "IsBio": false,
    "CountryOfOrigin": "BELGIË",
    "FicCode": "N",
    "OrderUnit": "P",
    "ShortName": "YANA KANARIEVOER 1KG",
    "IsNew": false
  },
  {
    "productId": "422612",
    "technicalArticleNumber": "3940731",
    "commercialArticleNumber": "1253",
    "name": "med/maxi adult rund",
    "description": "*Droge voeding\n*Rund",
    "brand": "PURINA ONE",
    "seoBrand": "Purina One",
    "thumbNail": "https://static.colruytgroup.com/images/200x200/std.lang.all/60/53/asset-1586053.jpg",
    "fullImage": "https://static.colruytgroup.com/images/500x500/std.lang.all/60/53/asset-1586053.jpg",
    "squareImage": "https://static.colruytgroup.com/images/500x500sq/std.lang.all/60/53/asset-1586053.jpg",
    "content": "2,5kg",
    "walkRouteSequenceNumber": 2722,
    "price": {
      "basicPrice": 14.31,
      "recommendedQuantity": "1.0",
      "measurementUnitPrice": 5.73,
      "measurementUnit": "K",
      "isRedPrice": false,
      "pricePerUOM": 5.73,
      "activationDate": "15-03-2024",
      "recordSource": "Offline",
      "isPromoActive": "N",
      "priceChangeCode": "H"
    },
    "isAvailable": true,
    "isPriceAvailable": true,
    "inPromo": false,
    "gtin": [
      "07613036120395",
      "07613036120401"
    ],
    "topCategoryName": "Huisdieren",
    "topCategoryId": "670",
    "businessDomain": "RETAIL_BE",
    "IsPrivateLabel": false,
    "IsBiffe": false,
    "WeightconversionFactor": "0",
    "IsWeightArticle": false,
    "IsBio": false,
    "CountryOfOrigin": "ITALIË",
    "IsExclusivelySoldInLuxembourg": false,
    "OrderUnit": "P",
    "ShortName": "PURI M/MAX.ADULT RUN2K5",
    "IsNew": false,
    "RecentQuanityOfStockUnits": "1",
    "LongName": "PURINA ONE med/maxi adult rund 2,5kg",
    "FicCode": "N"
  },
  {
    "productId": "358982",
    "technicalArticleNumber": "3799223",
    "commercialArticleNumber": "133117",
    "name": "Italiaanse hambeen medium",
    "description": "*Voor hond",
    "brand": "YANA",
    "seoBrand": "Yana",
    "thumbNail": "https://static.colruytgroup.com/images/200x200/std.lang.all/69/68/asset-1406968.jpg",
    "fullImage": "https://static.colruytgroup.com/images/500x500/std.lang.all/69/68/asset-1406968.jpg",
    "squareImage": "https://static.colruytgroup.com/images/500x500sq/std.lang.all/69/68/asset-1406968.jpg",
    "walkRouteSequenceNumber": 2596,
    "price": {
      "basicPrice": 2.79,
      "recommendedQuantity": "1.0",
      "measurementUnitPrice": 2.79,
      "measurementUnit": "S",
      "isRedPrice": false,
      "pricePerUOM": 2.79,
      "activationDate": "13-03-2024",
      "isPromoActive": "Y",
      "priceChangeCode": "E"
    },
    "isAvailable": true,
    "isPriceAvailable": true,
    "inPromo": true,
    "promotion": [
      {
        "techPromoId": "100934COLR",
        "promotionId": "100934",
        "promotionType": "3",
        "isPersonalized": "N",
        "publicationStartDate": "13-03-2024",
        "publicationEndDate": "26-03-2024"
      }
    ],
    "gtin": [
      "05411468046380",
      "15411468046387"
    ],
    "topCategoryName": "Huisdieren",
    "topCategoryId": "670",
    "businessDomain": "NON_FOOD",
    "IsPrivateLabel": false,
    "IsBiffe": false,
    "IsWeightArticle": false,
    "RecentQuanityOfStockUnits": "1",
    "LongName": "YANA Italiaanse hambeen medium",
    "IsBio": false,
    "CountryOfOrigin": "ITALIË",
    "FicCode": "N",
    "OrderUnit": "P",
    "ShortName": "ITAL.HAMBEEN MEDIUM",
    "IsNew": false
  },
  {
    "productId": "863075",
    "technicalArticleNumber": "4714507",
    "commercialArticleNumber": "31897",
    "name": "kat saus premium",
    "brand": "BONI",
    "seoBrand": "Boni Selection",
    "thumbNail": "https://static.colruytgroup.com/images/200x200/std.lang.all/52/17/asset-3425217.jpg",
    "fullImage": "https://static.colruytgroup.com/images/500x500/std.lang.all/52/17/asset-3425217.jpg",
    "squareImage": "https://static.colruytgroup.com/images/500x500sq/std.lang.all/52/17/asset-3425217.jpg",
    "content": "12x85g",
    "walkRouteSequenceNumber": 2369,
    "price": {
      "basicPrice": 6.99,
      "recommendedQuantity": "1.0",
      "measurementUnitPrice": 6.86,
      "measurementUnit": "K",
      "isRedPrice": false,
      "pricePerUOM": 6.86,
      "activationDate": "15-07-2023",
      "isPromoActive": "N",
      "priceChangeCode": "E"
    },
    "isAvailable": true,
    "isPriceAvailable": true,
    "inPromo": false,
    "gtin": [
      "15400141433231",
      "05400141433234"
    ],
    "topCategoryName": "Huisdieren",
    "topCategoryId": "670",
    "businessDomain": "RETAIL_BE",
    "IsPrivateLabel": true,
    "IsBiffe": false,
    "WeightconversionFactor": "0",
    "IsWeightArticle": false,
    "IsBio": false,
    "CountryOfOrigin": "FRANKRIJK",
    "IsExclusivelySoldInLuxembourg": false,
    "OrderUnit": "P",
    "ShortName": "BONI SAUS PREMIUM 12X85",
    "IsNew": false,
    "RecentQuanityOfStockUnits": "1",
    "LongName": "BONI kat saus premium 12x85g",
    "FicCode": "N"
  },
  {
    "productId": "872840",
    "technicalArticleNumber": "4727257",
    "commercialArticleNumber": "23951",
    "name": "HFC Compl. Koolvis",
    "description": "*Natte voeding\n*Koolvis",
    "brand": "ALMO NATURE",
    "seoBrand": "Almo Nature",
    "thumbNail": "https://static.colruytgroup.com/images/200x200/std.lang.all/25/29/asset-3252529.jpg",
    "fullImage": "https://static.colruytgroup.com/images/500x500/std.lang.all/25/29/asset-3252529.jpg",
    "squareImage": "https://static.colruytgroup.com/images/500x500sq/std.lang.all/25/29/asset-3252529.jpg",
    "content": "85g",
    "price": {
      "basicPrice": 1.19,
      "recommendedQuantity": "1.0",
      "measurementUnitPrice": 14,
      "measurementUnit": "K",
      "isRedPrice": false,
      "pricePerUOM": 14,
      "activationDate": "28-11-2023",
      "recordSource": "Offline",
      "isPromoActive": "N",
      "priceChangeCode": "E"
    },
    "isAvailable": true,
    "isPriceAvailable": true,
    "inPromo": false,
    "gtin": [
      "08001154002546",
      "18001154002543"
    ],
    "topCategoryName": "Huisdieren",
    "topCategoryId": "670",
    "businessDomain": "RETAIL_BE",
    "IsPrivateLabel": false,
    "IsBiffe": false,
    "WeightconversionFactor": "0",
    "IsWeightArticle": false,
    "IsBio": false,
    "CountryOfOrigin": "ITALIË",
    "IsExclusivelySoldInLuxembourg": false,
    "OrderUnit": "P",
    "ShortName": "ALMO DOG KOOLVIS 85G",
    "IsNew": false,
    "RecentQuanityOfStockUnits": "1",
    "LongName": "ALMO NATURE HFC Compl. Koolvis 85g",
    "AlcoholVolume": "0",
    "FicCode": "N"
  },
  {
    "productId": "842867",
    "technicalArticleNumber": "4687917",
    "commercialArticleNumber": "30628",
    "name": "kattenbakvulling",
    "description": "*100% Ecologisch en plantaardig\n*Klontervormend\n*Zéér hoge absorptie van vocht, geuren\n*Composteerbaar\n*110% Co2 compensatie",
    "brand": "YANA",
    "seoBrand": "Yana",
    "thumbNail": "https://static.colruytgroup.com/images/200x200/std.lang.all/77/99/asset-3137799.jpg",
    "fullImage": "https://static.colruytgroup.com/images/500x500/std.lang.all/77/99/asset-3137799.jpg",
    "squareImage": "https://static.colruytgroup.com/images/500x500sq/std.lang.all/77/99/asset-3137799.jpg",
    "content": "8L",
    "walkRouteSequenceNumber": 2385,
    "price": {
      "basicPrice": 10.99,
      "recommendedQuantity": "1.0",
      "measurementUnitPrice": 1.38,
      "measurementUnit": "L",
      "isRedPrice": false,
      "pricePerUOM": 1.38,
      "activationDate": "04-10-2023",
      "isPromoActive": "N",
      "priceChangeCode": "E"
    },
    "isAvailable": true,
    "isPriceAvailable": true,
    "inPromo": false,
    "gtin": [
      "05411468190601"
    ],
    "topCategoryName": "Huisdieren",
    "topCategoryId": "670",
    "businessDomain": "RETAIL_BE",
    "IsPrivateLabel": false,
    "IsBiffe": false,
    "WeightconversionFactor": "0",
    "IsWeightArticle": false,
    "IsBio": false,
    "CountryOfOrigin": "DUITSLAND",
    "IsExclusivelySoldInLuxembourg": false,
    "OrderUnit": "P",
    "ShortName": "YANA KATTENBAKVULLING8L",
    "IsNew": false,
    "RecentQuanityOfStockUnits": "1",
    "LongName": "YANA kattenbakvulling 8L",
    "AlcoholVolume": "0",
    "FicCode": "N"
  },
  {
    "productId": "890418",
    "technicalArticleNumber": "4751155",
    "commercialArticleNumber": "10092",
    "name": "Nature Collection Gevogelte",
    "description": "*Natte voeding\n*Pouch",
    "brand": "SHEBA",
    "seoBrand": "Sheba",
    "thumbNail": "https://static.colruytgroup.com/images/200x200/std.lang.all/80/20/asset-3308020.jpg",
    "fullImage": "https://static.colruytgroup.com/images/500x500/std.lang.all/80/20/asset-3308020.jpg",
    "squareImage": "https://static.colruytgroup.com/images/500x500sq/std.lang.all/80/20/asset-3308020.jpg",
    "content": "12x85g",
    "walkRouteSequenceNumber": 2371,
    "price": {
      "basicPrice": 10.29,
      "recommendedQuantity": "1.0",
      "measurementUnitPrice": 10.09,
      "measurementUnit": "K",
      "isRedPrice": false,
      "pricePerUOM": 10.09,
      "activationDate": "27-01-2024",
      "recordSource": "Offline",
      "isPromoActive": "N",
      "priceChangeCode": "H"
    },
    "isAvailable": true,
    "isPriceAvailable": true,
    "inPromo": false,
    "gtin": [
      "04770608263454",
      "04770608263423"
    ],
    "topCategoryName": "Huisdieren",
    "topCategoryId": "670",
    "businessDomain": "RETAIL_BE",
    "IsPrivateLabel": false,
    "IsBiffe": false,
    "WeightconversionFactor": "0",
    "IsWeightArticle": false,
    "IsBio": false,
    "CountryOfOrigin": "LITOUWEN",
    "IsExclusivelySoldInLuxembourg": false,
    "OrderUnit": "P",
    "ShortName": "SHEB NAT.COLLE.KIP12X85",
    "IsNew": false,
    "RecentQuanityOfStockUnits": "1",
    "LongName": "SHEBA Nature Collection Gevogelte 12x85g",
    "FicCode": "N"
  },
  {
    "productId": "872858",
    "technicalArticleNumber": "4727275",
    "commercialArticleNumber": "24181",
    "name": "HFC Kitten Kip",
    "description": "*Droge voeding\n*Kip",
    "brand": "ALMO NATURE",
    "seoBrand": "Almo Nature",
    "thumbNail": "https://static.colruytgroup.com/images/200x200/std.lang.all/24/17/asset-3252417.jpg",
    "fullImage": "https://static.colruytgroup.com/images/500x500/std.lang.all/24/17/asset-3252417.jpg",
    "squareImage": "https://static.colruytgroup.com/images/500x500sq/std.lang.all/24/17/asset-3252417.jpg",
    "content": "70g",
    "walkRouteSequenceNumber": 2390,
    "price": {
      "basicPrice": 1.49,
      "recommendedQuantity": "1.0",
      "measurementUnitPrice": 21.29,
      "measurementUnit": "K",
      "isRedPrice": false,
      "pricePerUOM": 21.29,
      "activationDate": "13-01-2024",
      "recordSource": "Online",
      "isPromoActive": "N",
      "priceChangeCode": "E"
    },
    "isAvailable": true,
    "isPriceAvailable": true,
    "inPromo": false,
    "gtin": [
      "18001154123118",
      "08001154007008"
    ],
    "topCategoryName": "Huisdieren",
    "topCategoryId": "670",
    "businessDomain": "RETAIL_BE",
    "IsPrivateLabel": false,
    "IsBiffe": false,
    "WeightconversionFactor": "0",
    "IsWeightArticle": false,
    "IsBio": false,
    "CountryOfOrigin": "ITALIË",
    "IsExclusivelySoldInLuxembourg": false,
    "OrderUnit": "P",
    "ShortName": "ALMO KIT KIP 70G",
    "IsNew": false,
    "RecentQuanityOfStockUnits": "1",
    "LongName": "ALMO NATURE HFC Kitten Kip 70g",
    "FicCode": "N"
  },
  {
    "productId": "188615",
    "technicalArticleNumber": "3467137",
    "commercialArticleNumber": "133202",
    "name": "kattenbakontgeurder eucalyptus",
    "description": "*Ontgeurend\n*Met eucalyptus\n*Fresh&Happy",
    "brand": "YANA",
    "seoBrand": "Yana",
    "thumbNail": "https://static.colruytgroup.com/images/200x200/std.lang.all/50/83/asset-885083.jpg",
    "fullImage": "https://static.colruytgroup.com/images/500x500/std.lang.all/50/83/asset-885083.jpg",
    "squareImage": "https://static.colruytgroup.com/images/500x500sq/std.lang.all/50/83/asset-885083.jpg",
    "content": "900g",
    "walkRouteSequenceNumber": 2585,
    "price": {
      "basicPrice": 7.89,
      "recommendedQuantity": "1.0",
      "measurementUnitPrice": 8.77,
      "measurementUnit": "K",
      "isRedPrice": false,
      "pricePerUOM": 8.77,
      "activationDate": "16-03-2024",
      "isPromoActive": "N",
      "priceChangeCode": "E"
    },
    "isAvailable": true,
    "isPriceAvailable": true,
    "inPromo": false,
    "gtin": [
      "05411468125986",
      "15411468125983",
      "01541146812595"
    ],
    "topCategoryName": "Huisdieren",
    "topCategoryId": "670",
    "businessDomain": "NON_FOOD",
    "IsPrivateLabel": false,
    "IsBiffe": false,
    "IsWeightArticle": false,
    "RecentQuanityOfStockUnits": "1",
    "LongName": "YANA kattenbakontgeurder eucalyptus 900g",
    "IsBio": false,
    "CountryOfOrigin": "BELGIË",
    "FicCode": "N",
    "OrderUnit": "P",
    "ShortName": "YANA KATTENBAK ONTGEUR",
    "IsNew": false
  },
  {
    "productId": "878086",
    "technicalArticleNumber": "4734109",
    "commercialArticleNumber": "15349",
    "name": "Cottage Pie Tin",
    "brand": "LILY'S KITCHEN",
    "seoBrand": "Lily's Kitchen",
    "thumbNail": "https://static.colruytgroup.com/images/200x200/std.lang.all/05/52/asset-3260552.jpg",
    "fullImage": "https://static.colruytgroup.com/images/500x500/std.lang.all/05/52/asset-3260552.jpg",
    "squareImage": "https://static.colruytgroup.com/images/500x500sq/std.lang.all/05/52/asset-3260552.jpg",
    "content": "400g",
    "walkRouteSequenceNumber": 2785,
    "price": {
      "basicPrice": 3.99,
      "recommendedQuantity": "1.0",
      "measurementUnitPrice": 9.98,
      "measurementUnit": "K",
      "isRedPrice": false,
      "pricePerUOM": 9.98,
      "activationDate": "07-03-2024",
      "recordSource": "Offline",
      "isPromoActive": "N",
      "priceChangeCode": "H"
    },
    "isAvailable": true,
    "isPriceAvailable": true,
    "inPromo": false,
    "gtin": [
      "05060184240123",
      "05060184240024"
    ],
    "topCategoryName": "Huisdieren",
    "topCategoryId": "670",
    "businessDomain": "RETAIL_BE",
    "IsPrivateLabel": false,
    "IsBiffe": false,
    "WeightconversionFactor": "0",
    "IsWeightArticle": false,
    "IsBio": false,
    "CountryOfOrigin": "DUITSLAND",
    "IsExclusivelySoldInLuxembourg": false,
    "OrderUnit": "P",
    "ShortName": "LILY COTTAGE PIE TIN400",
    "IsNew": false,
    "RecentQuanityOfStockUnits": "1",
    "LongName": "LILY'S KITCHEN Cottage Pie Tin 400g",
    "FicCode": "N"
  },
  {
    "productId": "121235",
    "technicalArticleNumber": "3038981",
    "commercialArticleNumber": "133056",
    "name": "Premium konijnenmengeling",
    "description": "*Voor konijn",
    "brand": "YANA",
    "seoBrand": "Yana",
    "thumbNail": "https://static.colruytgroup.com/images/200x200/std.lang.all/09/90/asset-3000990.jpg",
    "fullImage": "https://static.colruytgroup.com/images/500x500/std.lang.all/09/90/asset-3000990.jpg",
    "squareImage": "https://static.colruytgroup.com/images/500x500sq/std.lang.all/09/90/asset-3000990.jpg",
    "content": "2kg",
    "walkRouteSequenceNumber": 2492,
    "price": {
      "basicPrice": 7.69,
      "recommendedQuantity": "1.0",
      "measurementUnitPrice": 3.85,
      "measurementUnit": "K",
      "isRedPrice": false,
      "pricePerUOM": 3.85,
      "activationDate": "03-06-2023",
      "isPromoActive": "N",
      "priceChangeCode": "E"
    },
    "isAvailable": true,
    "isPriceAvailable": true,
    "inPromo": false,
    "gtin": [
      "05411468114621",
      "15411468114628"
    ],
    "topCategoryName": "Huisdieren",
    "topCategoryId": "670",
    "businessDomain": "NON_FOOD",
    "IsPrivateLabel": false,
    "IsBiffe": false,
    "IsWeightArticle": false,
    "RecentQuanityOfStockUnits": "1",
    "LongName": "YANA Premium konijnenmengeling 2kg",
    "IsBio": false,
    "CountryOfOrigin": "BELGIË",
    "FicCode": "N",
    "OrderUnit": "P",
    "ShortName": "YANA PREMIUM KONIJN 2KG",
    "IsNew": false
  },
  {
    "productId": "873904",
    "technicalArticleNumber": "4728654",
    "commercialArticleNumber": "32035",
    "name": "Wild Campfire Stew",
    "description": "*Wild Campfire Stew",
    "brand": "LILY'S KITCHEN",
    "seoBrand": "Lily's Kitchen",
    "thumbNail": "https://static.colruytgroup.com/images/200x200/std.lang.all/12/89/asset-3251289.jpg",
    "fullImage": "https://static.colruytgroup.com/images/500x500/std.lang.all/12/89/asset-3251289.jpg",
    "squareImage": "https://static.colruytgroup.com/images/500x500sq/std.lang.all/12/89/asset-3251289.jpg",
    "content": "400g",
    "walkRouteSequenceNumber": 2783,
    "price": {
      "basicPrice": 3.99,
      "recommendedQuantity": "1.0",
      "measurementUnitPrice": 9.98,
      "measurementUnit": "K",
      "isRedPrice": false,
      "pricePerUOM": 9.98,
      "activationDate": "24-02-2024",
      "recordSource": "Offline",
      "isPromoActive": "N",
      "priceChangeCode": "E"
    },
    "isAvailable": true,
    "isPriceAvailable": true,
    "inPromo": false,
    "gtin": [
      "05060184240468",
      "05060184240482"
    ],
    "topCategoryName": "Huisdieren",
    "topCategoryId": "670",
    "businessDomain": "RETAIL_BE",
    "IsPrivateLabel": false,
    "IsBiffe": false,
    "WeightconversionFactor": "0",
    "IsWeightArticle": false,
    "IsBio": false,
    "CountryOfOrigin": "VERENIGD KONINKRIJK",
    "IsExclusivelySoldInLuxembourg": false,
    "OrderUnit": "P",
    "ShortName": "LILY DOG WILD CAMPF.400",
    "IsNew": false,
    "RecentQuanityOfStockUnits": "1",
    "LongName": "LILY'S KITCHEN Wild Campfire Stew 400g",
    "FicCode": "N"
  },
  {
    "productId": "2948",
    "technicalArticleNumber": "445228",
    "commercialArticleNumber": "445228",
    "name": "Kauwbeen 32 cm",
    "description": "*Voor hond",
    "brand": "BONI",
    "seoBrand": "Boni Selection",
    "thumbNail": "https://static.colruytgroup.com/images/200x200/std.lang.all/77/99/asset-567799.jpg",
    "fullImage": "https://static.colruytgroup.com/images/500x500/std.lang.all/77/99/asset-567799.jpg",
    "squareImage": "https://static.colruytgroup.com/images/500x500sq/std.lang.all/77/99/asset-567799.jpg",
    "content": "0,32m",
    "walkRouteSequenceNumber": 2595,
    "price": {
      "basicPrice": 6.99,
      "recommendedQuantity": "1.0",
      "measurementUnitPrice": 6.99,
      "measurementUnit": "S",
      "isRedPrice": false,
      "pricePerUOM": 6.99,
      "activationDate": "09-03-2024",
      "recordSource": "Online",
      "isPromoActive": "N",
      "priceChangeCode": "E"
    },
    "isAvailable": true,
    "isPriceAvailable": true,
    "inPromo": false,
    "gtin": [
      "05400141254334",
      "05400141255805",
      "15400141895022",
      "15400141870791",
      "15400141452287",
      "15400141255802",
      "05400141452280"
    ],
    "topCategoryName": "Huisdieren",
    "topCategoryId": "670",
    "businessDomain": "NON_FOOD",
    "IsPrivateLabel": true,
    "IsBiffe": false,
    "IsWeightArticle": false,
    "RecentQuanityOfStockUnits": "1",
    "LongName": "BONI Kauwbeen 32 cm 0,32m",
    "IsBio": false,
    "CountryOfOrigin": "CHINA (VOLKSREBUPLIEK)",
    "FicCode": "N",
    "OrderUnit": "P",
    "ShortName": "BONI BEEN 32CM",
    "IsNew": false
  },
  {
    "productId": "83760",
    "technicalArticleNumber": "2966727",
    "commercialArticleNumber": "133005",
    "name": "Beefstick XXL kalkoen",
    "description": "*Voor hond\n*Met kalkoen",
    "brand": "VITAKRAFT",
    "seoBrand": "Vitakraft",
    "thumbNail": "https://static.colruytgroup.com/images/200x200/std.lang.all/57/51/asset-2425751.jpg",
    "fullImage": "https://static.colruytgroup.com/images/500x500/std.lang.all/57/51/asset-2425751.jpg",
    "squareImage": "https://static.colruytgroup.com/images/500x500sq/std.lang.all/57/51/asset-2425751.jpg",
    "content": "1st",
    "walkRouteSequenceNumber": 2615,
    "price": {
      "basicPrice": 1.35,
      "recommendedQuantity": "1.0",
      "measurementUnitPrice": 45,
      "measurementUnit": "K",
      "isRedPrice": false,
      "pricePerUOM": 45,
      "activationDate": "09-03-2024",
      "recordSource": "Offline",
      "isPromoActive": "N",
      "priceChangeCode": "H"
    },
    "isAvailable": true,
    "isPriceAvailable": true,
    "inPromo": false,
    "gtin": [
      "04008239234193",
      "04008239634801"
    ],
    "topCategoryName": "Huisdieren",
    "topCategoryId": "670",
    "businessDomain": "NON_FOOD",
    "IsPrivateLabel": false,
    "IsBiffe": false,
    "IsWeightArticle": false,
    "RecentQuanityOfStockUnits": "1",
    "LongName": "VITAKRAFT Beefstick XXL kalkoen 1st",
    "IsBio": false,
    "CountryOfOrigin": "DUITSLAND",
    "FicCode": "N",
    "OrderUnit": "P",
    "ShortName": "VITA.BEEFST.XXL KALKOEN",
    "IsNew": false
  },
  {
    "productId": "860166",
    "technicalArticleNumber": "4710896",
    "commercialArticleNumber": "5680",
    "name": "saus lam+superf.gf",
    "description": "*Voor honden\n*Saus\n*Lam\n*+Superfoods",
    "brand": "BONI",
    "seoBrand": "Boni Selection",
    "thumbNail": "https://static.colruytgroup.com/images/200x200/std.lang.all/75/03/asset-3377503.jpg",
    "fullImage": "https://static.colruytgroup.com/images/500x500/std.lang.all/75/03/asset-3377503.jpg",
    "squareImage": "https://static.colruytgroup.com/images/500x500sq/std.lang.all/75/03/asset-3377503.jpg",
    "content": "370g",
    "walkRouteSequenceNumber": 2756,
    "price": {
      "basicPrice": 2.39,
      "recommendedQuantity": "1.0",
      "measurementUnitPrice": 6.46,
      "measurementUnit": "K",
      "isRedPrice": false,
      "pricePerUOM": 6.46,
      "activationDate": "17-01-2024",
      "isPromoActive": "N",
      "priceChangeCode": "E"
    },
    "isAvailable": true,
    "isPriceAvailable": true,
    "inPromo": false,
    "gtin": [
      "05400141477160"
    ],
    "topCategoryName": "Huisdieren",
    "topCategoryId": "670",
    "businessDomain": "RETAIL_BE",
    "IsPrivateLabel": true,
    "IsBiffe": false,
    "WeightconversionFactor": "0",
    "IsWeightArticle": false,
    "IsBio": false,
    "CountryOfOrigin": "ZWEDEN",
    "IsExclusivelySoldInLuxembourg": false,
    "OrderUnit": "P",
    "ShortName": "BONI SAU.LAM+S.FO GF370",
    "IsNew": false,
    "RecentQuanityOfStockUnits": "1",
    "LongName": "BONI saus lam+superf.gf 370g",
    "AlcoholVolume": "0",
    "FicCode": "N"
  },
  {
    "productId": "54862",
    "technicalArticleNumber": "2457797",
    "commercialArticleNumber": "819151",
    "name": "Premium grote parkiet",
    "description": "*Voor vogel",
    "brand": "YANA",
    "seoBrand": "Yana",
    "thumbNail": "https://static.colruytgroup.com/images/200x200/std.lang.all/39/51/asset-3003951.jpg",
    "fullImage": "https://static.colruytgroup.com/images/500x500/std.lang.all/39/51/asset-3003951.jpg",
    "squareImage": "https://static.colruytgroup.com/images/500x500sq/std.lang.all/39/51/asset-3003951.jpg",
    "content": "1kg",
    "walkRouteSequenceNumber": 2497,
    "price": {
      "basicPrice": 4.99,
      "recommendedQuantity": "1.0",
      "measurementUnitPrice": 4.99,
      "measurementUnit": "K",
      "isRedPrice": false,
      "pricePerUOM": 4.99,
      "activationDate": "03-06-2023",
      "isPromoActive": "N",
      "priceChangeCode": "E"
    },
    "isAvailable": true,
    "isPriceAvailable": true,
    "inPromo": false,
    "gtin": [
      "15411468114451",
      "05411468114454",
      "25411468114458"
    ],
    "topCategoryName": "Huisdieren",
    "topCategoryId": "670",
    "businessDomain": "NON_FOOD",
    "IsPrivateLabel": false,
    "IsBiffe": false,
    "IsWeightArticle": false,
    "RecentQuanityOfStockUnits": "1",
    "LongName": "YANA Premium grote parkiet 1kg",
    "IsBio": false,
    "CountryOfOrigin": "BELGIË",
    "FicCode": "N",
    "OrderUnit": "P",
    "ShortName": "YANA GROTE.PARKIET 1KG",
    "IsNew": false
  },
  {
    "productId": "873111",
    "technicalArticleNumber": "4727609",
    "commercialArticleNumber": "25102",
    "name": "Vlees&Vis in Saus",
    "description": "*Shelma filets saus\nmet kip, rund, zalm\nen kabeljauw.\nOok geschikt voor\ngecastreerde katten.",
    "brand": "SHELMA",
    "seoBrand": "Shelma",
    "thumbNail": "https://static.colruytgroup.com/images/200x200/std.lang.all/79/64/asset-3237964.jpg",
    "fullImage": "https://static.colruytgroup.com/images/500x500/std.lang.all/79/64/asset-3237964.jpg",
    "squareImage": "https://static.colruytgroup.com/images/500x500sq/std.lang.all/79/64/asset-3237964.jpg",
    "content": "12x85g",
    "walkRouteSequenceNumber": 2437,
    "price": {
      "basicPrice": 8.99,
      "recommendedQuantity": "1.0",
      "measurementUnitPrice": 8.82,
      "measurementUnit": "K",
      "isRedPrice": false,
      "pricePerUOM": 8.82,
      "activationDate": "17-11-2023",
      "isPromoActive": "N",
      "priceChangeCode": "E"
    },
    "isAvailable": true,
    "isPriceAvailable": true,
    "inPromo": false,
    "gtin": [
      "18595606406756",
      "08595606406759"
    ],
    "topCategoryName": "Huisdieren",
    "topCategoryId": "670",
    "businessDomain": "RETAIL_BE",
    "IsPrivateLabel": false,
    "IsBiffe": false,
    "WeightconversionFactor": "0",
    "IsWeightArticle": false,
    "IsBio": false,
    "CountryOfOrigin": "BELGIË",
    "IsExclusivelySoldInLuxembourg": false,
    "OrderUnit": "P",
    "ShortName": "SHEL KAT VL.VIS 12X85G",
    "IsNew": false,
    "RecentQuanityOfStockUnits": "1,4",
    "LongName": "SHELMA Vlees&Vis in Saus 12x85g",
    "FicCode": "N"
  },
  {
    "productId": "4891",
    "technicalArticleNumber": "264979",
    "commercialArticleNumber": "264979",
    "name": "Krachtvoeder goudvissen",
    "description": "*Voor vis",
    "brand": "VITAKRAFT",
    "seoBrand": "Vitakraft",
    "thumbNail": "https://static.colruytgroup.com/images/200x200/std.lang.all/71/96/asset-1507196.jpg",
    "fullImage": "https://static.colruytgroup.com/images/500x500/std.lang.all/71/96/asset-1507196.jpg",
    "squareImage": "https://static.colruytgroup.com/images/500x500sq/std.lang.all/71/96/asset-1507196.jpg",
    "content": "250ml",
    "walkRouteSequenceNumber": 2504,
    "price": {
      "basicPrice": 3.09,
      "recommendedQuantity": "1.0",
      "measurementUnitPrice": 12.36,
      "measurementUnit": "L",
      "isRedPrice": false,
      "pricePerUOM": 12.36,
      "activationDate": "06-03-2024",
      "recordSource": "Offline",
      "isPromoActive": "N",
      "priceChangeCode": "H"
    },
    "isAvailable": true,
    "isPriceAvailable": true,
    "inPromo": false,
    "gtin": [
      "04008239207005",
      "04008239220523",
      "04008239661470",
      "04008239661494"
    ],
    "topCategoryName": "Huisdieren",
    "topCategoryId": "670",
    "businessDomain": "NON_FOOD",
    "IsPrivateLabel": false,
    "IsBiffe": false,
    "IsWeightArticle": false,
    "RecentQuanityOfStockUnits": "1,5",
    "LongName": "VITAKRAFT Krachtvoeder goudvissen 250ml",
    "IsBio": false,
    "CountryOfOrigin": "DUITSLAND",
    "FicCode": "N",
    "OrderUnit": "P",
    "ShortName": "VITA PREM. GOLD 250ML",
    "IsNew": false
  },
  {
    "productId": "54861",
    "technicalArticleNumber": "2457792",
    "commercialArticleNumber": "819150",
    "name": "Premium parkiet",
    "description": "*Voor vogel",
    "brand": "YANA",
    "seoBrand": "Yana",
    "thumbNail": "https://static.colruytgroup.com/images/200x200/std.lang.all/39/50/asset-3003950.jpg",
    "fullImage": "https://static.colruytgroup.com/images/500x500/std.lang.all/39/50/asset-3003950.jpg",
    "squareImage": "https://static.colruytgroup.com/images/500x500sq/std.lang.all/39/50/asset-3003950.jpg",
    "content": "1kg",
    "walkRouteSequenceNumber": 2496,
    "price": {
      "basicPrice": 4.19,
      "recommendedQuantity": "1.0",
      "measurementUnitPrice": 4.19,
      "measurementUnit": "K",
      "isRedPrice": false,
      "pricePerUOM": 4.19,
      "activationDate": "22-02-2023",
      "isPromoActive": "N",
      "priceChangeCode": "E"
    },
    "isAvailable": true,
    "isPriceAvailable": true,
    "inPromo": false,
    "gtin": [
      "25411468114397",
      "15411468114390",
      "05411468114393"
    ],
    "topCategoryName": "Huisdieren",
    "topCategoryId": "670",
    "businessDomain": "NON_FOOD",
    "IsPrivateLabel": false,
    "IsBiffe": false,
    "IsWeightArticle": false,
    "RecentQuanityOfStockUnits": "1",
    "LongName": "YANA Premium parkiet 1kg",
    "IsBio": false,
    "CountryOfOrigin": "BELGIË",
    "FicCode": "N",
    "OrderUnit": "P",
    "ShortName": "YANA PARKIETVOER 1KG",
    "IsNew": false
  },
  {
    "productId": "51084",
    "technicalArticleNumber": "2182015",
    "commercialArticleNumber": "819013",
    "name": "kauwvarkensneuzen",
    "description": "*Voor hond",
    "brand": "BONI",
    "seoBrand": "Boni Selection",
    "thumbNail": "https://static.colruytgroup.com/images/200x200/std.lang.all/07/38/asset-630738.jpg",
    "fullImage": "https://static.colruytgroup.com/images/500x500/std.lang.all/07/38/asset-630738.jpg",
    "squareImage": "https://static.colruytgroup.com/images/500x500sq/std.lang.all/07/38/asset-630738.jpg",
    "content": "4st",
    "walkRouteSequenceNumber": 2599,
    "price": {
      "basicPrice": 7.99,
      "recommendedQuantity": "1.0",
      "measurementUnitPrice": 2,
      "measurementUnit": "S",
      "isRedPrice": false,
      "pricePerUOM": 2,
      "activationDate": "14-11-2023",
      "isPromoActive": "N",
      "priceChangeCode": "E"
    },
    "isAvailable": true,
    "isPriceAvailable": true,
    "inPromo": false,
    "gtin": [
      "05400141254297",
      "05400141012194",
      "05400141023572",
      "15400141895824",
      "15400141819011",
      "05400141819014"
    ],
    "topCategoryName": "Huisdieren",
    "topCategoryId": "670",
    "businessDomain": "NON_FOOD",
    "IsPrivateLabel": true,
    "IsBiffe": false,
    "IsWeightArticle": false,
    "RecentQuanityOfStockUnits": "1",
    "LongName": "BONI kauwvarkensneuzen 4st",
    "IsBio": false,
    "CountryOfOrigin": "BELGIË",
    "FicCode": "N",
    "OrderUnit": "P",
    "ShortName": "BONI VARKENSNEUS HON 4S",
    "IsNew": false
  },
  {
    "productId": "860149",
    "technicalArticleNumber": "4710874",
    "commercialArticleNumber": "5103",
    "name": "gelei kip gf",
    "description": "*Voor honden\n*Gelei\n*Kip\n*+Superfoods",
    "brand": "BONI",
    "seoBrand": "Boni Selection",
    "thumbNail": "https://static.colruytgroup.com/images/200x200/std.lang.all/79/86/asset-3347986.jpg",
    "fullImage": "https://static.colruytgroup.com/images/500x500/std.lang.all/79/86/asset-3347986.jpg",
    "squareImage": "https://static.colruytgroup.com/images/500x500sq/std.lang.all/79/86/asset-3347986.jpg",
    "content": "380g",
    "walkRouteSequenceNumber": 2757,
    "price": {
      "basicPrice": 2.39,
      "recommendedQuantity": "1.0",
      "measurementUnitPrice": 6.29,
      "measurementUnit": "K",
      "isRedPrice": false,
      "pricePerUOM": 6.29,
      "activationDate": "01-12-2023",
      "isPromoActive": "N",
      "priceChangeCode": "L"
    },
    "isAvailable": true,
    "isPriceAvailable": true,
    "inPromo": false,
    "gtin": [
      "05400141477184"
    ],
    "topCategoryName": "Huisdieren",
    "topCategoryId": "670",
    "businessDomain": "RETAIL_BE",
    "IsPrivateLabel": true,
    "IsBiffe": false,
    "WeightconversionFactor": "0",
    "IsWeightArticle": false,
    "IsBio": false,
    "CountryOfOrigin": "ZWEDEN",
    "IsExclusivelySoldInLuxembourg": false,
    "OrderUnit": "P",
    "ShortName": "BONI GELEI KIP.GF 380G",
    "IsNew": false,
    "RecentQuanityOfStockUnits": "1",
    "LongName": "BONI gelei kip gf 380g",
    "AlcoholVolume": "0",
    "FicCode": "N"
  },
  {
    "productId": "9646",
    "technicalArticleNumber": "1150628",
    "commercialArticleNumber": "445467",
    "name": "crackers konijn groenten",
    "description": "*Voor konijn\n*Met\nnoot/fruit/groenten",
    "brand": "VITAKRAFT",
    "seoBrand": "Vitakraft",
    "thumbNail": "https://static.colruytgroup.com/images/200x200/std.lang.all/82/51/asset-2428251.jpg",
    "fullImage": "https://static.colruytgroup.com/images/500x500/std.lang.all/82/51/asset-2428251.jpg",
    "squareImage": "https://static.colruytgroup.com/images/500x500sq/std.lang.all/82/51/asset-2428251.jpg",
    "content": "3st",
    "walkRouteSequenceNumber": 2515,
    "price": {
      "basicPrice": 3.89,
      "recommendedQuantity": "1.0",
      "measurementUnitPrice": 1.3,
      "measurementUnit": "S",
      "isRedPrice": false,
      "pricePerUOM": 1.3,
      "activationDate": "06-03-2024",
      "recordSource": "Offline",
      "isPromoActive": "N",
      "priceChangeCode": "L"
    },
    "isAvailable": true,
    "isPriceAvailable": true,
    "inPromo": false,
    "gtin": [
      "04008239252272",
      "04008239651822"
    ],
    "topCategoryName": "Huisdieren",
    "topCategoryId": "670",
    "businessDomain": "NON_FOOD",
    "IsPrivateLabel": false,
    "IsBiffe": false,
    "IsWeightArticle": false,
    "RecentQuanityOfStockUnits": "1",
    "LongName": "VITAKRAFT crackers konijn groenten 3st",
    "IsBio": false,
    "CountryOfOrigin": "DUITSLAND",
    "FicCode": "N",
    "OrderUnit": "P",
    "ShortName": "VITA 3 CRACK.KON.COM.GR",
    "IsNew": false
  },
  {
    "productId": "872773",
    "technicalArticleNumber": "4727187",
    "commercialArticleNumber": "23410",
    "name": "HFC Natural Kip Filet",
    "description": "*Natte voeding\n*Kip",
    "brand": "ALMO NATURE",
    "seoBrand": "Almo Nature",
    "thumbNail": "https://static.colruytgroup.com/images/200x200/std.lang.all/23/93/asset-3252393.jpg",
    "fullImage": "https://static.colruytgroup.com/images/500x500/std.lang.all/23/93/asset-3252393.jpg",
    "squareImage": "https://static.colruytgroup.com/images/500x500sq/std.lang.all/23/93/asset-3252393.jpg",
    "content": "95g",
    "walkRouteSequenceNumber": 2747,
    "price": {
      "basicPrice": 1.55,
      "recommendedQuantity": "1.0",
      "measurementUnitPrice": 16.32,
      "measurementUnit": "K",
      "isRedPrice": false,
      "pricePerUOM": 16.32,
      "activationDate": "11-05-2023",
      "isPromoActive": "N",
      "priceChangeCode": "E"
    },
    "isAvailable": true,
    "isPriceAvailable": true,
    "inPromo": false,
    "gtin": [
      "18001154120766",
      "08001154120769"
    ],
    "topCategoryName": "Huisdieren",
    "topCategoryId": "670",
    "businessDomain": "RETAIL_BE",
    "IsPrivateLabel": false,
    "IsBiffe": false,
    "WeightconversionFactor": "0",
    "IsWeightArticle": false,
    "IsBio": false,
    "CountryOfOrigin": "ITALIË",
    "IsExclusivelySoldInLuxembourg": false,
    "OrderUnit": "P",
    "ShortName": "ALMO DOG KIP FILET 95G",
    "IsNew": false,
    "RecentQuanityOfStockUnits": "1",
    "LongName": "ALMO NATURE HFC Natural Kip Filet 95g",
    "AlcoholVolume": "0",
    "FicCode": "N"
  },
  {
    "productId": "873681",
    "technicalArticleNumber": "4728216",
    "commercialArticleNumber": "30186",
    "name": "Classic Dinners",
    "brand": "LILY'S KITCHEN",
    "seoBrand": "Lily's Kitchen",
    "thumbNail": "https://static.colruytgroup.com/images/200x200/std.lang.all/04/67/asset-3260467.jpg",
    "fullImage": "https://static.colruytgroup.com/images/500x500/std.lang.all/04/67/asset-3260467.jpg",
    "squareImage": "https://static.colruytgroup.com/images/500x500sq/std.lang.all/04/67/asset-3260467.jpg",
    "content": "6x150g",
    "walkRouteSequenceNumber": 2741,
    "price": {
      "basicPrice": 9.99,
      "recommendedQuantity": "1.0",
      "measurementUnitPrice": 11.1,
      "measurementUnit": "K",
      "isRedPrice": false,
      "pricePerUOM": 11.1,
      "activationDate": "15-02-2024",
      "recordSource": "Offline",
      "isPromoActive": "N",
      "priceChangeCode": "L"
    },
    "isAvailable": true,
    "isPriceAvailable": true,
    "inPromo": false,
    "gtin": [
      "05060184246187",
      "05060184246194"
    ],
    "topCategoryName": "Huisdieren",
    "topCategoryId": "670",
    "businessDomain": "RETAIL_BE",
    "IsPrivateLabel": false,
    "IsBiffe": false,
    "WeightconversionFactor": "0",
    "IsWeightArticle": false,
    "IsBio": false,
    "CountryOfOrigin": "VERENIGD KONINKRIJK",
    "IsExclusivelySoldInLuxembourg": false,
    "OrderUnit": "P",
    "ShortName": "LILY DOG CLAS.DIN6X150G",
    "IsNew": false,
    "RecentQuanityOfStockUnits": "1",
    "LongName": "LILY'S KITCHEN Classic Dinners 6x150g",
    "FicCode": "N"
  },
  {
    "productId": "872778",
    "technicalArticleNumber": "4727193",
    "commercialArticleNumber": "23432",
    "name": "HFC Natural Rund Ham",
    "description": "*Natte voeding\n*Rund ham",
    "brand": "ALMO NATURE",
    "seoBrand": "Almo Nature",
    "thumbNail": "https://static.colruytgroup.com/images/200x200/std.lang.all/23/95/asset-3252395.jpg",
    "fullImage": "https://static.colruytgroup.com/images/500x500/std.lang.all/23/95/asset-3252395.jpg",
    "squareImage": "https://static.colruytgroup.com/images/500x500sq/std.lang.all/23/95/asset-3252395.jpg",
    "content": "95g",
    "walkRouteSequenceNumber": 2746,
    "price": {
      "basicPrice": 1.79,
      "recommendedQuantity": "1.0",
      "measurementUnitPrice": 18.85,
      "measurementUnit": "K",
      "isRedPrice": false,
      "pricePerUOM": 18.85,
      "activationDate": "09-03-2024",
      "isPromoActive": "N",
      "priceChangeCode": "H"
    },
    "isAvailable": true,
    "isPriceAvailable": true,
    "inPromo": false,
    "gtin": [
      "18001154124252",
      "08001154124255"
    ],
    "topCategoryName": "Huisdieren",
    "topCategoryId": "670",
    "businessDomain": "RETAIL_BE",
    "IsPrivateLabel": false,
    "IsBiffe": false,
    "WeightconversionFactor": "0",
    "IsWeightArticle": false,
    "IsBio": false,
    "CountryOfOrigin": "ITALIË",
    "IsExclusivelySoldInLuxembourg": false,
    "OrderUnit": "P",
    "ShortName": "ALMO DOG RUND HAM 95G",
    "IsNew": false,
    "RecentQuanityOfStockUnits": "1",
    "LongName": "ALMO NATURE HFC Natural Rund Ham 95g",
    "AlcoholVolume": "0",
    "FicCode": "N"
  },
  {
    "productId": "872774",
    "technicalArticleNumber": "4727189",
    "commercialArticleNumber": "23369",
    "name": "HFC Natural Kalf",
    "description": "*Natte voeding\n*Kalf",
    "brand": "ALMO NATURE",
    "seoBrand": "Almo Nature",
    "thumbNail": "https://static.colruytgroup.com/images/200x200/std.lang.all/23/94/asset-3252394.jpg",
    "fullImage": "https://static.colruytgroup.com/images/500x500/std.lang.all/23/94/asset-3252394.jpg",
    "squareImage": "https://static.colruytgroup.com/images/500x500sq/std.lang.all/23/94/asset-3252394.jpg",
    "content": "95g",
    "walkRouteSequenceNumber": 2745,
    "price": {
      "basicPrice": 1.79,
      "recommendedQuantity": "1.0",
      "measurementUnitPrice": 18.85,
      "measurementUnit": "K",
      "isRedPrice": false,
      "pricePerUOM": 18.85,
      "activationDate": "09-03-2024",
      "isPromoActive": "N",
      "priceChangeCode": "H"
    },
    "isAvailable": true,
    "isPriceAvailable": true,
    "inPromo": false,
    "gtin": [
      "18001154124269",
      "08001154124262"
    ],
    "topCategoryName": "Huisdieren",
    "topCategoryId": "670",
    "businessDomain": "RETAIL_BE",
    "IsPrivateLabel": false,
    "IsBiffe": false,
    "WeightconversionFactor": "0",
    "IsWeightArticle": false,
    "IsBio": false,
    "CountryOfOrigin": "ITALIË",
    "IsExclusivelySoldInLuxembourg": false,
    "OrderUnit": "P",
    "ShortName": "ALMO DOG KALF 95G",
    "IsNew": false,
    "RecentQuanityOfStockUnits": "1",
    "LongName": "ALMO NATURE HFC Natural Kalf 95g",
    "AlcoholVolume": "0",
    "FicCode": "N"
  },
  {
    "productId": "860175",
    "technicalArticleNumber": "4710905",
    "commercialArticleNumber": "5718",
    "name": "saus zalm gf",
    "description": "*Voor honden\n*Zalm\n*+Superfoods",
    "brand": "BONI",
    "seoBrand": "Boni Selection",
    "thumbNail": "https://static.colruytgroup.com/images/200x200/std.lang.all/09/81/asset-3360981.jpg",
    "fullImage": "https://static.colruytgroup.com/images/500x500/std.lang.all/09/81/asset-3360981.jpg",
    "squareImage": "https://static.colruytgroup.com/images/500x500sq/std.lang.all/09/81/asset-3360981.jpg",
    "content": "370g",
    "walkRouteSequenceNumber": 2755,
    "price": {
      "basicPrice": 2.39,
      "recommendedQuantity": "1.0",
      "measurementUnitPrice": 6.46,
      "measurementUnit": "K",
      "isRedPrice": false,
      "pricePerUOM": 6.46,
      "activationDate": "01-12-2023",
      "isPromoActive": "N",
      "priceChangeCode": "L"
    },
    "isAvailable": true,
    "isPriceAvailable": true,
    "inPromo": false,
    "gtin": [
      "15400141477174",
      "05400141477177"
    ],
    "topCategoryName": "Huisdieren",
    "topCategoryId": "670",
    "businessDomain": "RETAIL_BE",
    "IsPrivateLabel": true,
    "IsBiffe": false,
    "WeightconversionFactor": "0",
    "IsWeightArticle": false,
    "IsBio": false,
    "CountryOfOrigin": "ZWEDEN",
    "IsExclusivelySoldInLuxembourg": false,
    "OrderUnit": "P",
    "ShortName": "BONI SAUS ZALM GF 370G",
    "IsNew": false,
    "RecentQuanityOfStockUnits": "1",
    "LongName": "BONI saus zalm gf 370g",
    "AlcoholVolume": "0",
    "FicCode": "N"
  },
  {
    "productId": "873114",
    "technicalArticleNumber": "4727617",
    "commercialArticleNumber": "25126",
    "name": "Vlees in Saus",
    "description": "*Shelma filets in saus met kip, rund\nkalkoen en eend is een premium,\ngraanvrije natvoeding. Rijk aan\ndierlijk eiwit. Ook geschikt voor\ngecastreerde katten.",
    "brand": "SHELMA",
    "seoBrand": "Shelma",
    "thumbNail": "https://static.colruytgroup.com/images/200x200/std.lang.all/79/65/asset-3237965.jpg",
    "fullImage": "https://static.colruytgroup.com/images/500x500/std.lang.all/79/65/asset-3237965.jpg",
    "squareImage": "https://static.colruytgroup.com/images/500x500sq/std.lang.all/79/65/asset-3237965.jpg",
    "content": "12x85g",
    "walkRouteSequenceNumber": 2436,
    "price": {
      "basicPrice": 8.99,
      "recommendedQuantity": "1.0",
      "measurementUnitPrice": 8.82,
      "measurementUnit": "K",
      "isRedPrice": false,
      "pricePerUOM": 8.82,
      "activationDate": "17-11-2023",
      "isPromoActive": "N",
      "priceChangeCode": "E"
    },
    "isAvailable": true,
    "isPriceAvailable": true,
    "inPromo": false,
    "gtin": [
      "18595606406763",
      "08595606406766"
    ],
    "topCategoryName": "Huisdieren",
    "topCategoryId": "670",
    "businessDomain": "RETAIL_BE",
    "IsPrivateLabel": false,
    "IsBiffe": false,
    "WeightconversionFactor": "0",
    "IsWeightArticle": false,
    "IsBio": false,
    "CountryOfOrigin": "BELGIË",
    "IsExclusivelySoldInLuxembourg": false,
    "OrderUnit": "P",
    "ShortName": "SHEL KAT MIX VL.12X85G",
    "IsNew": false,
    "RecentQuanityOfStockUnits": "1",
    "LongName": "SHELMA Vlees in Saus 12x85g",
    "FicCode": "N"
  },
  {
    "productId": "873515",
    "technicalArticleNumber": "4728406",
    "commercialArticleNumber": "31527",
    "name": "Everyday Favourites",
    "description": "*Everyday Favourites\n*8x85g",
    "brand": "LILY'S KITCHEN",
    "seoBrand": "Lily's Kitchen",
    "thumbNail": "https://static.colruytgroup.com/images/200x200/std.lang.all/05/43/asset-3260543.jpg",
    "fullImage": "https://static.colruytgroup.com/images/500x500/std.lang.all/05/43/asset-3260543.jpg",
    "squareImage": "https://static.colruytgroup.com/images/500x500sq/std.lang.all/05/43/asset-3260543.jpg",
    "content": "8x85g",
    "walkRouteSequenceNumber": 2397,
    "price": {
      "basicPrice": 8.99,
      "recommendedQuantity": "1.0",
      "measurementUnitPrice": 13.23,
      "measurementUnit": "K",
      "isRedPrice": false,
      "pricePerUOM": 13.23,
      "activationDate": "07-03-2024",
      "recordSource": "Offline",
      "isPromoActive": "N",
      "priceChangeCode": "H"
    },
    "isAvailable": true,
    "isPriceAvailable": true,
    "inPromo": false,
    "gtin": [
      "05060184243971",
      "05060184244534"
    ],
    "topCategoryName": "Huisdieren",
    "topCategoryId": "670",
    "businessDomain": "RETAIL_BE",
    "IsPrivateLabel": false,
    "IsBiffe": false,
    "WeightconversionFactor": "0",
    "IsWeightArticle": false,
    "IsBio": false,
    "CountryOfOrigin": "VERENIGD KONINKRIJK",
    "IsExclusivelySoldInLuxembourg": false,
    "OrderUnit": "P",
    "ShortName": "LILY CAT EVD.FAVOU.8X85",
    "IsNew": false,
    "RecentQuanityOfStockUnits": "1",
    "LongName": "LILY'S KITCHEN Everyday Favourites 8x85g",
    "FicCode": "N"
  },
  {
    "productId": "873080",
    "technicalArticleNumber": "4727569",
    "commercialArticleNumber": "25045",
    "name": "Kitten vers gevogelte",
    "description": "*Een premium, graanvrije droogvoeding,\nrijk aan dierlijke eiwitten. De\nvoeding is bereid met verse kalkoen.\nGeschikt voor kittens. Ondersteunt\nde vitaliteit en het welzijn.",
    "brand": "SHELMA",
    "seoBrand": "Shelma",
    "thumbNail": "https://static.colruytgroup.com/images/200x200/std.lang.all/79/63/asset-3237963.jpg",
    "fullImage": "https://static.colruytgroup.com/images/500x500/std.lang.all/79/63/asset-3237963.jpg",
    "squareImage": "https://static.colruytgroup.com/images/500x500sq/std.lang.all/79/63/asset-3237963.jpg",
    "content": "750g",
    "walkRouteSequenceNumber": 2425,
    "price": {
      "basicPrice": 6.99,
      "recommendedQuantity": "1.0",
      "measurementUnitPrice": 9.32,
      "measurementUnit": "K",
      "isRedPrice": false,
      "pricePerUOM": 9.32,
      "activationDate": "17-11-2023",
      "isPromoActive": "N",
      "priceChangeCode": "E"
    },
    "isAvailable": true,
    "isPriceAvailable": true,
    "inPromo": true,
    "promotion": [
      {
        "techPromoId": "100933COLR",
        "promotionId": "100933",
        "promotionType": "3",
        "isPersonalized": "N",
        "publicationStartDate": "13-03-2024",
        "publicationEndDate": "26-03-2024"
      }
    ],
    "gtin": [
      "28595606405305",
      "08595606405301"
    ],
    "topCategoryName": "Huisdieren",
    "topCategoryId": "670",
    "businessDomain": "RETAIL_BE",
    "IsPrivateLabel": false,
    "IsBiffe": false,
    "WeightconversionFactor": "0",
    "IsWeightArticle": false,
    "IsBio": false,
    "CountryOfOrigin": "BELGIË",
    "IsExclusivelySoldInLuxembourg": false,
    "OrderUnit": "P",
    "ShortName": "SHEL KITTEN KALKOEN750G",
    "IsNew": false,
    "RecentQuanityOfStockUnits": "1",
    "LongName": "SHELMA Kitten vers gevogelte 750g",
    "FicCode": "N"
  },
  {
    "productId": "872782",
    "technicalArticleNumber": "4727197",
    "commercialArticleNumber": "23454",
    "name": "HFC Natural Kip Filet",
    "description": "*Natte voeding\n*Kip",
    "brand": "ALMO NATURE",
    "seoBrand": "Almo Nature",
    "thumbNail": "https://static.colruytgroup.com/images/200x200/std.lang.all/23/96/asset-3252396.jpg",
    "fullImage": "https://static.colruytgroup.com/images/500x500/std.lang.all/23/96/asset-3252396.jpg",
    "squareImage": "https://static.colruytgroup.com/images/500x500sq/std.lang.all/23/96/asset-3252396.jpg",
    "content": "280g",
    "walkRouteSequenceNumber": 2749,
    "price": {
      "basicPrice": 3.29,
      "recommendedQuantity": "1.0",
      "measurementUnitPrice": 11.75,
      "measurementUnit": "K",
      "isRedPrice": false,
      "pricePerUOM": 11.75,
      "activationDate": "07-10-2023",
      "recordSource": "Online",
      "isPromoActive": "N",
      "priceChangeCode": "E"
    },
    "isAvailable": true,
    "isPriceAvailable": true,
    "inPromo": false,
    "gtin": [
      "08001154124293",
      "18001154124290"
    ],
    "topCategoryName": "Huisdieren",
    "topCategoryId": "670",
    "businessDomain": "RETAIL_BE",
    "IsPrivateLabel": false,
    "IsBiffe": false,
    "WeightconversionFactor": "0",
    "IsWeightArticle": false,
    "IsBio": false,
    "CountryOfOrigin": "ITALIË",
    "IsExclusivelySoldInLuxembourg": false,
    "OrderUnit": "P",
    "ShortName": "ALMO DOG KIP FILET 280G",
    "IsNew": false,
    "RecentQuanityOfStockUnits": "1,12",
    "LongName": "ALMO NATURE HFC Natural Kip Filet 280g",
    "AlcoholVolume": "0",
    "FicCode": "N"
  },
  {
    "productId": "2953",
    "technicalArticleNumber": "445250",
    "commercialArticleNumber": "445250",
    "name": "kauwschoentjes",
    "description": "*Voor hond",
    "brand": "BONI",
    "seoBrand": "Boni Selection",
    "thumbNail": "https://static.colruytgroup.com/images/200x200/std.lang.all/78/03/asset-567803.jpg",
    "fullImage": "https://static.colruytgroup.com/images/500x500/std.lang.all/78/03/asset-567803.jpg",
    "squareImage": "https://static.colruytgroup.com/images/500x500sq/std.lang.all/78/03/asset-567803.jpg",
    "content": "5st",
    "walkRouteSequenceNumber": 2597,
    "price": {
      "basicPrice": 6.22,
      "recommendedQuantity": "1.0",
      "measurementUnitPrice": 1.25,
      "measurementUnit": "S",
      "isRedPrice": false,
      "pricePerUOM": 1.25,
      "activationDate": "10-02-2024",
      "recordSource": "Online",
      "isPromoActive": "N",
      "priceChangeCode": "H"
    },
    "isAvailable": true,
    "isPriceAvailable": true,
    "inPromo": false,
    "gtin": [
      "15400141870814",
      "15400141452508",
      "05400141218701",
      "05400141255836",
      "05400141023770",
      "15400141995517",
      "15400141895657",
      "05400141452501"
    ],
    "topCategoryName": "Huisdieren",
    "topCategoryId": "670",
    "businessDomain": "NON_FOOD",
    "IsPrivateLabel": true,
    "IsBiffe": false,
    "IsWeightArticle": false,
    "RecentQuanityOfStockUnits": "1",
    "LongName": "BONI kauwschoentjes 5st",
    "IsBio": false,
    "CountryOfOrigin": "CHINA (VOLKSREBUPLIEK)",
    "FicCode": "N",
    "OrderUnit": "P",
    "ShortName": "BONI 5 SCHOENTJES",
    "IsNew": false
  },
  {
    "productId": "4885",
    "technicalArticleNumber": "264262",
    "commercialArticleNumber": "264262",
    "name": "Crackers voor kanaries",
    "description": "*Voor vogel\n*Met honing/ei/fruit",
    "brand": "VITAKRAFT",
    "seoBrand": "Vitakraft",
    "thumbNail": "https://static.colruytgroup.com/images/200x200/std.lang.all/82/47/asset-2428247.jpg",
    "fullImage": "https://static.colruytgroup.com/images/500x500/std.lang.all/82/47/asset-2428247.jpg",
    "squareImage": "https://static.colruytgroup.com/images/500x500sq/std.lang.all/82/47/asset-2428247.jpg",
    "content": "2x3st",
    "walkRouteSequenceNumber": 2502,
    "price": {
      "basicPrice": 6.58,
      "recommendedQuantity": "1.0",
      "measurementUnitPrice": 1.1,
      "measurementUnit": "S",
      "isRedPrice": false,
      "pricePerUOM": 1.1,
      "activationDate": "06-03-2024",
      "recordSource": "Offline",
      "isPromoActive": "N",
      "priceChangeCode": "H"
    },
    "isAvailable": true,
    "isPriceAvailable": true,
    "inPromo": false,
    "gtin": [
      "04008239212290",
      "04008239681638",
      "05400141642629"
    ],
    "topCategoryName": "Huisdieren",
    "topCategoryId": "670",
    "businessDomain": "NON_FOOD",
    "IsPrivateLabel": false,
    "IsBiffe": false,
    "IsWeightArticle": false,
    "RecentQuanityOfStockUnits": "1",
    "LongName": "VITAKRAFT Crackers voor kanaries 2x3st",
    "IsBio": false,
    "CountryOfOrigin": "DUITSLAND",
    "FicCode": "N",
    "OrderUnit": "P",
    "ShortName": "X2 CRACK KAN COCKT 3ST",
    "IsNew": false
  },
  {
    "productId": "865272",
    "technicalArticleNumber": "4717326",
    "commercialArticleNumber": "3022",
    "name": "lam + superfoods GF",
    "brand": "BONI",
    "seoBrand": "Boni Selection",
    "thumbNail": "https://static.colruytgroup.com/images/200x200/std.lang.all/15/82/asset-3391582.jpg",
    "fullImage": "https://static.colruytgroup.com/images/500x500/std.lang.all/15/82/asset-3391582.jpg",
    "squareImage": "https://static.colruytgroup.com/images/500x500sq/std.lang.all/15/82/asset-3391582.jpg",
    "content": "1,5kg",
    "walkRouteSequenceNumber": 2764,
    "price": {
      "basicPrice": 8.99,
      "recommendedQuantity": "1.0",
      "measurementUnitPrice": 6,
      "measurementUnit": "K",
      "isRedPrice": false,
      "pricePerUOM": 6,
      "activationDate": "20-01-2024",
      "recordSource": "Online",
      "isPromoActive": "N",
      "priceChangeCode": "E"
    },
    "isAvailable": true,
    "isPriceAvailable": true,
    "inPromo": false,
    "gtin": [
      "05400141710083",
      "15400141710080"
    ],
    "topCategoryName": "Huisdieren",
    "topCategoryId": "670",
    "businessDomain": "RETAIL_BE",
    "IsPrivateLabel": true,
    "IsBiffe": false,
    "WeightconversionFactor": "0",
    "IsWeightArticle": false,
    "IsBio": false,
    "CountryOfOrigin": "NEDERLAND",
    "IsExclusivelySoldInLuxembourg": false,
    "OrderUnit": "P",
    "ShortName": "BONI HOND LAM+SUP.GF1.5",
    "IsNew": false,
    "RecentQuanityOfStockUnits": "1",
    "LongName": "BONI lam + superfoods GF 1,5kg",
    "FicCode": "N"
  },
  {
    "productId": "10221",
    "technicalArticleNumber": "1148098",
    "commercialArticleNumber": "445433",
    "name": "kauwbenen 27cm",
    "description": "*Voor hond",
    "brand": "BONI",
    "seoBrand": "Boni Selection",
    "thumbNail": "https://static.colruytgroup.com/images/200x200/std.lang.all/78/06/asset-567806.jpg",
    "fullImage": "https://static.colruytgroup.com/images/500x500/std.lang.all/78/06/asset-567806.jpg",
    "squareImage": "https://static.colruytgroup.com/images/500x500sq/std.lang.all/78/06/asset-567806.jpg",
    "content": "3st",
    "walkRouteSequenceNumber": 2608,
    "price": {
      "basicPrice": 15.99,
      "recommendedQuantity": "1.0",
      "measurementUnitPrice": 5.33,
      "measurementUnit": "S",
      "isRedPrice": false,
      "pricePerUOM": 5.33,
      "activationDate": "14-11-2023",
      "isPromoActive": "N",
      "priceChangeCode": "E"
    },
    "isAvailable": true,
    "isPriceAvailable": true,
    "inPromo": false,
    "gtin": [
      "05400141454338",
      "15400141255772",
      "15400141335443",
      "15400141870777",
      "15400141896357",
      "15400141995579",
      "05400141218633",
      "05400141255775"
    ],
    "topCategoryName": "Huisdieren",
    "topCategoryId": "670",
    "businessDomain": "NON_FOOD",
    "IsPrivateLabel": true,
    "IsBiffe": false,
    "IsWeightArticle": false,
    "RecentQuanityOfStockUnits": "1",
    "LongName": "BONI kauwbenen 27cm 3st",
    "IsBio": false,
    "CountryOfOrigin": "CHINA (VOLKSREBUPLIEK)",
    "FicCode": "N",
    "OrderUnit": "P",
    "ShortName": "BONI 3 BENEN 27 CM",
    "IsNew": false
  },
  {
    "productId": "865273",
    "technicalArticleNumber": "4717327",
    "commercialArticleNumber": "3033",
    "name": "zalm + superfoods GF",
    "brand": "BONI",
    "seoBrand": "Boni Selection",
    "thumbNail": "https://static.colruytgroup.com/images/200x200/std.lang.all/00/17/asset-3340017.jpg",
    "fullImage": "https://static.colruytgroup.com/images/500x500/std.lang.all/00/17/asset-3340017.jpg",
    "squareImage": "https://static.colruytgroup.com/images/500x500sq/std.lang.all/00/17/asset-3340017.jpg",
    "content": "1,5kg",
    "walkRouteSequenceNumber": 2765,
    "price": {
      "basicPrice": 8.99,
      "recommendedQuantity": "1.0",
      "measurementUnitPrice": 6,
      "measurementUnit": "K",
      "isRedPrice": false,
      "pricePerUOM": 6,
      "activationDate": "20-01-2024",
      "recordSource": "Online",
      "isPromoActive": "N",
      "priceChangeCode": "E"
    },
    "isAvailable": true,
    "isPriceAvailable": true,
    "inPromo": false,
    "gtin": [
      "05400141710090",
      "15400141710097"
    ],
    "topCategoryName": "Huisdieren",
    "topCategoryId": "670",
    "businessDomain": "RETAIL_BE",
    "IsPrivateLabel": true,
    "IsBiffe": false,
    "WeightconversionFactor": "0",
    "IsWeightArticle": false,
    "IsBio": false,
    "CountryOfOrigin": "NEDERLAND",
    "IsExclusivelySoldInLuxembourg": false,
    "OrderUnit": "P",
    "ShortName": "BONI HOND ZALM+SU.GF1.5",
    "IsNew": false,
    "RecentQuanityOfStockUnits": "1",
    "LongName": "BONI zalm + superfoods GF 1,5kg",
    "FicCode": "N"
  },
  {
    "productId": "872827",
    "technicalArticleNumber": "4727244",
    "commercialArticleNumber": "23775",
    "name": "HFC Jelly Ton. Ass.",
    "description": "*Natte voeding\n*Tonijn",
    "brand": "ALMO NATURE",
    "seoBrand": "Almo Nature",
    "thumbNail": "https://static.colruytgroup.com/images/200x200/std.lang.all/25/24/asset-3252524.jpg",
    "fullImage": "https://static.colruytgroup.com/images/500x500/std.lang.all/25/24/asset-3252524.jpg",
    "squareImage": "https://static.colruytgroup.com/images/500x500sq/std.lang.all/25/24/asset-3252524.jpg",
    "content": "6x55g",
    "walkRouteSequenceNumber": 2388,
    "price": {
      "basicPrice": 7.29,
      "recommendedQuantity": "1.0",
      "measurementUnitPrice": 22.1,
      "measurementUnit": "K",
      "isRedPrice": false,
      "pricePerUOM": 22.1,
      "activationDate": "11-05-2023",
      "isPromoActive": "N",
      "priceChangeCode": "E"
    },
    "isAvailable": true,
    "isPriceAvailable": true,
    "inPromo": false,
    "gtin": [
      "18001154125266",
      "08001154125269"
    ],
    "topCategoryName": "Huisdieren",
    "topCategoryId": "670",
    "businessDomain": "RETAIL_BE",
    "IsPrivateLabel": false,
    "IsBiffe": false,
    "WeightconversionFactor": "0",
    "IsWeightArticle": false,
    "IsBio": false,
    "CountryOfOrigin": "ITALIË",
    "IsExclusivelySoldInLuxembourg": false,
    "OrderUnit": "P",
    "ShortName": "ALMO CAT TON ASS 6X55G",
    "IsNew": false,
    "RecentQuanityOfStockUnits": "1",
    "LongName": "ALMO NATURE HFC Jelly Ton. Ass. 6x55g",
    "FicCode": "N"
  },
  {
    "productId": "506454",
    "technicalArticleNumber": "4082921",
    "commercialArticleNumber": "7740",
    "name": "med.maxi Weight Control",
    "brand": "PURINA ONE",
    "seoBrand": "Purina One",
    "thumbNail": "https://static.colruytgroup.com/images/200x200/std.lang.all/91/70/asset-1759170.jpg",
    "fullImage": "https://static.colruytgroup.com/images/500x500/std.lang.all/91/70/asset-1759170.jpg",
    "squareImage": "https://static.colruytgroup.com/images/500x500sq/std.lang.all/91/70/asset-1759170.jpg",
    "content": "2,5kg",
    "walkRouteSequenceNumber": 2721,
    "price": {
      "basicPrice": 15.04,
      "recommendedQuantity": "1.0",
      "measurementUnitPrice": 6.02,
      "measurementUnit": "K",
      "isRedPrice": false,
      "pricePerUOM": 6.02,
      "activationDate": "02-03-2024",
      "recordSource": "Offline",
      "isPromoActive": "N",
      "priceChangeCode": "H"
    },
    "isAvailable": true,
    "isPriceAvailable": true,
    "inPromo": false,
    "gtin": [
      "07613036514422",
      "07613036514415"
    ],
    "topCategoryName": "Huisdieren",
    "topCategoryId": "670",
    "businessDomain": "RETAIL_BE",
    "IsPrivateLabel": false,
    "IsBiffe": false,
    "WeightconversionFactor": "0",
    "IsWeightArticle": false,
    "IsBio": false,
    "CountryOfOrigin": "ITALIË",
    "IsExclusivelySoldInLuxembourg": false,
    "OrderUnit": "P",
    "ShortName": "PURI MED WEIG.CONTR2KG5",
    "IsNew": false,
    "RecentQuanityOfStockUnits": "1",
    "LongName": "PURINA ONE med.maxi Weight Control 2,5kg",
    "FicCode": "N"
  },
  {
    "productId": "872823",
    "technicalArticleNumber": "4727240",
    "commercialArticleNumber": "23772",
    "name": "HFC Natural Kip Ass.",
    "description": "*Natte voeding\n*Kip",
    "brand": "ALMO NATURE",
    "seoBrand": "Almo Nature",
    "thumbNail": "https://static.colruytgroup.com/images/200x200/std.lang.all/25/23/asset-3252523.jpg",
    "fullImage": "https://static.colruytgroup.com/images/500x500/std.lang.all/25/23/asset-3252523.jpg",
    "squareImage": "https://static.colruytgroup.com/images/500x500sq/std.lang.all/25/23/asset-3252523.jpg",
    "content": "6x55g",
    "walkRouteSequenceNumber": 2389,
    "price": {
      "basicPrice": 7.29,
      "recommendedQuantity": "1.0",
      "measurementUnitPrice": 22.1,
      "measurementUnit": "K",
      "isRedPrice": false,
      "pricePerUOM": 22.1,
      "activationDate": "14-02-2024",
      "isPromoActive": "N",
      "priceChangeCode": "E"
    },
    "isAvailable": true,
    "isPriceAvailable": true,
    "inPromo": false,
    "gtin": [
      "18001154125259",
      "08001154125252"
    ],
    "topCategoryName": "Huisdieren",
    "topCategoryId": "670",
    "businessDomain": "RETAIL_BE",
    "IsPrivateLabel": false,
    "IsBiffe": false,
    "WeightconversionFactor": "0",
    "IsWeightArticle": false,
    "IsBio": false,
    "CountryOfOrigin": "ITALIË",
    "IsExclusivelySoldInLuxembourg": false,
    "OrderUnit": "P",
    "ShortName": "ALMO CAT KIP ASS 6X55G",
    "IsNew": false,
    "RecentQuanityOfStockUnits": "1",
    "LongName": "ALMO NATURE HFC Natural Kip Ass. 6x55g",
    "FicCode": "N"
  },
  {
    "productId": "9644",
    "technicalArticleNumber": "1150625",
    "commercialArticleNumber": "445465",
    "name": "crackers konijn met honing",
    "description": "*Voor konijn",
    "brand": "VITAKRAFT",
    "seoBrand": "Vitakraft",
    "thumbNail": "https://static.colruytgroup.com/images/200x200/std.lang.all/82/49/asset-2428249.jpg",
    "fullImage": "https://static.colruytgroup.com/images/500x500/std.lang.all/82/49/asset-2428249.jpg",
    "squareImage": "https://static.colruytgroup.com/images/500x500sq/std.lang.all/82/49/asset-2428249.jpg",
    "content": "3st",
    "walkRouteSequenceNumber": 2514,
    "price": {
      "basicPrice": 4.19,
      "recommendedQuantity": "1.0",
      "measurementUnitPrice": 1.4,
      "measurementUnit": "S",
      "isRedPrice": false,
      "pricePerUOM": 1.4,
      "activationDate": "15-03-2024",
      "recordSource": "Offline",
      "isPromoActive": "N",
      "priceChangeCode": "H"
    },
    "isAvailable": true,
    "isPriceAvailable": true,
    "inPromo": false,
    "gtin": [
      "04008239253385",
      "04008239654489"
    ],
    "topCategoryName": "Huisdieren",
    "topCategoryId": "670",
    "businessDomain": "NON_FOOD",
    "IsPrivateLabel": false,
    "IsBiffe": false,
    "IsWeightArticle": false,
    "RecentQuanityOfStockUnits": "1",
    "LongName": "VITAKRAFT crackers konijn met honing 3st",
    "IsBio": false,
    "CountryOfOrigin": "DUITSLAND",
    "FicCode": "N",
    "OrderUnit": "P",
    "ShortName": "VITA 3 CRACK.KON.COM HO",
    "IsNew": false
  },
  {
    "productId": "4884",
    "technicalArticleNumber": "264261",
    "commercialArticleNumber": "264261",
    "name": "Crackers cockt. parkiet",
    "description": "*Voor vogel\n*Met honing/ei/fruit",
    "brand": "VITAKRAFT",
    "seoBrand": "Vitakraft",
    "thumbNail": "https://static.colruytgroup.com/images/200x200/std.lang.all/81/41/asset-2428141.jpg",
    "fullImage": "https://static.colruytgroup.com/images/500x500/std.lang.all/81/41/asset-2428141.jpg",
    "squareImage": "https://static.colruytgroup.com/images/500x500sq/std.lang.all/81/41/asset-2428141.jpg",
    "content": "2x3st",
    "walkRouteSequenceNumber": 2501,
    "price": {
      "basicPrice": 7.1,
      "recommendedQuantity": "1.0",
      "measurementUnitPrice": 1.19,
      "measurementUnit": "S",
      "isRedPrice": false,
      "pricePerUOM": 1.19,
      "activationDate": "12-03-2024",
      "recordSource": "Offline",
      "isPromoActive": "N",
      "priceChangeCode": "H"
    },
    "isAvailable": true,
    "isPriceAvailable": true,
    "inPromo": false,
    "gtin": [
      "04008239212313",
      "04008239681645",
      "04008239684851",
      "05400141642612"
    ],
    "topCategoryName": "Huisdieren",
    "topCategoryId": "670",
    "businessDomain": "NON_FOOD",
    "IsPrivateLabel": false,
    "IsBiffe": false,
    "IsWeightArticle": false,
    "RecentQuanityOfStockUnits": "1",
    "LongName": "VITAKRAFT Crackers cockt. parkiet 2x3st",
    "IsBio": false,
    "CountryOfOrigin": "DUITSLAND",
    "FicCode": "N",
    "OrderUnit": "P",
    "ShortName": "X2 CRACK PARK COCKT 3ST",
    "IsNew": false
  },
  {
    "productId": "1021534",
    "technicalArticleNumber": "4790438",
    "commercialArticleNumber": "31913",
    "name": "Kat kip-rund-eend-kalkoen",
    "description": "*Voor kat\n*Pouch\n*Met kip/rund/eend/kalkoen\n*24x85g",
    "brand": "SHELMA",
    "seoBrand": "Shelma",
    "thumbNail": "https://ecgproductmw.colruytgroup.com/ecgproductmw/noPicForArticle_2.jpg",
    "fullImage": "https://ecgproductmw.colruytgroup.com/ecgproductmw/noPicForArticle_5.jpg",
    "squareImage": "https://ecgproductmw.colruytgroup.com/ecgproductmw/noPicForArticle_5.jpg",
    "content": "24x85g",
    "price": {
      "basicPrice": 11.49,
      "recommendedQuantity": "1.0",
      "measurementUnitPrice": 0.479,
      "measurementUnit": "S",
      "isRedPrice": false,
      "pricePerUOM": 0.479,
      "activationDate": "30-01-2024",
      "isPromoActive": "N",
      "priceChangeCode": "E"
    },
    "isAvailable": true,
    "isPriceAvailable": true,
    "inPromo": false,
    "gtin": [
      "18595606407135",
      "08595606407138"
    ],
    "topCategoryName": "Huisdieren",
    "topCategoryId": "670",
    "businessDomain": "RETAIL_BE",
    "IsPrivateLabel": false,
    "IsBiffe": false,
    "WeightconversionFactor": "0",
    "IsWeightArticle": false,
    "IsBio": false,
    "CountryOfOrigin": "TSJECHIË (REPUBLIEK)",
    "IsExclusivelySoldInLuxembourg": false,
    "OrderUnit": "P",
    "ShortName": "SHEL KAT KI/RU/EE/KA24S",
    "IsNew": true,
    "RecentQuanityOfStockUnits": "1,2",
    "LongName": "SHELMA Kat kip-rund-eend-kalkoen 24x85g",
    "AlcoholVolume": "0",
    "FicCode": "N"
  },
  {
    "productId": "873459",
    "technicalArticleNumber": "4728349",
    "commercialArticleNumber": "30733",
    "name": "Adult Kip",
    "brand": "LILY'S KITCHEN",
    "seoBrand": "Lily's Kitchen",
    "thumbNail": "https://static.colruytgroup.com/images/200x200/std.lang.all/05/41/asset-3260541.jpg",
    "fullImage": "https://static.colruytgroup.com/images/500x500/std.lang.all/05/41/asset-3260541.jpg",
    "squareImage": "https://static.colruytgroup.com/images/500x500sq/std.lang.all/05/41/asset-3260541.jpg",
    "content": "800g",
    "walkRouteSequenceNumber": 2427,
    "price": {
      "basicPrice": 9.99,
      "recommendedQuantity": "1.0",
      "measurementUnitPrice": 12.49,
      "measurementUnit": "K",
      "isRedPrice": false,
      "pricePerUOM": 12.49,
      "activationDate": "01-12-2023",
      "recordSource": "Offline",
      "isPromoActive": "N",
      "priceChangeCode": "L"
    },
    "isAvailable": true,
    "isPriceAvailable": true,
    "inPromo": false,
    "gtin": [
      "05060184243384",
      "05060184243490"
    ],
    "topCategoryName": "Huisdieren",
    "topCategoryId": "670",
    "businessDomain": "RETAIL_BE",
    "IsPrivateLabel": false,
    "IsBiffe": false,
    "WeightconversionFactor": "0",
    "IsWeightArticle": false,
    "IsBio": false,
    "CountryOfOrigin": "VERENIGD KONINKRIJK",
    "IsExclusivelySoldInLuxembourg": false,
    "OrderUnit": "P",
    "ShortName": "LILY CAT DRY KIP 800G",
    "IsNew": false,
    "RecentQuanityOfStockUnits": "1",
    "LongName": "LILY'S KITCHEN Adult Kip 800g",
    "FicCode": "N"
  },
  {
    "productId": "872787",
    "technicalArticleNumber": "4727202",
    "commercialArticleNumber": "23460",
    "name": "HFC Natural Kalf Ham",
    "description": "*Natte voeding\n*Kalf",
    "brand": "ALMO NATURE",
    "seoBrand": "Almo Nature",
    "thumbNail": "https://static.colruytgroup.com/images/200x200/std.lang.all/23/98/asset-3252398.jpg",
    "fullImage": "https://static.colruytgroup.com/images/500x500/std.lang.all/23/98/asset-3252398.jpg",
    "squareImage": "https://static.colruytgroup.com/images/500x500sq/std.lang.all/23/98/asset-3252398.jpg",
    "content": "290g",
    "walkRouteSequenceNumber": 2748,
    "price": {
      "basicPrice": 3.49,
      "recommendedQuantity": "1.0",
      "measurementUnitPrice": 12.04,
      "measurementUnit": "K",
      "isRedPrice": false,
      "pricePerUOM": 12.04,
      "activationDate": "09-03-2024",
      "recordSource": "Online",
      "isPromoActive": "N",
      "priceChangeCode": "E"
    },
    "isAvailable": true,
    "isPriceAvailable": true,
    "inPromo": false,
    "gtin": [
      "08001154124354",
      "18001154124351"
    ],
    "topCategoryName": "Huisdieren",
    "topCategoryId": "670",
    "businessDomain": "RETAIL_BE",
    "IsPrivateLabel": false,
    "IsBiffe": false,
    "WeightconversionFactor": "0",
    "IsWeightArticle": false,
    "IsBio": false,
    "CountryOfOrigin": "ITALIË",
    "IsExclusivelySoldInLuxembourg": false,
    "OrderUnit": "P",
    "ShortName": "ALMO DOG KALF HAM 290G",
    "IsNew": false,
    "RecentQuanityOfStockUnits": "1,12",
    "LongName": "ALMO NATURE HFC Natural Kalf Ham 290g",
    "AlcoholVolume": "0",
    "FicCode": "N"
  },
  {
    "productId": "873557",
    "technicalArticleNumber": "4728455",
    "commercialArticleNumber": "32031",
    "name": "Tasty Cuts in Saus",
    "description": "*Tasty Cuts in Saus\n*8x85g",
    "brand": "LILY'S KITCHEN",
    "seoBrand": "Lily's Kitchen",
    "thumbNail": "https://static.colruytgroup.com/images/200x200/std.lang.all/12/86/asset-3251286.jpg",
    "fullImage": "https://static.colruytgroup.com/images/500x500/std.lang.all/12/86/asset-3251286.jpg",
    "squareImage": "https://static.colruytgroup.com/images/500x500sq/std.lang.all/12/86/asset-3251286.jpg",
    "content": "8x85g",
    "walkRouteSequenceNumber": 2401,
    "price": {
      "basicPrice": 9.99,
      "recommendedQuantity": "1.0",
      "measurementUnitPrice": 14.7,
      "measurementUnit": "K",
      "isRedPrice": false,
      "pricePerUOM": 14.7,
      "activationDate": "07-03-2024",
      "recordSource": "Offline",
      "isPromoActive": "N",
      "priceChangeCode": "H"
    },
    "isAvailable": true,
    "isPriceAvailable": true,
    "inPromo": false,
    "gtin": [
      "05056273603252",
      "05056273604266"
    ],
    "topCategoryName": "Huisdieren",
    "topCategoryId": "670",
    "businessDomain": "RETAIL_BE",
    "IsPrivateLabel": false,
    "IsBiffe": false,
    "WeightconversionFactor": "0",
    "IsWeightArticle": false,
    "IsBio": false,
    "CountryOfOrigin": "VERENIGD KONINKRIJK",
    "IsExclusivelySoldInLuxembourg": false,
    "OrderUnit": "P",
    "ShortName": "LILY CAT TASTY CUTS8X85",
    "IsNew": false,
    "RecentQuanityOfStockUnits": "1",
    "LongName": "LILY'S KITCHEN Tasty Cuts in Saus 8x85g",
    "FicCode": "N"
  },
  {
    "productId": "54865",
    "technicalArticleNumber": "2457833",
    "commercialArticleNumber": "819155",
    "name": "Premium Cavia mengeling",
    "description": "*Voor cavia",
    "brand": "YANA",
    "seoBrand": "Yana",
    "thumbNail": "https://static.colruytgroup.com/images/200x200/std.lang.all/39/54/asset-3003954.jpg",
    "fullImage": "https://static.colruytgroup.com/images/500x500/std.lang.all/39/54/asset-3003954.jpg",
    "squareImage": "https://static.colruytgroup.com/images/500x500sq/std.lang.all/39/54/asset-3003954.jpg",
    "content": "500g",
    "walkRouteSequenceNumber": 2494,
    "price": {
      "basicPrice": 2.89,
      "recommendedQuantity": "1.0",
      "measurementUnitPrice": 5.78,
      "measurementUnit": "K",
      "isRedPrice": false,
      "pricePerUOM": 5.78,
      "activationDate": "03-06-2023",
      "isPromoActive": "N",
      "priceChangeCode": "E"
    },
    "isAvailable": true,
    "isPriceAvailable": true,
    "inPromo": false,
    "gtin": [
      "05411468120493",
      "25411468120497",
      "15411468120490"
    ],
    "topCategoryName": "Huisdieren",
    "topCategoryId": "670",
    "businessDomain": "NON_FOOD",
    "IsPrivateLabel": false,
    "IsBiffe": false,
    "IsWeightArticle": false,
    "RecentQuanityOfStockUnits": "1",
    "LongName": "YANA Premium Cavia mengeling 500g",
    "IsBio": false,
    "CountryOfOrigin": "BELGIË",
    "FicCode": "N",
    "OrderUnit": "P",
    "ShortName": "YANA CAVIA 500G",
    "IsNew": false
  },
  {
    "productId": "54863",
    "technicalArticleNumber": "2457807",
    "commercialArticleNumber": "819152",
    "name": "Premium papegaai",
    "description": "*Voor vogel",
    "brand": "YANA",
    "seoBrand": "Yana",
    "thumbNail": "https://static.colruytgroup.com/images/200x200/std.lang.all/39/52/asset-3003952.jpg",
    "fullImage": "https://static.colruytgroup.com/images/500x500/std.lang.all/39/52/asset-3003952.jpg",
    "squareImage": "https://static.colruytgroup.com/images/500x500sq/std.lang.all/39/52/asset-3003952.jpg",
    "content": "700g",
    "walkRouteSequenceNumber": 2498,
    "price": {
      "basicPrice": 5.99,
      "recommendedQuantity": "1.0",
      "measurementUnitPrice": 8.56,
      "measurementUnit": "K",
      "isRedPrice": false,
      "pricePerUOM": 8.56,
      "activationDate": "03-06-2023",
      "isPromoActive": "N",
      "priceChangeCode": "E"
    },
    "isAvailable": true,
    "isPriceAvailable": true,
    "inPromo": false,
    "gtin": [
      "05411468120479",
      "25411468120473",
      "15411468120476"
    ],
    "topCategoryName": "Huisdieren",
    "topCategoryId": "670",
    "businessDomain": "NON_FOOD",
    "IsPrivateLabel": false,
    "IsBiffe": false,
    "IsWeightArticle": false,
    "RecentQuanityOfStockUnits": "1",
    "LongName": "YANA Premium papegaai 700g",
    "IsBio": false,
    "CountryOfOrigin": "BELGIË",
    "FicCode": "N",
    "OrderUnit": "P",
    "ShortName": "YANA PAPEGAAI 700GR",
    "IsNew": false
  },
  {
    "productId": "873651",
    "technicalArticleNumber": "4728170",
    "commercialArticleNumber": "30053",
    "name": "Organic Paté",
    "brand": "LILY'S KITCHEN",
    "seoBrand": "Lily's Kitchen",
    "thumbNail": "https://static.colruytgroup.com/images/200x200/std.lang.all/04/66/asset-3260466.jpg",
    "fullImage": "https://static.colruytgroup.com/images/500x500/std.lang.all/04/66/asset-3260466.jpg",
    "squareImage": "https://static.colruytgroup.com/images/500x500sq/std.lang.all/04/66/asset-3260466.jpg",
    "content": "8x85g",
    "walkRouteSequenceNumber": 2400,
    "price": {
      "basicPrice": 9.99,
      "recommendedQuantity": "1.0",
      "measurementUnitPrice": 14.7,
      "measurementUnit": "K",
      "isRedPrice": false,
      "pricePerUOM": 14.7,
      "activationDate": "09-03-2024",
      "recordSource": "Offline",
      "isPromoActive": "N",
      "priceChangeCode": "L"
    },
    "isAvailable": true,
    "isPriceAvailable": true,
    "inPromo": false,
    "gtin": [
      "05056273605645",
      "05056273605652"
    ],
    "topCategoryName": "Huisdieren",
    "topCategoryId": "670",
    "businessDomain": "RETAIL_BE",
    "IsPrivateLabel": false,
    "IsBiffe": false,
    "WeightconversionFactor": "0",
    "IsWeightArticle": false,
    "IsBio": true,
    "CountryOfOrigin": "DUITSLAND",
    "IsExclusivelySoldInLuxembourg": false,
    "OrderUnit": "P",
    "ShortName": "LILY CAT ORG.PATE 8X85G",
    "IsNew": false,
    "RecentQuanityOfStockUnits": "1",
    "LongName": "LILY'S KITCHEN Organic Paté 8x85g",
    "FicCode": "N"
  },
  {
    "productId": "6573",
    "technicalArticleNumber": "139298",
    "commercialArticleNumber": "139298",
    "name": "schildpadvoer",
    "description": "*Voor schildpad\n*Met gedroogde\ninsectenresten",
    "brand": "VITAKRAFT",
    "seoBrand": "Vitakraft",
    "thumbNail": "https://static.colruytgroup.com/images/200x200/std.lang.all/73/59/asset-1507359.jpg",
    "fullImage": "https://static.colruytgroup.com/images/500x500/std.lang.all/73/59/asset-1507359.jpg",
    "squareImage": "https://static.colruytgroup.com/images/500x500sq/std.lang.all/73/59/asset-1507359.jpg",
    "content": "250ml",
    "walkRouteSequenceNumber": 2506,
    "price": {
      "basicPrice": 3.79,
      "recommendedQuantity": "1.0",
      "measurementUnitPrice": 15.16,
      "measurementUnit": "L",
      "isRedPrice": false,
      "pricePerUOM": 15.16,
      "activationDate": "09-03-2024",
      "recordSource": "Offline",
      "isPromoActive": "N",
      "priceChangeCode": "H"
    },
    "isAvailable": true,
    "isPriceAvailable": true,
    "inPromo": false,
    "gtin": [
      "04008239250520",
      "04008239670038"
    ],
    "topCategoryName": "Huisdieren",
    "topCategoryId": "670",
    "businessDomain": "NON_FOOD",
    "IsPrivateLabel": false,
    "IsBiffe": false,
    "IsWeightArticle": false,
    "RecentQuanityOfStockUnits": "1",
    "LongName": "VITAKRAFT schildpadvoer 250ml",
    "IsBio": false,
    "CountryOfOrigin": "DUITSLAND",
    "FicCode": "N",
    "OrderUnit": "P",
    "ShortName": "SCHILDPADVOER 250 ML",
    "IsNew": false
  },
  {
    "productId": "9645",
    "technicalArticleNumber": "1150626",
    "commercialArticleNumber": "445466",
    "name": "crackers voor cavia's",
    "description": "*Voor cavia",
    "brand": "VITAKRAFT",
    "seoBrand": "Vitakraft",
    "thumbNail": "https://static.colruytgroup.com/images/200x200/std.lang.all/82/50/asset-2428250.jpg",
    "fullImage": "https://static.colruytgroup.com/images/500x500/std.lang.all/82/50/asset-2428250.jpg",
    "squareImage": "https://static.colruytgroup.com/images/500x500sq/std.lang.all/82/50/asset-2428250.jpg",
    "content": "3st",
    "walkRouteSequenceNumber": 2513,
    "price": {
      "basicPrice": 3.89,
      "recommendedQuantity": "1.0",
      "measurementUnitPrice": 1.3,
      "measurementUnit": "S",
      "isRedPrice": false,
      "pricePerUOM": 1.3,
      "activationDate": "09-03-2024",
      "recordSource": "Offline",
      "isPromoActive": "N",
      "priceChangeCode": "L"
    },
    "isAvailable": true,
    "isPriceAvailable": true,
    "inPromo": false,
    "gtin": [
      "04008239252265",
      "04008239651815"
    ],
    "topCategoryName": "Huisdieren",
    "topCategoryId": "670",
    "businessDomain": "NON_FOOD",
    "IsPrivateLabel": false,
    "IsBiffe": false,
    "IsWeightArticle": false,
    "RecentQuanityOfStockUnits": "1",
    "LongName": "VITAKRAFT crackers voor cavia's 3st",
    "IsBio": false,
    "CountryOfOrigin": "DUITSLAND",
    "FicCode": "N",
    "OrderUnit": "P",
    "ShortName": "VITA 3 CRACK.CAVIA COMB",
    "IsNew": false
  },
  {
    "productId": "4886",
    "technicalArticleNumber": "264268",
    "commercialArticleNumber": "264268",
    "name": "crackers met ei",
    "description": "*Voor vogel",
    "brand": "VITAKRAFT",
    "seoBrand": "Vitakraft",
    "thumbNail": "https://static.colruytgroup.com/images/200x200/std.lang.all/82/48/asset-2428248.jpg",
    "fullImage": "https://static.colruytgroup.com/images/500x500/std.lang.all/82/48/asset-2428248.jpg",
    "squareImage": "https://static.colruytgroup.com/images/500x500sq/std.lang.all/82/48/asset-2428248.jpg",
    "content": "2x2st",
    "walkRouteSequenceNumber": 2503,
    "price": {
      "basicPrice": 5.18,
      "recommendedQuantity": "1.0",
      "measurementUnitPrice": 1.3,
      "measurementUnit": "S",
      "isRedPrice": false,
      "pricePerUOM": 1.3,
      "activationDate": "23-02-2024",
      "recordSource": "Offline",
      "isPromoActive": "N",
      "priceChangeCode": "L"
    },
    "isAvailable": true,
    "isPriceAvailable": true,
    "inPromo": false,
    "gtin": [
      "04008239212658",
      "04008239681690",
      "05400141642681"
    ],
    "topCategoryName": "Huisdieren",
    "topCategoryId": "670",
    "businessDomain": "NON_FOOD",
    "IsPrivateLabel": false,
    "IsBiffe": false,
    "IsWeightArticle": false,
    "RecentQuanityOfStockUnits": "1",
    "LongName": "VITAKRAFT crackers met ei 2x2st",
    "IsBio": false,
    "CountryOfOrigin": "DUITSLAND",
    "FicCode": "N",
    "OrderUnit": "P",
    "ShortName": "X2 CRACK KAN EI 2ST",
    "IsNew": false
  },
  {
    "productId": "4890",
    "technicalArticleNumber": "264977",
    "commercialArticleNumber": "264977",
    "name": "Premium Vita flakes",
    "description": "*Voor vis",
    "brand": "VITAKRAFT",
    "seoBrand": "Vitakraft",
    "thumbNail": "https://static.colruytgroup.com/images/200x200/std.lang.all/71/95/asset-1507195.jpg",
    "fullImage": "https://static.colruytgroup.com/images/500x500/std.lang.all/71/95/asset-1507195.jpg",
    "squareImage": "https://static.colruytgroup.com/images/500x500sq/std.lang.all/71/95/asset-1507195.jpg",
    "content": "250ml",
    "walkRouteSequenceNumber": 2505,
    "price": {
      "basicPrice": 3.19,
      "recommendedQuantity": "1.0",
      "measurementUnitPrice": 12.76,
      "measurementUnit": "L",
      "isRedPrice": false,
      "pricePerUOM": 12.76,
      "activationDate": "04-01-2024",
      "recordSource": "Offline",
      "isPromoActive": "N",
      "priceChangeCode": "H"
    },
    "isAvailable": true,
    "isPriceAvailable": true,
    "inPromo": false,
    "gtin": [
      "04008239206596",
      "04008239221025",
      "04008239660299",
      "04008239660312"
    ],
    "topCategoryName": "Huisdieren",
    "topCategoryId": "670",
    "businessDomain": "NON_FOOD",
    "IsPrivateLabel": false,
    "IsBiffe": false,
    "IsWeightArticle": false,
    "RecentQuanityOfStockUnits": "1",
    "LongName": "VITAKRAFT Premium Vita flakes 250ml",
    "IsBio": false,
    "CountryOfOrigin": "DUITSLAND",
    "FicCode": "N",
    "OrderUnit": "P",
    "ShortName": "VITA PREM.COMPLET 250ML",
    "IsNew": false
  },
  {
    "productId": "873903",
    "technicalArticleNumber": "4728653",
    "commercialArticleNumber": "32033",
    "name": "Shredded Fillets",
    "description": "*Shredded Fillets",
    "brand": "LILY'S KITCHEN",
    "seoBrand": "Lily's Kitchen",
    "thumbNail": "https://static.colruytgroup.com/images/200x200/std.lang.all/05/48/asset-3260548.jpg",
    "fullImage": "https://static.colruytgroup.com/images/500x500/std.lang.all/05/48/asset-3260548.jpg",
    "squareImage": "https://static.colruytgroup.com/images/500x500sq/std.lang.all/05/48/asset-3260548.jpg",
    "content": "8x70g",
    "walkRouteSequenceNumber": 2402,
    "price": {
      "basicPrice": 9.99,
      "recommendedQuantity": "1.0",
      "measurementUnitPrice": 17.84,
      "measurementUnit": "K",
      "isRedPrice": false,
      "pricePerUOM": 17.84,
      "activationDate": "07-03-2024",
      "recordSource": "Offline",
      "isPromoActive": "N",
      "priceChangeCode": "H"
    },
    "isAvailable": true,
    "isPriceAvailable": true,
    "inPromo": false,
    "gtin": [
      "05056273602132",
      "05056273602897"
    ],
    "topCategoryName": "Huisdieren",
    "topCategoryId": "670",
    "businessDomain": "RETAIL_BE",
    "IsPrivateLabel": false,
    "IsBiffe": false,
    "WeightconversionFactor": "0",
    "IsWeightArticle": false,
    "IsBio": false,
    "CountryOfOrigin": "VERENIGD KONINKRIJK",
    "IsExclusivelySoldInLuxembourg": false,
    "OrderUnit": "P",
    "ShortName": "LILY CAT SHRED.FIL.8X70",
    "IsNew": false,
    "RecentQuanityOfStockUnits": "1",
    "LongName": "LILY'S KITCHEN Shredded Fillets 8x70g",
    "FicCode": "N"
  },
  {
    "productId": "873762",
    "technicalArticleNumber": "4728319",
    "commercialArticleNumber": "30708",
    "name": "Adult Kip Eend",
    "brand": "LILY'S KITCHEN",
    "seoBrand": "Lily's Kitchen",
    "thumbNail": "https://static.colruytgroup.com/images/200x200/std.lang.all/04/68/asset-3260468.jpg",
    "fullImage": "https://static.colruytgroup.com/images/500x500/std.lang.all/04/68/asset-3260468.jpg",
    "squareImage": "https://static.colruytgroup.com/images/500x500sq/std.lang.all/04/68/asset-3260468.jpg",
    "content": "1kg",
    "walkRouteSequenceNumber": 2727,
    "price": {
      "basicPrice": 9.99,
      "recommendedQuantity": "1.0",
      "measurementUnitPrice": 9.99,
      "measurementUnit": "K",
      "isRedPrice": false,
      "pricePerUOM": 9.99,
      "activationDate": "07-03-2024",
      "recordSource": "Offline",
      "isPromoActive": "N",
      "priceChangeCode": "H"
    },
    "isAvailable": true,
    "isPriceAvailable": true,
    "inPromo": false,
    "gtin": [
      "05060184240512",
      "05060184240529"
    ],
    "topCategoryName": "Huisdieren",
    "topCategoryId": "670",
    "businessDomain": "RETAIL_BE",
    "IsPrivateLabel": false,
    "IsBiffe": false,
    "WeightconversionFactor": "0",
    "IsWeightArticle": false,
    "IsBio": false,
    "CountryOfOrigin": "VERENIGD KONINKRIJK",
    "IsExclusivelySoldInLuxembourg": false,
    "OrderUnit": "P",
    "ShortName": "LILY DOG DRY KIP EEND1K",
    "IsNew": false,
    "RecentQuanityOfStockUnits": "1",
    "LongName": "LILY'S KITCHEN Adult Kip Eend 1kg",
    "FicCode": "N"
  },
  {
    "productId": "872821",
    "technicalArticleNumber": "4727238",
    "commercialArticleNumber": "23734",
    "name": "HFC Adult Ster. Kip",
    "description": "*Natte voeding\n*Kip",
    "brand": "ALMO NATURE",
    "seoBrand": "Almo Nature",
    "thumbNail": "https://static.colruytgroup.com/images/200x200/std.lang.all/19/74/asset-3251974.jpg",
    "fullImage": "https://static.colruytgroup.com/images/500x500/std.lang.all/19/74/asset-3251974.jpg",
    "squareImage": "https://static.colruytgroup.com/images/500x500sq/std.lang.all/19/74/asset-3251974.jpg",
    "content": "300g",
    "walkRouteSequenceNumber": 2374,
    "price": {
      "basicPrice": 5.4,
      "recommendedQuantity": "1.0",
      "measurementUnitPrice": 18,
      "measurementUnit": "K",
      "isRedPrice": false,
      "pricePerUOM": 18,
      "activationDate": "11-05-2023",
      "isPromoActive": "N",
      "priceChangeCode": "E"
    },
    "isAvailable": true,
    "isPriceAvailable": true,
    "inPromo": false,
    "gtin": [
      "18001154002949",
      "08001154002942"
    ],
    "topCategoryName": "Huisdieren",
    "topCategoryId": "670",
    "businessDomain": "RETAIL_BE",
    "IsPrivateLabel": false,
    "IsBiffe": false,
    "WeightconversionFactor": "0",
    "IsWeightArticle": false,
    "IsBio": false,
    "CountryOfOrigin": "ITALIË",
    "IsExclusivelySoldInLuxembourg": false,
    "OrderUnit": "P",
    "ShortName": "ALMO CAT DRY KIP 300G",
    "IsNew": false,
    "RecentQuanityOfStockUnits": "1",
    "LongName": "ALMO NATURE HFC Adult Ster. Kip 300g",
    "AlcoholVolume": "0",
    "FicCode": "N"
  },
  {
    "productId": "54864",
    "technicalArticleNumber": "2457823",
    "commercialArticleNumber": "819154",
    "name": "Premium hamster",
    "description": "*Voor hamster",
    "brand": "YANA",
    "seoBrand": "Yana",
    "thumbNail": "https://static.colruytgroup.com/images/200x200/std.lang.all/39/53/asset-3003953.jpg",
    "fullImage": "https://static.colruytgroup.com/images/500x500/std.lang.all/39/53/asset-3003953.jpg",
    "squareImage": "https://static.colruytgroup.com/images/500x500sq/std.lang.all/39/53/asset-3003953.jpg",
    "content": "800g",
    "walkRouteSequenceNumber": 2493,
    "price": {
      "basicPrice": 3.69,
      "recommendedQuantity": "1.0",
      "measurementUnitPrice": 4.62,
      "measurementUnit": "K",
      "isRedPrice": false,
      "pricePerUOM": 4.62,
      "activationDate": "03-06-2023",
      "isPromoActive": "N",
      "priceChangeCode": "E"
    },
    "isAvailable": true,
    "isPriceAvailable": true,
    "inPromo": false,
    "gtin": [
      "05411468114577",
      "25411468114571",
      "15411468114574"
    ],
    "topCategoryName": "Huisdieren",
    "topCategoryId": "670",
    "businessDomain": "NON_FOOD",
    "IsPrivateLabel": false,
    "IsBiffe": false,
    "IsWeightArticle": false,
    "RecentQuanityOfStockUnits": "1",
    "LongName": "YANA Premium hamster 800g",
    "IsBio": false,
    "CountryOfOrigin": "BELGIË",
    "FicCode": "N",
    "OrderUnit": "P",
    "ShortName": "YANA HAMSTER 800GR",
    "IsNew": false
  },
  {
    "productId": "873521",
    "technicalArticleNumber": "4728412",
    "commercialArticleNumber": "31537",
    "name": "Adult Lam",
    "brand": "LILY'S KITCHEN",
    "seoBrand": "Lily's Kitchen",
    "thumbNail": "https://static.colruytgroup.com/images/200x200/std.lang.all/00/37/asset-3240037.jpg",
    "fullImage": "https://static.colruytgroup.com/images/500x500/std.lang.all/00/37/asset-3240037.jpg",
    "squareImage": "https://static.colruytgroup.com/images/500x500sq/std.lang.all/00/37/asset-3240037.jpg",
    "content": "1kg",
    "walkRouteSequenceNumber": 2728,
    "price": {
      "basicPrice": 9.99,
      "recommendedQuantity": "1.0",
      "measurementUnitPrice": 9.99,
      "measurementUnit": "K",
      "isRedPrice": false,
      "pricePerUOM": 9.99,
      "activationDate": "07-03-2024",
      "recordSource": "Offline",
      "isPromoActive": "N",
      "priceChangeCode": "H"
    },
    "isAvailable": true,
    "isPriceAvailable": true,
    "inPromo": false,
    "gtin": [
      "05060184241144",
      "05060184241151"
    ],
    "topCategoryName": "Huisdieren",
    "topCategoryId": "670",
    "businessDomain": "RETAIL_BE",
    "IsPrivateLabel": false,
    "IsBiffe": false,
    "WeightconversionFactor": "0",
    "IsWeightArticle": false,
    "IsBio": false,
    "CountryOfOrigin": "VERENIGD KONINKRIJK",
    "IsExclusivelySoldInLuxembourg": false,
    "OrderUnit": "P",
    "ShortName": "LILY DOG DRY LAM 1KG",
    "IsNew": false,
    "RecentQuanityOfStockUnits": "1",
    "LongName": "LILY'S KITCHEN Adult Lam 1kg",
    "FicCode": "N"
  },
  {
    "productId": "872812",
    "technicalArticleNumber": "4727228",
    "commercialArticleNumber": "23628",
    "name": "HFC Adult Ster. Zalm",
    "description": "*Natte voeding\n*Zalm",
    "brand": "ALMO NATURE",
    "seoBrand": "Almo Nature",
    "thumbNail": "https://static.colruytgroup.com/images/200x200/std.lang.all/19/73/asset-3251973.jpg",
    "fullImage": "https://static.colruytgroup.com/images/500x500/std.lang.all/19/73/asset-3251973.jpg",
    "squareImage": "https://static.colruytgroup.com/images/500x500sq/std.lang.all/19/73/asset-3251973.jpg",
    "content": "300g",
    "walkRouteSequenceNumber": 2375,
    "price": {
      "basicPrice": 5.95,
      "recommendedQuantity": "1.0",
      "measurementUnitPrice": 19.84,
      "measurementUnit": "K",
      "isRedPrice": false,
      "pricePerUOM": 19.84,
      "activationDate": "26-07-2023",
      "isPromoActive": "N",
      "priceChangeCode": "E"
    },
    "isAvailable": true,
    "isPriceAvailable": true,
    "inPromo": false,
    "gtin": [
      "18001154002925",
      "08001154002928"
    ],
    "topCategoryName": "Huisdieren",
    "topCategoryId": "670",
    "businessDomain": "RETAIL_BE",
    "IsPrivateLabel": false,
    "IsBiffe": false,
    "WeightconversionFactor": "0",
    "IsWeightArticle": false,
    "IsBio": false,
    "CountryOfOrigin": "ITALIË",
    "IsExclusivelySoldInLuxembourg": false,
    "OrderUnit": "P",
    "ShortName": "ALMO CAT DRY ZALM 300G",
    "IsNew": false,
    "RecentQuanityOfStockUnits": "1",
    "LongName": "ALMO NATURE HFC Adult Ster. Zalm 300g",
    "AlcoholVolume": "0",
    "FicCode": "N"
  },
  {
    "productId": "873538",
    "technicalArticleNumber": "4728432",
    "commercialArticleNumber": "31795",
    "name": "Adult Zalm Witte Vis",
    "description": "*Zalm Witte Vis",
    "brand": "LILY'S KITCHEN",
    "seoBrand": "Lily's Kitchen",
    "thumbNail": "https://static.colruytgroup.com/images/200x200/std.lang.all/73/87/asset-3267387.jpg",
    "fullImage": "https://static.colruytgroup.com/images/500x500/std.lang.all/73/87/asset-3267387.jpg",
    "squareImage": "https://static.colruytgroup.com/images/500x500sq/std.lang.all/73/87/asset-3267387.jpg",
    "content": "800g",
    "walkRouteSequenceNumber": 2426,
    "price": {
      "basicPrice": 14.95,
      "recommendedQuantity": "1.0",
      "measurementUnitPrice": 18.69,
      "measurementUnit": "K",
      "isRedPrice": false,
      "pricePerUOM": 18.69,
      "activationDate": "07-03-2024",
      "recordSource": "Offline",
      "isPromoActive": "N",
      "priceChangeCode": "H"
    },
    "isAvailable": true,
    "isPriceAvailable": true,
    "inPromo": false,
    "gtin": [
      "05060184243360",
      "05060184243513"
    ],
    "topCategoryName": "Huisdieren",
    "topCategoryId": "670",
    "businessDomain": "RETAIL_BE",
    "IsPrivateLabel": false,
    "IsBiffe": false,
    "WeightconversionFactor": "0",
    "IsWeightArticle": false,
    "IsBio": false,
    "CountryOfOrigin": "DUITSLAND",
    "IsExclusivelySoldInLuxembourg": false,
    "OrderUnit": "P",
    "ShortName": "LILY CAT DRY ZA.VIS 800",
    "IsNew": false,
    "RecentQuanityOfStockUnits": "1",
    "LongName": "LILY'S KITCHEN Adult Zalm Witte Vis 800g",
    "FicCode": "N"
  },
  {
    "productId": "249084",
    "technicalArticleNumber": "3603233",
    "commercialArticleNumber": "133059",
    "name": "dispenser poepzakjes",
    "description": "*Voor hond",
    "brand": "YANA",
    "seoBrand": "Yana",
    "thumbNail": "https://static.colruytgroup.com/images/200x200/std.lang.all/50/52/asset-1135052.jpg",
    "fullImage": "https://static.colruytgroup.com/images/500x500/std.lang.all/50/52/asset-1135052.jpg",
    "squareImage": "https://static.colruytgroup.com/images/500x500sq/std.lang.all/50/52/asset-1135052.jpg",
    "content": "2x15st",
    "walkRouteSequenceNumber": 2586,
    "price": {
      "basicPrice": 3.09,
      "recommendedQuantity": "1.0",
      "measurementUnitPrice": 0.103,
      "measurementUnit": "S",
      "isRedPrice": false,
      "pricePerUOM": 0.103,
      "activationDate": "29-02-2024",
      "isPromoActive": "N",
      "priceChangeCode": "H"
    },
    "isAvailable": true,
    "isPriceAvailable": true,
    "inPromo": false,
    "gtin": [
      "35411468050029",
      "15411468050025",
      "05411468050028",
      "25411468050022"
    ],
    "topCategoryName": "Huisdieren",
    "topCategoryId": "670",
    "businessDomain": "NON_FOOD",
    "IsPrivateLabel": false,
    "IsBiffe": false,
    "IsWeightArticle": false,
    "RecentQuanityOfStockUnits": "1",
    "LongName": "YANA dispenser poepzakjes 2x15st",
    "IsBio": false,
    "CountryOfOrigin": "CHINA (VOLKSREBUPLIEK)",
    "FicCode": "N",
    "OrderUnit": "P",
    "ShortName": "YANA DISP.ZAKJES 2X15ST",
    "IsNew": false
  },
  {
    "productId": "873340",
    "technicalArticleNumber": "4727814",
    "commercialArticleNumber": "26477",
    "name": "Eend, Zalm & Wild",
    "description": "*Eend, zalm en wild",
    "brand": "LILY'S KITCHEN",
    "seoBrand": "Lily's Kitchen",
    "thumbNail": "https://static.colruytgroup.com/images/200x200/std.lang.all/04/64/asset-3260464.jpg",
    "fullImage": "https://static.colruytgroup.com/images/500x500/std.lang.all/04/64/asset-3260464.jpg",
    "squareImage": "https://static.colruytgroup.com/images/500x500sq/std.lang.all/04/64/asset-3260464.jpg",
    "content": "1kg",
    "walkRouteSequenceNumber": 2726,
    "price": {
      "basicPrice": 12.99,
      "recommendedQuantity": "1.0",
      "measurementUnitPrice": 12.99,
      "measurementUnit": "K",
      "isRedPrice": false,
      "pricePerUOM": 12.99,
      "activationDate": "07-03-2024",
      "recordSource": "Offline",
      "isPromoActive": "N",
      "priceChangeCode": "H"
    },
    "isAvailable": true,
    "isPriceAvailable": true,
    "inPromo": false,
    "gtin": [
      "05060184240499",
      "05060184240505"
    ],
    "topCategoryName": "Huisdieren",
    "topCategoryId": "670",
    "businessDomain": "RETAIL_BE",
    "IsPrivateLabel": false,
    "IsBiffe": false,
    "WeightconversionFactor": "0",
    "IsWeightArticle": false,
    "IsBio": false,
    "CountryOfOrigin": "VERENIGD KONINKRIJK",
    "IsExclusivelySoldInLuxembourg": false,
    "OrderUnit": "P",
    "ShortName": "LILY DOG DRY EE.ZA.WI.1",
    "IsNew": false,
    "RecentQuanityOfStockUnits": "1",
    "LongName": "LILY'S KITCHEN Eend, Zalm & Wild 1kg",
    "FicCode": "N"
  },
  {
    "productId": "297199",
    "technicalArticleNumber": "3724677",
    "commercialArticleNumber": "133295",
    "name": "zakjes kattenbak L",
    "brand": "YANA",
    "seoBrand": "Yana",
    "thumbNail": "https://static.colruytgroup.com/images/200x200/std.lang.all/25/59/asset-1302559.jpg",
    "fullImage": "https://static.colruytgroup.com/images/500x500/std.lang.all/25/59/asset-1302559.jpg",
    "squareImage": "https://static.colruytgroup.com/images/500x500sq/std.lang.all/25/59/asset-1302559.jpg",
    "content": "40st",
    "walkRouteSequenceNumber": 2589,
    "price": {
      "basicPrice": 8.69,
      "recommendedQuantity": "1.0",
      "measurementUnitPrice": 0.218,
      "measurementUnit": "S",
      "isRedPrice": false,
      "pricePerUOM": 0.218,
      "activationDate": "09-11-2022",
      "isPromoActive": "N",
      "priceChangeCode": "E"
    },
    "isAvailable": true,
    "isPriceAvailable": true,
    "inPromo": false,
    "gtin": [
      "05411468134155",
      "15411468134152"
    ],
    "topCategoryName": "Huisdieren",
    "topCategoryId": "670",
    "businessDomain": "NON_FOOD",
    "IsPrivateLabel": false,
    "IsBiffe": false,
    "IsWeightArticle": false,
    "RecentQuanityOfStockUnits": "1",
    "LongName": "YANA zakjes kattenbak L 40st",
    "IsBio": false,
    "CountryOfOrigin": "NEDERLAND",
    "FicCode": "N",
    "OrderUnit": "P",
    "ShortName": "ZAKJES KATTENBAK L 40ST",
    "IsNew": false
  },
  {
    "productId": "872760",
    "technicalArticleNumber": "4727173",
    "commercialArticleNumber": "23316",
    "name": "HFC Adult Kip XS-S",
    "description": "*Droge voeding\n*Kip",
    "brand": "ALMO NATURE",
    "seoBrand": "Almo Nature",
    "thumbNail": "https://static.colruytgroup.com/images/200x200/std.lang.all/19/71/asset-3251971.jpg",
    "fullImage": "https://static.colruytgroup.com/images/500x500/std.lang.all/19/71/asset-3251971.jpg",
    "squareImage": "https://static.colruytgroup.com/images/500x500sq/std.lang.all/19/71/asset-3251971.jpg",
    "content": "1,2kg",
    "walkRouteSequenceNumber": 2775,
    "price": {
      "basicPrice": 14.95,
      "recommendedQuantity": "1.0",
      "measurementUnitPrice": 12.46,
      "measurementUnit": "K",
      "isRedPrice": false,
      "pricePerUOM": 12.46,
      "activationDate": "26-07-2023",
      "isPromoActive": "N",
      "priceChangeCode": "E"
    },
    "isAvailable": true,
    "isPriceAvailable": true,
    "inPromo": false,
    "gtin": [
      "08001154002751",
      "08001154002744",
      "18001154002758"
    ],
    "topCategoryName": "Huisdieren",
    "topCategoryId": "670",
    "businessDomain": "RETAIL_BE",
    "IsPrivateLabel": false,
    "IsBiffe": false,
    "WeightconversionFactor": "0",
    "IsWeightArticle": false,
    "IsBio": false,
    "CountryOfOrigin": "ITALIË",
    "IsExclusivelySoldInLuxembourg": false,
    "OrderUnit": "P",
    "ShortName": "ALMO DOG DRY KIP 1.2KG",
    "IsNew": false,
    "RecentQuanityOfStockUnits": "1",
    "LongName": "ALMO NATURE HFC Adult Kip XS-S 1,2kg",
    "FicCode": "N"
  },
  {
    "productId": "861010",
    "technicalArticleNumber": "4711986",
    "commercialArticleNumber": "16445",
    "name": "Kip+ superfoods grainfree",
    "description": "*Voor honden\n*Kip\n*+Superfoods\n*Grain free",
    "brand": "BONI",
    "seoBrand": "Boni Selection",
    "thumbNail": "https://static.colruytgroup.com/images/200x200/std.lang.all/00/15/asset-3340015.jpg",
    "fullImage": "https://static.colruytgroup.com/images/500x500/std.lang.all/00/15/asset-3340015.jpg",
    "squareImage": "https://static.colruytgroup.com/images/500x500sq/std.lang.all/00/15/asset-3340015.jpg",
    "content": "5kg",
    "walkRouteSequenceNumber": 2766,
    "price": {
      "basicPrice": 24.99,
      "recommendedQuantity": "1.0",
      "measurementUnitPrice": 5,
      "measurementUnit": "K",
      "isRedPrice": false,
      "pricePerUOM": 5,
      "activationDate": "20-01-2024",
      "recordSource": "Online",
      "isPromoActive": "N",
      "priceChangeCode": "E"
    },
    "isAvailable": true,
    "isPriceAvailable": true,
    "inPromo": false,
    "gtin": [
      "05400141609349"
    ],
    "topCategoryName": "Huisdieren",
    "topCategoryId": "670",
    "businessDomain": "RETAIL_BE",
    "IsPrivateLabel": true,
    "IsBiffe": false,
    "WeightconversionFactor": "0",
    "IsWeightArticle": false,
    "IsBio": false,
    "CountryOfOrigin": "NEDERLAND",
    "IsExclusivelySoldInLuxembourg": false,
    "OrderUnit": "P",
    "ShortName": "BONI KIP+SUPERF.GF 5KG",
    "IsNew": false,
    "RecentQuanityOfStockUnits": "1",
    "LongName": "BONI Kip+ superfoods grainfree 5kg",
    "AlcoholVolume": "0",
    "FicCode": "N"
  },
  {
    "productId": "872854",
    "technicalArticleNumber": "4727271",
    "commercialArticleNumber": "24163",
    "name": "HFC Kitten Kip",
    "description": "*Droge voeding\n*Kip",
    "brand": "ALMO NATURE",
    "seoBrand": "Almo Nature",
    "thumbNail": "https://static.colruytgroup.com/images/200x200/std.lang.all/19/77/asset-3251977.jpg",
    "fullImage": "https://static.colruytgroup.com/images/500x500/std.lang.all/19/77/asset-3251977.jpg",
    "squareImage": "https://static.colruytgroup.com/images/500x500sq/std.lang.all/19/77/asset-3251977.jpg",
    "content": "300g",
    "walkRouteSequenceNumber": 2376,
    "price": {
      "basicPrice": 5.4,
      "recommendedQuantity": "1.0",
      "measurementUnitPrice": 18,
      "measurementUnit": "K",
      "isRedPrice": false,
      "pricePerUOM": 18,
      "activationDate": "11-05-2023",
      "isPromoActive": "N",
      "priceChangeCode": "E"
    },
    "isAvailable": true,
    "isPriceAvailable": true,
    "inPromo": false,
    "gtin": [
      "08001154002904",
      "18001154002901"
    ],
    "topCategoryName": "Huisdieren",
    "topCategoryId": "670",
    "businessDomain": "RETAIL_BE",
    "IsPrivateLabel": false,
    "IsBiffe": false,
    "WeightconversionFactor": "0",
    "IsWeightArticle": false,
    "IsBio": false,
    "CountryOfOrigin": "ITALIË",
    "IsExclusivelySoldInLuxembourg": false,
    "OrderUnit": "P",
    "ShortName": "ALMO KIT DRY KIP 300G",
    "IsNew": false,
    "RecentQuanityOfStockUnits": "1",
    "LongName": "ALMO NATURE HFC Kitten Kip 300g",
    "FicCode": "N"
  },
  {
    "productId": "873553",
    "technicalArticleNumber": "4728450",
    "commercialArticleNumber": "32029",
    "name": "Kitten Kip Vis",
    "description": "*Kitten Kip Vis",
    "brand": "LILY'S KITCHEN",
    "seoBrand": "Lily's Kitchen",
    "thumbNail": "https://static.colruytgroup.com/images/200x200/std.lang.all/16/57/asset-3251657.jpg",
    "fullImage": "https://static.colruytgroup.com/images/500x500/std.lang.all/16/57/asset-3251657.jpg",
    "squareImage": "https://static.colruytgroup.com/images/500x500sq/std.lang.all/16/57/asset-3251657.jpg",
    "content": "800g",
    "walkRouteSequenceNumber": 2373,
    "price": {
      "basicPrice": 14.99,
      "recommendedQuantity": "1.0",
      "measurementUnitPrice": 18.74,
      "measurementUnit": "K",
      "isRedPrice": false,
      "pricePerUOM": 18.74,
      "activationDate": "15-07-2023",
      "isPromoActive": "N",
      "priceChangeCode": "L"
    },
    "isAvailable": true,
    "isPriceAvailable": true,
    "inPromo": false,
    "gtin": [
      "05060184243421",
      "05060184243537"
    ],
    "topCategoryName": "Huisdieren",
    "topCategoryId": "670",
    "businessDomain": "RETAIL_BE",
    "IsPrivateLabel": false,
    "IsBiffe": false,
    "WeightconversionFactor": "0",
    "IsWeightArticle": false,
    "IsBio": false,
    "CountryOfOrigin": "VERENIGD KONINKRIJK",
    "IsExclusivelySoldInLuxembourg": false,
    "OrderUnit": "P",
    "ShortName": "LILY KITTEN KIP VIS 800",
    "IsNew": false,
    "RecentQuanityOfStockUnits": "1",
    "LongName": "LILY'S KITCHEN Kitten Kip Vis 800g",
    "FicCode": "N"
  },
  {
    "productId": "872850",
    "technicalArticleNumber": "4727267",
    "commercialArticleNumber": "24126",
    "name": "HFC Puppy Kip M-L",
    "description": "*Natte voeding\n*Kip",
    "brand": "ALMO NATURE",
    "seoBrand": "Almo Nature",
    "thumbNail": "https://static.colruytgroup.com/images/200x200/std.lang.all/19/76/asset-3251976.jpg",
    "fullImage": "https://static.colruytgroup.com/images/500x500/std.lang.all/19/76/asset-3251976.jpg",
    "squareImage": "https://static.colruytgroup.com/images/500x500sq/std.lang.all/19/76/asset-3251976.jpg",
    "content": "1,2kg",
    "walkRouteSequenceNumber": 2772,
    "price": {
      "basicPrice": 14.95,
      "recommendedQuantity": "1.0",
      "measurementUnitPrice": 12.46,
      "measurementUnit": "K",
      "isRedPrice": false,
      "pricePerUOM": 12.46,
      "activationDate": "11-05-2023",
      "isPromoActive": "N",
      "priceChangeCode": "E"
    },
    "isAvailable": true,
    "isPriceAvailable": true,
    "inPromo": false,
    "gtin": [
      "18001154003069",
      "08001154003062"
    ],
    "topCategoryName": "Huisdieren",
    "topCategoryId": "670",
    "businessDomain": "RETAIL_BE",
    "IsPrivateLabel": false,
    "IsBiffe": false,
    "WeightconversionFactor": "0",
    "IsWeightArticle": false,
    "IsBio": false,
    "CountryOfOrigin": "ITALIË",
    "IsExclusivelySoldInLuxembourg": false,
    "OrderUnit": "P",
    "ShortName": "ALMO PUP DRY KIP 1.2KG",
    "IsNew": false,
    "RecentQuanityOfStockUnits": "1",
    "LongName": "ALMO NATURE HFC Puppy Kip M-L 1,2kg",
    "FicCode": "N"
  },
  {
    "productId": "881910",
    "technicalArticleNumber": "4739393",
    "commercialArticleNumber": "5460",
    "name": "Puppy Kip Zalm",
    "description": "*Puppy Kip Zalm",
    "brand": "LILY'S KITCHEN",
    "seoBrand": "Lily's Kitchen",
    "thumbNail": "https://static.colruytgroup.com/images/200x200/std.lang.all/05/54/asset-3260554.jpg",
    "fullImage": "https://static.colruytgroup.com/images/500x500/std.lang.all/05/54/asset-3260554.jpg",
    "squareImage": "https://static.colruytgroup.com/images/500x500sq/std.lang.all/05/54/asset-3260554.jpg",
    "content": "1kg",
    "walkRouteSequenceNumber": 2725,
    "price": {
      "basicPrice": 12.99,
      "recommendedQuantity": "1.0",
      "measurementUnitPrice": 12.99,
      "measurementUnit": "K",
      "isRedPrice": false,
      "pricePerUOM": 12.99,
      "activationDate": "15-07-2023",
      "isPromoActive": "N",
      "priceChangeCode": "L"
    },
    "isAvailable": true,
    "isPriceAvailable": true,
    "inPromo": false,
    "gtin": [
      "05060184240895",
      "05060184240710"
    ],
    "topCategoryName": "Huisdieren",
    "topCategoryId": "670",
    "businessDomain": "RETAIL_BE",
    "IsPrivateLabel": false,
    "IsBiffe": false,
    "WeightconversionFactor": "0",
    "IsWeightArticle": false,
    "IsBio": false,
    "CountryOfOrigin": "DUITSLAND",
    "IsExclusivelySoldInLuxembourg": false,
    "OrderUnit": "P",
    "ShortName": "LILY PUPPY KIP ZALM 1KG",
    "IsNew": false,
    "RecentQuanityOfStockUnits": "1",
    "LongName": "LILY'S KITCHEN Puppy Kip Zalm 1kg",
    "FicCode": "N"
  },
  {
    "productId": "872766",
    "technicalArticleNumber": "4727179",
    "commercialArticleNumber": "23353",
    "name": "HFC Adult Vark M-L",
    "description": "*Droge voeding\n*Varken",
    "brand": "ALMO NATURE",
    "seoBrand": "Almo Nature",
    "thumbNail": "https://static.colruytgroup.com/images/200x200/std.lang.all/19/72/asset-3251972.jpg",
    "fullImage": "https://static.colruytgroup.com/images/500x500/std.lang.all/19/72/asset-3251972.jpg",
    "squareImage": "https://static.colruytgroup.com/images/500x500sq/std.lang.all/19/72/asset-3251972.jpg",
    "content": "1,2kg",
    "walkRouteSequenceNumber": 2774,
    "price": {
      "basicPrice": 14.95,
      "recommendedQuantity": "1.0",
      "measurementUnitPrice": 12.46,
      "measurementUnit": "K",
      "isRedPrice": false,
      "pricePerUOM": 12.46,
      "activationDate": "26-07-2023",
      "isPromoActive": "N",
      "priceChangeCode": "E"
    },
    "isAvailable": true,
    "isPriceAvailable": true,
    "inPromo": false,
    "gtin": [
      "08001154002805",
      "18001154002802"
    ],
    "topCategoryName": "Huisdieren",
    "topCategoryId": "670",
    "businessDomain": "RETAIL_BE",
    "IsPrivateLabel": false,
    "IsBiffe": false,
    "WeightconversionFactor": "0",
    "IsWeightArticle": false,
    "IsBio": false,
    "CountryOfOrigin": "ITALIË",
    "IsExclusivelySoldInLuxembourg": false,
    "OrderUnit": "P",
    "ShortName": "ALMO DOG DRY VARK 1.2KG",
    "IsNew": false,
    "RecentQuanityOfStockUnits": "1",
    "LongName": "ALMO NATURE HFC Adult Vark M-L 1,2kg",
    "FicCode": "N"
  },
  {
    "productId": "872754",
    "technicalArticleNumber": "4727167",
    "commercialArticleNumber": "23286",
    "name": "HFC Adult Zalm XS-S",
    "description": "*Droge voeding\n*Zalm",
    "brand": "ALMO NATURE",
    "seoBrand": "Almo Nature",
    "thumbNail": "https://static.colruytgroup.com/images/200x200/std.lang.all/19/70/asset-3251970.jpg",
    "fullImage": "https://static.colruytgroup.com/images/500x500/std.lang.all/19/70/asset-3251970.jpg",
    "squareImage": "https://static.colruytgroup.com/images/500x500sq/std.lang.all/19/70/asset-3251970.jpg",
    "content": "1,2kg",
    "walkRouteSequenceNumber": 2776,
    "price": {
      "basicPrice": 16.95,
      "recommendedQuantity": "1.0",
      "measurementUnitPrice": 14.13,
      "measurementUnit": "K",
      "isRedPrice": false,
      "pricePerUOM": 14.13,
      "activationDate": "14-02-2024",
      "isPromoActive": "N",
      "priceChangeCode": "E"
    },
    "isAvailable": true,
    "isPriceAvailable": true,
    "inPromo": false,
    "gtin": [
      "08001154002737",
      "18001154002734"
    ],
    "topCategoryName": "Huisdieren",
    "topCategoryId": "670",
    "businessDomain": "RETAIL_BE",
    "IsPrivateLabel": false,
    "IsBiffe": false,
    "WeightconversionFactor": "0",
    "IsWeightArticle": false,
    "IsBio": false,
    "CountryOfOrigin": "ITALIË",
    "IsExclusivelySoldInLuxembourg": false,
    "OrderUnit": "P",
    "ShortName": "ALMO DOG DRY ZALM 1.2KG",
    "IsNew": false,
    "RecentQuanityOfStockUnits": "1",
    "LongName": "ALMO NATURE HFC Adult Zalm XS-S 1,2kg",
    "FicCode": "N"
  },
  {
    "productId": "1021522",
    "technicalArticleNumber": "4790426",
    "commercialArticleNumber": "31802",
    "name": "Sterile kattenbrokken rund",
    "description": "*Voor kat\n*Brokken\n*Met rund",
    "brand": "SHELMA",
    "seoBrand": "Shelma",
    "thumbNail": "https://ecgproductmw.colruytgroup.com/ecgproductmw/noPicForArticle_2.jpg",
    "fullImage": "https://ecgproductmw.colruytgroup.com/ecgproductmw/noPicForArticle_5.jpg",
    "squareImage": "https://ecgproductmw.colruytgroup.com/ecgproductmw/noPicForArticle_5.jpg",
    "content": "8kg",
    "walkRouteSequenceNumber": 2455,
    "price": {
      "basicPrice": 39.99,
      "recommendedQuantity": "1.0",
      "measurementUnitPrice": 5,
      "measurementUnit": "K",
      "isRedPrice": false,
      "pricePerUOM": 5,
      "activationDate": "30-01-2024",
      "isPromoActive": "N",
      "priceChangeCode": "E"
    },
    "isAvailable": true,
    "isPriceAvailable": true,
    "inPromo": false,
    "gtin": [
      "08595606406773"
    ],
    "topCategoryName": "Huisdieren",
    "topCategoryId": "670",
    "businessDomain": "RETAIL_BE",
    "IsPrivateLabel": false,
    "IsBiffe": false,
    "WeightconversionFactor": "0",
    "IsWeightArticle": false,
    "IsBio": false,
    "CountryOfOrigin": "EUROPA",
    "IsExclusivelySoldInLuxembourg": false,
    "OrderUnit": "P",
    "ShortName": "SHEL KAT STERIL.RUND8KG",
    "IsNew": true,
    "RecentQuanityOfStockUnits": "1",
    "LongName": "SHELMA Sterile kattenbrokken rund 8kg",
    "FicCode": "N"
  },
  {
    "productId": "872846",
    "technicalArticleNumber": "4727263",
    "commercialArticleNumber": "23989",
    "name": "HFC Puppy Vis XS-S",
    "description": "*Natte voeding\n*Vis",
    "brand": "ALMO NATURE",
    "seoBrand": "Almo Nature",
    "thumbNail": "https://static.colruytgroup.com/images/200x200/std.lang.all/19/75/asset-3251975.jpg",
    "fullImage": "https://static.colruytgroup.com/images/500x500/std.lang.all/19/75/asset-3251975.jpg",
    "squareImage": "https://static.colruytgroup.com/images/500x500sq/std.lang.all/19/75/asset-3251975.jpg",
    "content": "1,2kg",
    "walkRouteSequenceNumber": 2773,
    "price": {
      "basicPrice": 18.5,
      "recommendedQuantity": "1.0",
      "measurementUnitPrice": 15.42,
      "measurementUnit": "K",
      "isRedPrice": false,
      "pricePerUOM": 15.42,
      "activationDate": "11-05-2023",
      "isPromoActive": "N",
      "priceChangeCode": "E"
    },
    "isAvailable": true,
    "isPriceAvailable": true,
    "inPromo": false,
    "gtin": [
      "08001154002720",
      "18001154002727"
    ],
    "topCategoryName": "Huisdieren",
    "topCategoryId": "670",
    "businessDomain": "RETAIL_BE",
    "IsPrivateLabel": false,
    "IsBiffe": false,
    "WeightconversionFactor": "0",
    "IsWeightArticle": false,
    "IsBio": false,
    "CountryOfOrigin": "ITALIË",
    "IsExclusivelySoldInLuxembourg": false,
    "OrderUnit": "P",
    "ShortName": "ALMO PUP DRY VIS 1.2KG",
    "IsNew": false,
    "RecentQuanityOfStockUnits": "1",
    "LongName": "ALMO NATURE HFC Puppy Vis XS-S 1,2kg",
    "FicCode": "N"
  },
  {
    "productId": "121214",
    "technicalArticleNumber": "3038837",
    "commercialArticleNumber": "133055",
    "name": "Premium exotisch vogelvoer",
    "description": "*Voor vogel",
    "brand": "YANA",
    "seoBrand": "Yana",
    "thumbNail": "https://static.colruytgroup.com/images/200x200/std.lang.all/09/89/asset-3000989.jpg",
    "fullImage": "https://static.colruytgroup.com/images/500x500/std.lang.all/09/89/asset-3000989.jpg",
    "squareImage": "https://static.colruytgroup.com/images/500x500sq/std.lang.all/09/89/asset-3000989.jpg",
    "content": "1kg",
    "walkRouteSequenceNumber": 2499,
    "price": {
      "basicPrice": 5.49,
      "recommendedQuantity": "1.0",
      "measurementUnitPrice": 5.49,
      "measurementUnit": "K",
      "isRedPrice": false,
      "pricePerUOM": 5.49,
      "activationDate": "14-11-2022",
      "isPromoActive": "N",
      "priceChangeCode": "E"
    },
    "isAvailable": true,
    "isPriceAvailable": true,
    "inPromo": false,
    "gtin": [
      "15411468114420",
      "05411468114423",
      "25411468114427"
    ],
    "topCategoryName": "Huisdieren",
    "topCategoryId": "670",
    "businessDomain": "NON_FOOD",
    "IsPrivateLabel": false,
    "IsBiffe": false,
    "IsWeightArticle": false,
    "RecentQuanityOfStockUnits": "1",
    "LongName": "YANA Premium exotisch vogelvoer 1kg",
    "IsBio": false,
    "CountryOfOrigin": "BELGIË",
    "FicCode": "N",
    "OrderUnit": "P",
    "ShortName": "YANA EXOTENMENGELING 1K",
    "IsNew": false
  }
]