[
  {
    "productId": "1541",
    "technicalArticleNumber": "21797",
    "commercialArticleNumber": "21797",
    "name": "Luikse wafels",
    "description": "*Individueel verpakt",
    "brand": "EVERYDAY",
    "seoBrand": "Everyday",
    "thumbNail": "https://static.colruytgroup.com/images/200x200/std.lang.all/07/03/asset-2080703.jpg",
    "fullImage": "https://static.colruytgroup.com/images/500x500/std.lang.all/07/03/asset-2080703.jpg",
    "squareImage": "https://static.colruytgroup.com/images/500x500sq/std.lang.all/07/03/asset-2080703.jpg",
    "content": "10x55g",
    "walkRouteSequenceNumber": 2033,
    "price": {
      "basicPrice": 1.29,
      "recommendedQuantity": "1.0",
      "measurementUnitPrice": 2.35,
      "measurementUnit": "K",
      "isRedPrice": false,
      "pricePerUOM": 2.35,
      "activationDate": "14-11-2023",
      "recordSource": "Offline",
      "isPromoActive": "N",
      "priceChangeCode": "E"
    },
    "isAvailable": true,
    "isPriceAvailable": true,
    "inPromo": false,
    "gtin": [
      "05400141051407",
      "05400141191912",
      "05400141281880",
      "15400141281887",
      "15400141915379"
    ],
    "topCategoryName": "Koeken/Chocolade/Snoep",
    "topCategoryId": "335",
    "businessDomain": "RETAIL_BE",
    "IsPrivateLabel": true,
    "IsBiffe": false,
    "WeightconversionFactor": "0",
    "IsWeightArticle": false,
    "nutriscoreLabel": "E",
    "IsBio": false,
    "CountryOfOrigin": "BELGIË",
    "IsExclusivelySoldInLuxembourg": false,
    "OrderUnit": "P",
    "ShortName": "EVD 10 LUIKSE WAFELS550",
    "IsNew": false,
    "EcoscoreLabel": "C",
    "RecentQuanityOfStockUnits": "16,1",
    "LongName": "EVERYDAY Luikse wafels 10x55g",
    "AlcoholVolume": "0",
    "FicCode": "I",
    "EcoscoreValue": "56"
  },
  {
    "productId": "83704",
    "technicalArticleNumber": "2974401",
    "commercialArticleNumber": "1254",
    "name": "Cookies chocolade",
    "brand": "BONI",
    "seoBrand": "Boni Selection",
    "thumbNail": "https://static.colruytgroup.com/images/200x200/std.lang.all/29/19/asset-2762919.jpg",
    "fullImage": "https://static.colruytgroup.com/images/500x500/std.lang.all/29/19/asset-2762919.jpg",
    "squareImage": "https://static.colruytgroup.com/images/500x500sq/std.lang.all/29/19/asset-2762919.jpg",
    "content": "225g",
    "walkRouteSequenceNumber": 2155,
    "price": {
      "basicPrice": 0.89,
      "recommendedQuantity": "1.0",
      "measurementUnitPrice": 3.96,
      "measurementUnit": "K",
      "isRedPrice": false,
      "pricePerUOM": 3.96,
      "activationDate": "15-11-2023",
      "recordSource": "Offline",
      "isPromoActive": "N",
      "priceChangeCode": "E"
    },
    "isAvailable": true,
    "isPriceAvailable": true,
    "inPromo": false,
    "gtin": [
      "05400141603774",
      "15400141603771",
      "15400141718604",
      "15400141307037",
      "05400141718607",
      "05400141307030",
      "05400141229868",
      "05400141138719",
      "05400141056013",
      "05400141052718"
    ],
    "topCategoryName": "Koeken/Chocolade/Snoep",
    "topCategoryId": "335",
    "businessDomain": "RETAIL_BE",
    "IsPrivateLabel": true,
    "IsBiffe": false,
    "WeightconversionFactor": "0",
    "IsWeightArticle": false,
    "nutriscoreLabel": "E",
    "IsBio": false,
    "CountryOfOrigin": "DUITSLAND",
    "IsExclusivelySoldInLuxembourg": false,
    "OrderUnit": "P",
    "ShortName": "BONI COOKIES 225G",
    "IsNew": false,
    "EcoscoreLabel": "C",
    "RecentQuanityOfStockUnits": "24,1",
    "LongName": "BONI Cookies chocolade 225g",
    "AlcoholVolume": "0",
    "FicCode": "I",
    "EcoscoreValue": "55"
  },
  {
    "productId": "30329",
    "technicalArticleNumber": "1853115",
    "commercialArticleNumber": "21804",
    "name": "Luikse wafels cacao",
    "description": "*Individueel verpakt",
    "brand": "EVERYDAY",
    "seoBrand": "Everyday",
    "thumbNail": "https://static.colruytgroup.com/images/200x200/std.lang.all/80/94/asset-1238094.jpg",
    "fullImage": "https://static.colruytgroup.com/images/500x500/std.lang.all/80/94/asset-1238094.jpg",
    "squareImage": "https://static.colruytgroup.com/images/500x500sq/std.lang.all/80/94/asset-1238094.jpg",
    "content": "10x60g",
    "walkRouteSequenceNumber": 2024,
    "price": {
      "basicPrice": 2.01,
      "recommendedQuantity": "1.0",
      "measurementUnitPrice": 3.35,
      "measurementUnit": "K",
      "isRedPrice": false,
      "pricePerUOM": 3.35,
      "activationDate": "28-11-2023",
      "recordSource": "Offline",
      "isPromoActive": "N",
      "priceChangeCode": "H"
    },
    "isAvailable": true,
    "isPriceAvailable": true,
    "inPromo": false,
    "gtin": [
      "15400141281900",
      "05400141192148",
      "05400141051476",
      "15400141051473",
      "05400141281903",
      "05400141056914"
    ],
    "topCategoryName": "Koeken/Chocolade/Snoep",
    "topCategoryId": "335",
    "businessDomain": "RETAIL_BE",
    "IsPrivateLabel": true,
    "IsBiffe": false,
    "WeightconversionFactor": "0",
    "IsWeightArticle": false,
    "nutriscoreLabel": "E",
    "IsBio": false,
    "CountryOfOrigin": "BELGIË",
    "IsExclusivelySoldInLuxembourg": false,
    "OrderUnit": "P",
    "ShortName": "EVD 10 CHOCOLUIKSEWAFEL",
    "IsNew": false,
    "EcoscoreLabel": "A",
    "RecentQuanityOfStockUnits": "16,1",
    "LongName": "EVERYDAY Luikse wafels cacao 10x60g",
    "AlcoholVolume": "0",
    "FicCode": "I",
    "EcoscoreValue": "87"
  },
  {
    "productId": "29642",
    "technicalArticleNumber": "1915017",
    "commercialArticleNumber": "21751",
    "name": "Brownies mini",
    "description": "*Individueel verpakt",
    "brand": "BONI",
    "seoBrand": "Boni Selection",
    "thumbNail": "https://static.colruytgroup.com/images/200x200/std.lang.all/91/58/asset-2549158.jpg",
    "fullImage": "https://static.colruytgroup.com/images/500x500/std.lang.all/91/58/asset-2549158.jpg",
    "squareImage": "https://static.colruytgroup.com/images/500x500sq/std.lang.all/91/58/asset-2549158.jpg",
    "content": "9x30g",
    "walkRouteSequenceNumber": 2117,
    "price": {
      "basicPrice": 1.34,
      "recommendedQuantity": "1.0",
      "measurementUnitPrice": 4.97,
      "measurementUnit": "K",
      "isRedPrice": false,
      "pricePerUOM": 4.97,
      "activationDate": "20-03-2024",
      "recordSource": "Folder",
      "isPromoActive": "N",
      "priceChangeCode": "L"
    },
    "isAvailable": true,
    "isPriceAvailable": true,
    "inPromo": false,
    "gtin": [
      "15400141624509",
      "05400141624502",
      "05400141996432",
      "15400141996439",
      "15400141306733",
      "05400141306736",
      "05400141217513",
      "05400141191585"
    ],
    "topCategoryName": "Koeken/Chocolade/Snoep",
    "topCategoryId": "335",
    "businessDomain": "RETAIL_BE",
    "IsPrivateLabel": true,
    "IsBiffe": false,
    "WeightconversionFactor": "0",
    "IsWeightArticle": false,
    "nutriscoreLabel": "E",
    "IsBio": false,
    "CountryOfOrigin": "BELGIË",
    "IsExclusivelySoldInLuxembourg": false,
    "OrderUnit": "P",
    "ShortName": "BONI BROWN.ST.CH9X30G",
    "IsNew": false,
    "EcoscoreLabel": "C",
    "RecentQuanityOfStockUnits": "20,1",
    "LongName": "BONI Brownies mini 9x30g",
    "AlcoholVolume": "0",
    "FicCode": "I",
    "EcoscoreValue": "40"
  },
  {
    "productId": "114766",
    "technicalArticleNumber": "3037133",
    "commercialArticleNumber": "1545",
    "name": "chocolade puur",
    "description": "*Met 49,5% cacao",
    "brand": "EVERYDAY",
    "seoBrand": "Everyday",
    "thumbNail": "https://static.colruytgroup.com/images/200x200/std.lang.all/80/53/asset-2518053.jpg",
    "fullImage": "https://static.colruytgroup.com/images/500x500/std.lang.all/80/53/asset-2518053.jpg",
    "squareImage": "https://static.colruytgroup.com/images/500x500sq/std.lang.all/80/53/asset-2518053.jpg",
    "content": "200g",
    "walkRouteSequenceNumber": 1386,
    "price": {
      "basicPrice": 0.78,
      "recommendedQuantity": "1.0",
      "measurementUnitPrice": 3.9,
      "measurementUnit": "K",
      "isRedPrice": false,
      "pricePerUOM": 3.9,
      "activationDate": "15-03-2024",
      "recordSource": "Offline",
      "isPromoActive": "N",
      "priceChangeCode": "H"
    },
    "isAvailable": true,
    "isPriceAvailable": true,
    "inPromo": false,
    "gtin": [
      "15400141051855",
      "05400141051858",
      "05400141407778"
    ],
    "topCategoryName": "Koeken/Chocolade/Snoep",
    "topCategoryId": "335",
    "businessDomain": "RETAIL_BE",
    "IsPrivateLabel": true,
    "IsBiffe": false,
    "WeightconversionFactor": "0",
    "IsWeightArticle": false,
    "nutriscoreLabel": "E",
    "IsBio": false,
    "CountryOfOrigin": "FRANKRIJK",
    "IsExclusivelySoldInLuxembourg": false,
    "OrderUnit": "P",
    "ShortName": "EVD FOND.CHOC 200G",
    "IsNew": false,
    "EcoscoreLabel": "D",
    "RecentQuanityOfStockUnits": "1,36",
    "LongName": "EVERYDAY chocolade puur 200g",
    "AlcoholVolume": "0",
    "FicCode": "I",
    "EcoscoreValue": "39"
  },
  {
    "productId": "319498",
    "technicalArticleNumber": "3777618",
    "commercialArticleNumber": "51173",
    "name": "vanille choco wafel",
    "brand": "BONI",
    "seoBrand": "Boni Selection",
    "thumbNail": "https://static.colruytgroup.com/images/200x200/std.lang.all/25/49/asset-3452549.jpg",
    "fullImage": "https://static.colruytgroup.com/images/500x500/std.lang.all/25/49/asset-3452549.jpg",
    "squareImage": "https://static.colruytgroup.com/images/500x500sq/std.lang.all/25/49/asset-3452549.jpg",
    "content": "450g",
    "walkRouteSequenceNumber": 1805,
    "price": {
      "basicPrice": 1.79,
      "recommendedQuantity": "1.0",
      "measurementUnitPrice": 3.98,
      "measurementUnit": "K",
      "isRedPrice": false,
      "pricePerUOM": 3.98,
      "activationDate": "15-03-2024",
      "recordSource": "Offline",
      "isPromoActive": "N",
      "priceChangeCode": "H"
    },
    "isAvailable": true,
    "isPriceAvailable": true,
    "inPromo": false,
    "gtin": [
      "15400141311683",
      "05400141311686",
      "05400141190786"
    ],
    "topCategoryName": "Koeken/Chocolade/Snoep",
    "topCategoryId": "335",
    "businessDomain": "RETAIL_BE",
    "IsPrivateLabel": true,
    "IsBiffe": false,
    "WeightconversionFactor": "0",
    "IsWeightArticle": false,
    "nutriscoreLabel": "E",
    "IsBio": false,
    "CountryOfOrigin": "BELGIË",
    "IsExclusivelySoldInLuxembourg": false,
    "OrderUnit": "P",
    "ShortName": "BONI VAN.CHOC.WAFEL 450",
    "IsNew": false,
    "EcoscoreLabel": "C",
    "RecentQuanityOfStockUnits": "1,16",
    "LongName": "BONI vanille choco wafel 450g",
    "AlcoholVolume": "0",
    "FicCode": "I",
    "EcoscoreValue": "52"
  },
  {
    "productId": "1608",
    "technicalArticleNumber": "20852",
    "commercialArticleNumber": "20852",
    "name": "paaseieren melkchoc.",
    "brand": "SUPERCHOC",
    "seoBrand": "Super Choc",
    "thumbNail": "https://static.colruytgroup.com/images/200x200/nl_be/66/83/asset-846683.jpg",
    "fullImage": "https://static.colruytgroup.com/images/500x500/nl_be/66/83/asset-846683.jpg",
    "squareImage": "https://static.colruytgroup.com/images/500x500sq/nl_be/66/83/asset-846683.jpg",
    "content": "250g",
    "walkRouteSequenceNumber": 3380,
    "price": {
      "basicPrice": 1.59,
      "recommendedQuantity": "1.0",
      "measurementUnitPrice": 6.36,
      "measurementUnit": "K",
      "isRedPrice": false,
      "pricePerUOM": 6.36,
      "activationDate": "15-03-2024",
      "recordSource": "Offline",
      "isPromoActive": "N",
      "priceChangeCode": "L"
    },
    "isAvailable": true,
    "isPriceAvailable": true,
    "inPromo": false,
    "gtin": [
      "05411901059014",
      "05411901913040"
    ],
    "topCategoryName": "Koeken/Chocolade/Snoep",
    "topCategoryId": "335",
    "businessDomain": "RETAIL_BE",
    "IsPrivateLabel": false,
    "IsBiffe": false,
    "WeightconversionFactor": "0",
    "IsWeightArticle": false,
    "nutriscoreLabel": "E",
    "IsBio": false,
    "CountryOfOrigin": "BELGIË",
    "IsExclusivelySoldInLuxembourg": false,
    "OrderUnit": "P",
    "ShortName": "ZAK PAASEI MELK 250 GR.",
    "InSeason": true,
    "IsNew": false,
    "EcoscoreLabel": "C",
    "RecentQuanityOfStockUnits": "24,1",
    "LongName": "SUPERCHOC paaseieren melkchoc. 250g",
    "AlcoholVolume": "0",
    "StartSeasonDate": "25/10/2023",
    "FicCode": "E",
    "EcoscoreValue": "49"
  },
  {
    "productId": "416093",
    "technicalArticleNumber": "3936227",
    "commercialArticleNumber": "1185",
    "name": "Frangipane 8st",
    "brand": "LOTUS",
    "seoBrand": "Lotus",
    "thumbNail": "https://static.colruytgroup.com/images/200x200/std.lang.all/64/08/asset-2076408.jpg",
    "fullImage": "https://static.colruytgroup.com/images/500x500/std.lang.all/64/08/asset-2076408.jpg",
    "squareImage": "https://static.colruytgroup.com/images/500x500sq/std.lang.all/64/08/asset-2076408.jpg",
    "content": "8x52g",
    "walkRouteSequenceNumber": 2061,
    "price": {
      "basicPrice": 2.69,
      "recommendedQuantity": "1.0",
      "measurementUnitPrice": 6.47,
      "measurementUnit": "K",
      "isRedPrice": false,
      "pricePerUOM": 6.47,
      "activationDate": "20-02-2024",
      "recordSource": "Offline",
      "isPromoActive": "N",
      "priceChangeCode": "E"
    },
    "isAvailable": true,
    "isPriceAvailable": true,
    "inPromo": false,
    "gtin": [
      "15400141012719",
      "05410126370928",
      "15410126360926"
    ],
    "topCategoryName": "Koeken/Chocolade/Snoep",
    "topCategoryId": "335",
    "businessDomain": "RETAIL_BE",
    "IsPrivateLabel": false,
    "IsBiffe": false,
    "WeightconversionFactor": "0",
    "IsWeightArticle": false,
    "nutriscoreLabel": "E",
    "IsBio": false,
    "CountryOfOrigin": "BELGIË",
    "IsExclusivelySoldInLuxembourg": false,
    "OrderUnit": "P",
    "ShortName": "LOTU FRANGIPANE8X52",
    "IsNew": false,
    "RecentQuanityOfStockUnits": "16,1",
    "LongName": "LOTUS Frangipane 8st 8x52g",
    "AlcoholVolume": "0",
    "FicCode": "E"
  },
  {
    "productId": "62637",
    "technicalArticleNumber": "2763018",
    "commercialArticleNumber": "43463",
    "name": "vanillewafels cacao",
    "description": "*Individueel verpakt",
    "brand": "EVERYDAY",
    "seoBrand": "Everyday",
    "thumbNail": "https://static.colruytgroup.com/images/200x200/std.lang.all/35/95/asset-1203595.jpg",
    "fullImage": "https://static.colruytgroup.com/images/500x500/std.lang.all/35/95/asset-1203595.jpg",
    "squareImage": "https://static.colruytgroup.com/images/500x500sq/std.lang.all/35/95/asset-1203595.jpg",
    "content": "355g",
    "walkRouteSequenceNumber": 1853,
    "price": {
      "basicPrice": 1.4,
      "recommendedQuantity": "1.0",
      "measurementUnitPrice": 3.95,
      "measurementUnit": "K",
      "isRedPrice": false,
      "pricePerUOM": 3.95,
      "activationDate": "01-03-2024",
      "recordSource": "Offline",
      "isPromoActive": "N",
      "priceChangeCode": "H"
    },
    "isAvailable": true,
    "isPriceAvailable": true,
    "inPromo": false,
    "gtin": [
      "05400141056921",
      "05400141049282",
      "15400141056928",
      "05400141914498"
    ],
    "topCategoryName": "Koeken/Chocolade/Snoep",
    "topCategoryId": "335",
    "businessDomain": "RETAIL_BE",
    "IsPrivateLabel": true,
    "IsBiffe": false,
    "WeightconversionFactor": "0",
    "IsWeightArticle": false,
    "nutriscoreLabel": "E",
    "IsBio": false,
    "CountryOfOrigin": "BELGIË",
    "IsExclusivelySoldInLuxembourg": false,
    "OrderUnit": "P",
    "ShortName": "EVD VAN.CH.WAFEL8ST355G",
    "IsNew": false,
    "EcoscoreLabel": "C",
    "RecentQuanityOfStockUnits": "20,1",
    "LongName": "EVERYDAY vanillewafels cacao 355g",
    "AlcoholVolume": "0",
    "FicCode": "I",
    "EcoscoreValue": "52"
  },
  {
    "productId": "1546",
    "technicalArticleNumber": "21854",
    "commercialArticleNumber": "21854",
    "name": "eierwafels",
    "brand": "EVERYDAY",
    "seoBrand": "Everyday",
    "thumbNail": "https://static.colruytgroup.com/images/200x200/std.lang.all/85/84/asset-2128584.jpg",
    "fullImage": "https://static.colruytgroup.com/images/500x500/std.lang.all/85/84/asset-2128584.jpg",
    "squareImage": "https://static.colruytgroup.com/images/500x500sq/std.lang.all/85/84/asset-2128584.jpg",
    "content": "12x21g",
    "walkRouteSequenceNumber": 1852,
    "price": {
      "basicPrice": 1.29,
      "recommendedQuantity": "1.0",
      "measurementUnitPrice": 5.16,
      "measurementUnit": "K",
      "isRedPrice": false,
      "pricePerUOM": 5.16,
      "activationDate": "13-03-2024",
      "recordSource": "Offline",
      "isPromoActive": "N",
      "priceChangeCode": "H"
    },
    "isAvailable": true,
    "isPriceAvailable": true,
    "inPromo": false,
    "gtin": [
      "05400141541434",
      "15400141541431",
      "00000025218541",
      "05400141051797",
      "05400141218596",
      "05400141298369",
      "05400141380491",
      "15400141915508"
    ],
    "topCategoryName": "Koeken/Chocolade/Snoep",
    "topCategoryId": "335",
    "businessDomain": "RETAIL_BE",
    "IsPrivateLabel": true,
    "IsBiffe": false,
    "WeightconversionFactor": "0",
    "IsWeightArticle": false,
    "nutriscoreLabel": "E",
    "IsBio": false,
    "CountryOfOrigin": "DUITSLAND",
    "IsExclusivelySoldInLuxembourg": false,
    "OrderUnit": "P",
    "ShortName": "EVD EIERWAFELS 12ST 250",
    "IsNew": false,
    "EcoscoreLabel": "C",
    "RecentQuanityOfStockUnits": "24,1",
    "LongName": "EVERYDAY eierwafels 12x21g",
    "AlcoholVolume": "0",
    "FicCode": "I",
    "EcoscoreValue": "56"
  },
  {
    "productId": "109948",
    "technicalArticleNumber": "3117904",
    "commercialArticleNumber": "43813",
    "name": "cake Madeleines 10st",
    "description": "*Individueel verpakt",
    "brand": "BONI",
    "seoBrand": "Boni Selection",
    "thumbNail": "https://static.colruytgroup.com/images/200x200/std.lang.all/25/46/asset-3452546.jpg",
    "fullImage": "https://static.colruytgroup.com/images/500x500/std.lang.all/25/46/asset-3452546.jpg",
    "squareImage": "https://static.colruytgroup.com/images/500x500sq/std.lang.all/25/46/asset-3452546.jpg",
    "content": "10x25g",
    "walkRouteSequenceNumber": 2028,
    "price": {
      "basicPrice": 1.43,
      "recommendedQuantity": "1.0",
      "measurementUnitPrice": 5.72,
      "measurementUnit": "K",
      "isRedPrice": false,
      "pricePerUOM": 5.72,
      "activationDate": "18-01-2024",
      "recordSource": "Offline",
      "isPromoActive": "N",
      "priceChangeCode": "E"
    },
    "isAvailable": true,
    "isPriceAvailable": true,
    "inPromo": false,
    "gtin": [
      "15400141880998",
      "15400141932697",
      "05400141138788",
      "05400141880991",
      "05400141083705"
    ],
    "topCategoryName": "Koeken/Chocolade/Snoep",
    "topCategoryId": "335",
    "businessDomain": "RETAIL_BE",
    "IsPrivateLabel": true,
    "IsBiffe": false,
    "WeightconversionFactor": "0",
    "IsWeightArticle": false,
    "nutriscoreLabel": "D",
    "IsBio": false,
    "CountryOfOrigin": "BELGIË",
    "IsExclusivelySoldInLuxembourg": false,
    "OrderUnit": "P",
    "ShortName": "BONI MADELEINE 250GR",
    "IsNew": false,
    "EcoscoreLabel": "C",
    "RecentQuanityOfStockUnits": "12,1",
    "LongName": "BONI cake Madeleines 10st 10x25g",
    "AlcoholVolume": "0",
    "FicCode": "I",
    "EcoscoreValue": "44"
  },
  {
    "productId": "119775",
    "technicalArticleNumber": "3001967",
    "commercialArticleNumber": "13529",
    "name": "koeken chocolade 4st",
    "description": "* Individueel verpakt",
    "brand": "DINOSAURUS",
    "seoBrand": "Lotus Dinosaurus",
    "thumbNail": "https://static.colruytgroup.com/images/200x200/nl_be/74/20/asset-3167420.jpg",
    "fullImage": "https://static.colruytgroup.com/images/500x500/nl_be/74/20/asset-3167420.jpg",
    "squareImage": "https://static.colruytgroup.com/images/500x500sq/nl_be/74/20/asset-3167420.jpg",
    "content": "225g",
    "walkRouteSequenceNumber": 2226,
    "price": {
      "basicPrice": 1.75,
      "recommendedQuantity": "3.0",
      "measurementUnitPrice": 7.78,
      "measurementUnit": "K",
      "isRedPrice": false,
      "pricePerUOM": 7.78,
      "activationDate": "13-11-2023",
      "recordSource": "Offline",
      "isPromoActive": "N",
      "priceChangeCode": "E"
    },
    "isAvailable": true,
    "isPriceAvailable": true,
    "inPromo": false,
    "gtin": [
      "15410126004707",
      "05410126004007",
      "05410126004700",
      "15410126004004"
    ],
    "topCategoryName": "Koeken/Chocolade/Snoep",
    "topCategoryId": "335",
    "businessDomain": "RETAIL_BE",
    "IsPrivateLabel": false,
    "IsBiffe": false,
    "WeightconversionFactor": "0",
    "IsWeightArticle": false,
    "nutriscoreLabel": "E",
    "IsBio": false,
    "CountryOfOrigin": "BELGIË",
    "IsExclusivelySoldInLuxembourg": false,
    "OrderUnit": "P",
    "ShortName": "LOTUS DINO CHOCOLA 225G",
    "IsNew": false,
    "RecentQuanityOfStockUnits": "1,24",
    "LongName": "DINOSAURUS koeken chocolade 4st 225g",
    "AlcoholVolume": "0",
    "FicCode": "E"
  },
  {
    "productId": "31482",
    "technicalArticleNumber": "1696667",
    "commercialArticleNumber": "32742",
    "name": "koeken Orangicake",
    "brand": "BONI",
    "seoBrand": "Boni Selection",
    "thumbNail": "https://static.colruytgroup.com/images/200x200/std.lang.all/29/13/asset-2762913.jpg",
    "fullImage": "https://static.colruytgroup.com/images/500x500/std.lang.all/29/13/asset-2762913.jpg",
    "squareImage": "https://static.colruytgroup.com/images/500x500sq/std.lang.all/29/13/asset-2762913.jpg",
    "content": "12x25g",
    "walkRouteSequenceNumber": 2157,
    "price": {
      "basicPrice": 1.25,
      "recommendedQuantity": "1.0",
      "measurementUnitPrice": 4.17,
      "measurementUnit": "K",
      "isRedPrice": false,
      "pricePerUOM": 4.17,
      "activationDate": "05-03-2024",
      "recordSource": "Offline",
      "isPromoActive": "N",
      "priceChangeCode": "H"
    },
    "isAvailable": true,
    "isPriceAvailable": true,
    "inPromo": false,
    "gtin": [
      "05400141602845",
      "15400141602842",
      "15400141055952",
      "05400141316100",
      "05400141055955"
    ],
    "topCategoryName": "Koeken/Chocolade/Snoep",
    "topCategoryId": "335",
    "businessDomain": "RETAIL_BE",
    "IsPrivateLabel": true,
    "IsBiffe": false,
    "WeightconversionFactor": "0",
    "IsWeightArticle": false,
    "nutriscoreLabel": "E",
    "IsBio": false,
    "CountryOfOrigin": "DUITSLAND",
    "IsExclusivelySoldInLuxembourg": false,
    "OrderUnit": "P",
    "ShortName": "BONI ORANGICAKE 300G",
    "IsNew": false,
    "EcoscoreLabel": "C",
    "RecentQuanityOfStockUnits": "1,24",
    "LongName": "BONI koeken Orangicake 12x25g",
    "AlcoholVolume": "0",
    "FicCode": "I",
    "EcoscoreValue": "59"
  },
  {
    "productId": "15060",
    "technicalArticleNumber": "1446174",
    "commercialArticleNumber": "22163",
    "name": "Frangipanes 3st",
    "brand": "EVERYDAY",
    "seoBrand": "Everyday",
    "thumbNail": "https://static.colruytgroup.com/images/200x200/std.lang.all/40/06/asset-2514006.jpg",
    "fullImage": "https://static.colruytgroup.com/images/500x500/std.lang.all/40/06/asset-2514006.jpg",
    "squareImage": "https://static.colruytgroup.com/images/500x500sq/std.lang.all/40/06/asset-2514006.jpg",
    "content": "200g",
    "walkRouteSequenceNumber": 2064,
    "price": {
      "basicPrice": 0.77,
      "recommendedQuantity": "3.0",
      "measurementUnitPrice": 3.85,
      "measurementUnit": "K",
      "isRedPrice": false,
      "pricePerUOM": 3.85,
      "activationDate": "24-02-2024",
      "recordSource": "Offline",
      "isPromoActive": "N",
      "priceChangeCode": "E"
    },
    "isAvailable": true,
    "isPriceAvailable": true,
    "inPromo": false,
    "gtin": [
      "05400141051834",
      "05400141192520",
      "05400141230161",
      "15400141230229",
      "05400141251630",
      "05400141230222",
      "05400141476040"
    ],
    "topCategoryName": "Koeken/Chocolade/Snoep",
    "topCategoryId": "335",
    "businessDomain": "RETAIL_BE",
    "IsPrivateLabel": true,
    "IsBiffe": false,
    "WeightconversionFactor": "0",
    "IsWeightArticle": false,
    "nutriscoreLabel": "E",
    "IsBio": false,
    "CountryOfOrigin": "BELGIË",
    "IsExclusivelySoldInLuxembourg": false,
    "OrderUnit": "P",
    "ShortName": "EVD 3 FRANGIPANES 200GR",
    "IsNew": false,
    "EcoscoreLabel": "D",
    "RecentQuanityOfStockUnits": "24,1",
    "LongName": "EVERYDAY Frangipanes 3st 200g",
    "AlcoholVolume": "0",
    "FicCode": "I",
    "EcoscoreValue": "31"
  },
  {
    "productId": "124845",
    "technicalArticleNumber": "3222643",
    "commercialArticleNumber": "4645",
    "name": "Frangipane Mini 12st",
    "description": "*Individueel verpakt",
    "brand": "BONI",
    "seoBrand": "Boni Selection",
    "thumbNail": "https://static.colruytgroup.com/images/200x200/std.lang.all/25/47/asset-3452547.jpg",
    "fullImage": "https://static.colruytgroup.com/images/500x500/std.lang.all/25/47/asset-3452547.jpg",
    "squareImage": "https://static.colruytgroup.com/images/500x500sq/std.lang.all/25/47/asset-3452547.jpg",
    "content": "12x40g",
    "walkRouteSequenceNumber": 2062,
    "price": {
      "basicPrice": 2.45,
      "recommendedQuantity": "1.0",
      "measurementUnitPrice": 5.11,
      "measurementUnit": "K",
      "isRedPrice": false,
      "pricePerUOM": 5.11,
      "activationDate": "05-03-2024",
      "isPromoActive": "N",
      "priceChangeCode": "L"
    },
    "isAvailable": true,
    "isPriceAvailable": true,
    "inPromo": false,
    "gtin": [
      "05400141307733",
      "05400141215434",
      "05400141190472",
      "15400141190479",
      "15400141897033",
      "15400141307730"
    ],
    "topCategoryName": "Koeken/Chocolade/Snoep",
    "topCategoryId": "335",
    "businessDomain": "RETAIL_BE",
    "IsPrivateLabel": true,
    "IsBiffe": false,
    "WeightconversionFactor": "0",
    "IsWeightArticle": false,
    "nutriscoreLabel": "E",
    "IsBio": false,
    "CountryOfOrigin": "BELGIË",
    "IsExclusivelySoldInLuxembourg": false,
    "OrderUnit": "P",
    "ShortName": "BONI MINIFRANGIPANE480G",
    "IsNew": false,
    "EcoscoreLabel": "D",
    "RecentQuanityOfStockUnits": "1,9",
    "LongName": "BONI Frangipane Mini 12st 12x40g",
    "AlcoholVolume": "0",
    "FicCode": "I",
    "EcoscoreValue": "31"
  },
  {
    "productId": "1637",
    "technicalArticleNumber": "21199",
    "commercialArticleNumber": "21199",
    "name": "Nic-Nac",
    "brand": "BONI",
    "seoBrand": "Boni Selection",
    "thumbNail": "https://static.colruytgroup.com/images/200x200/std.lang.all/30/50/asset-2763050.jpg",
    "fullImage": "https://static.colruytgroup.com/images/500x500/std.lang.all/30/50/asset-2763050.jpg",
    "squareImage": "https://static.colruytgroup.com/images/500x500sq/std.lang.all/30/50/asset-2763050.jpg",
    "content": "500g",
    "walkRouteSequenceNumber": 2345,
    "price": {
      "basicPrice": 0.89,
      "recommendedQuantity": "1.0",
      "measurementUnitPrice": 1.78,
      "measurementUnit": "K",
      "isRedPrice": false,
      "pricePerUOM": 1.78,
      "activationDate": "15-11-2023",
      "recordSource": "Offline",
      "isPromoActive": "N",
      "priceChangeCode": "E"
    },
    "isAvailable": true,
    "isPriceAvailable": true,
    "inPromo": false,
    "gtin": [
      "05400141193619",
      "05400141193329",
      "05400141211993",
      "05400141217445",
      "05400141310955",
      "15400141217442",
      "15400141310952",
      "15400141550594",
      "05400141550597"
    ],
    "topCategoryName": "Koeken/Chocolade/Snoep",
    "topCategoryId": "335",
    "businessDomain": "RETAIL_BE",
    "IsPrivateLabel": true,
    "IsBiffe": false,
    "WeightconversionFactor": "0",
    "IsWeightArticle": false,
    "nutriscoreLabel": "D",
    "IsBio": false,
    "CountryOfOrigin": "BELGIË",
    "IsExclusivelySoldInLuxembourg": false,
    "OrderUnit": "P",
    "ShortName": "BONI NICNAC 500 GR",
    "InSeason": true,
    "IsNew": false,
    "EcoscoreLabel": "C",
    "RecentQuanityOfStockUnits": "12,1",
    "LongName": "BONI Nic-Nac 500g",
    "StartSeasonDate": "30/08/2013",
    "FicCode": "I",
    "EcoscoreValue": "49"
  },
  {
    "productId": "119776",
    "technicalArticleNumber": "3001968",
    "commercialArticleNumber": "1306",
    "name": "koeken melkchocolade 4st",
    "description": "* Individueel verpakt",
    "brand": "DINOSAURUS",
    "seoBrand": "Lotus Dinosaurus",
    "thumbNail": "https://static.colruytgroup.com/images/200x200/nl_be/69/81/asset-3166981.jpg",
    "fullImage": "https://static.colruytgroup.com/images/500x500/nl_be/69/81/asset-3166981.jpg",
    "squareImage": "https://static.colruytgroup.com/images/500x500sq/nl_be/69/81/asset-3166981.jpg",
    "content": "225g",
    "walkRouteSequenceNumber": 2227,
    "price": {
      "basicPrice": 1.75,
      "recommendedQuantity": "3.0",
      "measurementUnitPrice": 7.78,
      "measurementUnit": "K",
      "isRedPrice": false,
      "pricePerUOM": 7.78,
      "activationDate": "02-01-2024",
      "recordSource": "Offline",
      "isPromoActive": "N",
      "priceChangeCode": "E"
    },
    "isAvailable": true,
    "isPriceAvailable": true,
    "inPromo": false,
    "gtin": [
      "05400141082203",
      "05410126004748",
      "15410126004745",
      "05410126004106",
      "15410126004103"
    ],
    "topCategoryName": "Koeken/Chocolade/Snoep",
    "topCategoryId": "335",
    "businessDomain": "RETAIL_BE",
    "IsPrivateLabel": false,
    "IsBiffe": false,
    "WeightconversionFactor": "0",
    "IsWeightArticle": false,
    "nutriscoreLabel": "E",
    "IsBio": false,
    "CountryOfOrigin": "SPANJE",
    "IsExclusivelySoldInLuxembourg": false,
    "OrderUnit": "P",
    "ShortName": "LOTUS DINO. MELK 225G",
    "IsNew": false,
    "RecentQuanityOfStockUnits": "1,12",
    "LongName": "DINOSAURUS koeken melkchocolade 4st 225g",
    "AlcoholVolume": "0",
    "FicCode": "E"
  },
  {
    "productId": "1523",
    "technicalArticleNumber": "21506",
    "commercialArticleNumber": "21506",
    "name": "speculoos",
    "brand": "EVERYDAY",
    "seoBrand": "Everyday",
    "thumbNail": "https://static.colruytgroup.com/images/200x200/std.lang.all/19/82/asset-2111982.jpg",
    "fullImage": "https://static.colruytgroup.com/images/500x500/std.lang.all/19/82/asset-2111982.jpg",
    "squareImage": "https://static.colruytgroup.com/images/500x500sq/std.lang.all/19/82/asset-2111982.jpg",
    "content": "4x250g",
    "walkRouteSequenceNumber": 2139,
    "price": {
      "basicPrice": 2.65,
      "recommendedQuantity": "1.0",
      "measurementUnitPrice": 2.65,
      "measurementUnit": "K",
      "isRedPrice": false,
      "pricePerUOM": 2.65,
      "activationDate": "14-02-2024",
      "recordSource": "Offline",
      "isPromoActive": "N",
      "priceChangeCode": "L"
    },
    "isAvailable": true,
    "isPriceAvailable": true,
    "inPromo": false,
    "gtin": [
      "15400141025078",
      "15400141115069",
      "15400141333234",
      "05400141051773",
      "05400141333237"
    ],
    "topCategoryName": "Brood/Ontbijt",
    "topCategoryId": "124",
    "businessDomain": "RETAIL_BE",
    "IsPrivateLabel": true,
    "IsBiffe": false,
    "WeightconversionFactor": "0",
    "IsWeightArticle": false,
    "nutriscoreLabel": "E",
    "IsBio": false,
    "CountryOfOrigin": "BELGIË",
    "IsExclusivelySoldInLuxembourg": false,
    "OrderUnit": "P",
    "ShortName": "EVD SPECULOOS 1KG",
    "InSeason": true,
    "IsNew": false,
    "EcoscoreLabel": "C",
    "RecentQuanityOfStockUnits": "1,9",
    "LongName": "EVERYDAY speculoos 4x250g",
    "AlcoholVolume": "0",
    "StartSeasonDate": "05/09/2013",
    "FicCode": "I",
    "EcoscoreValue": "46"
  },
  {
    "productId": "106329",
    "technicalArticleNumber": "3105991",
    "commercialArticleNumber": "42883",
    "name": "chocolade melk",
    "brand": "EVERYDAY",
    "seoBrand": "Everyday",
    "thumbNail": "https://static.colruytgroup.com/images/200x200/std.lang.all/89/75/asset-2518975.jpg",
    "fullImage": "https://static.colruytgroup.com/images/500x500/std.lang.all/89/75/asset-2518975.jpg",
    "squareImage": "https://static.colruytgroup.com/images/500x500sq/std.lang.all/89/75/asset-2518975.jpg",
    "content": "200g",
    "walkRouteSequenceNumber": 1385,
    "price": {
      "basicPrice": 0.975,
      "recommendedQuantity": "1.0",
      "measurementUnitPrice": 4.88,
      "measurementUnit": "K",
      "isRedPrice": false,
      "pricePerUOM": 4.88,
      "activationDate": "07-03-2024",
      "recordSource": "Offline",
      "isPromoActive": "N",
      "priceChangeCode": "L"
    },
    "isAvailable": true,
    "isPriceAvailable": true,
    "inPromo": false,
    "gtin": [
      "05400141051872",
      "15400141051879",
      "05400141407761"
    ],
    "topCategoryName": "Koeken/Chocolade/Snoep",
    "topCategoryId": "335",
    "businessDomain": "RETAIL_BE",
    "IsPrivateLabel": true,
    "IsBiffe": false,
    "WeightconversionFactor": "0",
    "IsWeightArticle": false,
    "nutriscoreLabel": "E",
    "IsBio": false,
    "CountryOfOrigin": "BELGIË",
    "IsExclusivelySoldInLuxembourg": false,
    "OrderUnit": "P",
    "ShortName": "EVD TABL.MELK 200GR",
    "IsNew": false,
    "EcoscoreLabel": "C",
    "RecentQuanityOfStockUnits": "1,36",
    "LongName": "EVERYDAY chocolade melk 200g",
    "AlcoholVolume": "0",
    "FicCode": "I",
    "EcoscoreValue": "42"
  },
  {
    "productId": "180598",
    "technicalArticleNumber": "3340200",
    "commercialArticleNumber": "7426",
    "name": "speculoos XL",
    "description": "*Individueel verpakt",
    "brand": "LOTUS",
    "seoBrand": "Lotus Biscoff",
    "thumbNail": "https://ecgproductmw.colruytgroup.com/ecgproductmw/noPicForArticle_2.jpg",
    "fullImage": "https://ecgproductmw.colruytgroup.com/ecgproductmw/noPicForArticle_5.jpg",
    "squareImage": "https://ecgproductmw.colruytgroup.com/ecgproductmw/noPicForArticle_5.jpg",
    "content": "12x25g",
    "walkRouteSequenceNumber": 2136,
    "price": {
      "basicPrice": 1.69,
      "recommendedQuantity": "1.0",
      "measurementUnitPrice": 5.64,
      "measurementUnit": "K",
      "isRedPrice": false,
      "pricePerUOM": 5.64,
      "activationDate": "21-03-2024",
      "recordSource": "Folder",
      "isPromoActive": "N",
      "priceChangeCode": "H"
    },
    "isAvailable": true,
    "isPriceAvailable": true,
    "inPromo": true,
    "promotion": [
      {
        "techPromoId": "001928COLR",
        "promotionId": "001928",
        "promotionType": "4",
        "isPersonalized": "N",
        "publicationStartDate": "13-03-2024",
        "publicationEndDate": "26-03-2024"
      }
    ],
    "gtin": [
      "05400141288315",
      "05410126026146",
      "15410126026143"
    ],
    "topCategoryName": "Brood/Ontbijt",
    "topCategoryId": "124",
    "businessDomain": "RETAIL_BE",
    "IsPrivateLabel": false,
    "IsBiffe": false,
    "WeightconversionFactor": "0",
    "IsWeightArticle": false,
    "nutriscoreLabel": "E",
    "IsBio": false,
    "CountryOfOrigin": "BELGIË",
    "IsExclusivelySoldInLuxembourg": false,
    "OrderUnit": "P",
    "ShortName": "LOTUS SPECULOOS XL 12P",
    "IsNew": false,
    "RecentQuanityOfStockUnits": "1,12",
    "LongName": "LOTUS speculoos XL 12x25g",
    "AlcoholVolume": "0",
    "FicCode": "E"
  },
  {
    "productId": "18200",
    "technicalArticleNumber": "1745627",
    "commercialArticleNumber": "20399",
    "name": "reepjes 24st",
    "description": "*13 % cacao",
    "brand": "KINDER CHOCOLATE",
    "seoBrand": "Kinder Chocolate",
    "thumbNail": "https://static.colruytgroup.com/images/200x200/std.lang.all/79/25/asset-2847925.jpg",
    "fullImage": "https://static.colruytgroup.com/images/500x500/std.lang.all/79/25/asset-2847925.jpg",
    "squareImage": "https://static.colruytgroup.com/images/500x500sq/std.lang.all/79/25/asset-2847925.jpg",
    "content": "300g",
    "walkRouteSequenceNumber": 1293,
    "price": {
      "basicPrice": 2.99,
      "recommendedQuantity": "1.0",
      "measurementUnitPrice": 9.97,
      "measurementUnit": "K",
      "isRedPrice": false,
      "pricePerUOM": 9.97,
      "activationDate": "13-03-2024",
      "recordSource": "Offline",
      "isPromoActive": "Y",
      "priceChangeCode": "E"
    },
    "isAvailable": true,
    "isPriceAvailable": true,
    "inPromo": true,
    "promotion": [
      {
        "techPromoId": "100892COLR",
        "promotionId": "100892",
        "promotionType": "3",
        "isPersonalized": "N",
        "publicationStartDate": "13-03-2024",
        "publicationEndDate": "26-03-2024"
      }
    ],
    "gtin": [
      "00000040084329",
      "08000500111581",
      "08000500146897",
      "08000500350591"
    ],
    "topCategoryName": "Koeken/Chocolade/Snoep",
    "topCategoryId": "335",
    "businessDomain": "RETAIL_BE",
    "IsPrivateLabel": false,
    "IsBiffe": false,
    "WeightconversionFactor": "0",
    "IsWeightArticle": false,
    "nutriscoreLabel": "E",
    "IsBio": false,
    "CountryOfOrigin": "DUITSLAND",
    "IsExclusivelySoldInLuxembourg": false,
    "OrderUnit": "P",
    "ShortName": "KINDER CHOCO.T24 300GR",
    "InSeason": true,
    "IsNew": false,
    "RecentQuanityOfStockUnits": "1,9",
    "LongName": "KINDER CHOCOLATE reepjes 24st 300g",
    "AlcoholVolume": "0",
    "StartSeasonDate": "28/02/2008",
    "FicCode": "E"
  },
  {
    "productId": "12553",
    "technicalArticleNumber": "1246639",
    "commercialArticleNumber": "21787",
    "name": "Madeleines",
    "brand": "EVERYDAY",
    "seoBrand": "Everyday",
    "thumbNail": "https://static.colruytgroup.com/images/200x200/std.lang.all/13/09/asset-3421309.jpg",
    "fullImage": "https://static.colruytgroup.com/images/500x500/std.lang.all/13/09/asset-3421309.jpg",
    "squareImage": "https://static.colruytgroup.com/images/500x500sq/std.lang.all/13/09/asset-3421309.jpg",
    "content": "12x25g",
    "walkRouteSequenceNumber": 2025,
    "price": {
      "basicPrice": 1.78,
      "recommendedQuantity": "1.0",
      "quantityPrice": 1.34,
      "quantityPriceQuantity": "2.0",
      "measurementUnitPrice": 5.94,
      "measurementUnitQuantityPrice": 4.47,
      "measurementUnit": "K",
      "isRedPrice": false,
      "pricePerUOM": 5.94,
      "activationDate": "20-03-2024",
      "recordSource": "Offline",
      "isPromoActive": "N",
      "priceChangeCode": "E",
      "quantityPricePerUOM": 4.47,
      "quantityActivationDate": "20-03-2024",
      "quantityPriceChangeCode": "E"
    },
    "isAvailable": true,
    "isPriceAvailable": true,
    "inPromo": false,
    "gtin": [
      "05400141191950",
      "15400141215875",
      "05400141217872",
      "05400141215878"
    ],
    "topCategoryName": "Koeken/Chocolade/Snoep",
    "topCategoryId": "335",
    "businessDomain": "RETAIL_BE",
    "IsPrivateLabel": true,
    "IsBiffe": false,
    "WeightconversionFactor": "0",
    "IsWeightArticle": false,
    "nutriscoreLabel": "E",
    "IsBio": false,
    "CountryOfOrigin": "BELGIË",
    "IsExclusivelySoldInLuxembourg": false,
    "OrderUnit": "P",
    "ShortName": "EVD MADELEINES 300G",
    "IsNew": false,
    "EcoscoreLabel": "B",
    "RecentQuanityOfStockUnits": "1,22",
    "LongName": "EVERYDAY Madeleines 12x25g",
    "AlcoholVolume": "0",
    "FicCode": "I",
    "EcoscoreValue": "60"
  },
  {
    "productId": "16483",
    "technicalArticleNumber": "1430879",
    "commercialArticleNumber": "21093",
    "name": "Bueno",
    "brand": "KINDER",
    "seoBrand": "Kinder Bueno",
    "thumbNail": "https://static.colruytgroup.com/images/200x200/std.lang.all/07/06/asset-2080706.jpg",
    "fullImage": "https://static.colruytgroup.com/images/500x500/std.lang.all/07/06/asset-2080706.jpg",
    "squareImage": "https://static.colruytgroup.com/images/500x500sq/std.lang.all/07/06/asset-2080706.jpg",
    "content": "10x43g",
    "walkRouteSequenceNumber": 1389,
    "price": {
      "basicPrice": 6.23,
      "recommendedQuantity": "1.0",
      "measurementUnitPrice": 14.49,
      "measurementUnit": "K",
      "isRedPrice": false,
      "pricePerUOM": 14.49,
      "activationDate": "08-03-2024",
      "recordSource": "Offline",
      "isPromoActive": "N",
      "priceChangeCode": "L"
    },
    "isAvailable": true,
    "isPriceAvailable": true,
    "inPromo": false,
    "gtin": [
      "05413548007434",
      "03017621691132",
      "05413548193229",
      "05413548007519"
    ],
    "topCategoryName": "Koeken/Chocolade/Snoep",
    "topCategoryId": "335",
    "businessDomain": "RETAIL_BE",
    "IsPrivateLabel": false,
    "IsBiffe": false,
    "WeightconversionFactor": "0",
    "IsWeightArticle": false,
    "nutriscoreLabel": "E",
    "IsBio": false,
    "CountryOfOrigin": "FRANKRIJK",
    "IsExclusivelySoldInLuxembourg": false,
    "OrderUnit": "P",
    "ShortName": "KINDER BUENO 10X43GR",
    "IsNew": false,
    "RecentQuanityOfStockUnits": "1,16",
    "LongName": "KINDER Bueno 10x43g",
    "AlcoholVolume": "0",
    "FicCode": "E"
  },
  {
    "productId": "1607",
    "technicalArticleNumber": "20851",
    "commercialArticleNumber": "20851",
    "name": "paaseieren witte choc.",
    "brand": "SUPERCHOC",
    "seoBrand": "Super Choc",
    "thumbNail": "https://static.colruytgroup.com/images/200x200/nl_be/66/70/asset-846670.jpg",
    "fullImage": "https://static.colruytgroup.com/images/500x500/nl_be/66/70/asset-846670.jpg",
    "squareImage": "https://static.colruytgroup.com/images/500x500sq/nl_be/66/70/asset-846670.jpg",
    "content": "250g",
    "walkRouteSequenceNumber": 3379,
    "price": {
      "basicPrice": 1.59,
      "recommendedQuantity": "1.0",
      "measurementUnitPrice": 6.36,
      "measurementUnit": "K",
      "isRedPrice": false,
      "pricePerUOM": 6.36,
      "activationDate": "29-02-2024",
      "recordSource": "Offline",
      "isPromoActive": "N",
      "priceChangeCode": "L"
    },
    "isAvailable": true,
    "isPriceAvailable": true,
    "inPromo": false,
    "gtin": [
      "05411901059113",
      "05411901913057"
    ],
    "topCategoryName": "Koeken/Chocolade/Snoep",
    "topCategoryId": "335",
    "businessDomain": "RETAIL_BE",
    "IsPrivateLabel": false,
    "IsBiffe": false,
    "WeightconversionFactor": "0",
    "IsWeightArticle": false,
    "nutriscoreLabel": "E",
    "IsBio": false,
    "CountryOfOrigin": "BELGIË",
    "IsExclusivelySoldInLuxembourg": false,
    "OrderUnit": "P",
    "ShortName": "ZAK PAASEI WIT 250G",
    "InSeason": true,
    "IsNew": false,
    "EcoscoreLabel": "C",
    "RecentQuanityOfStockUnits": "1,24",
    "LongName": "SUPERCHOC paaseieren witte choc. 250g",
    "AlcoholVolume": "0",
    "StartSeasonDate": "25/10/2023",
    "FicCode": "E",
    "EcoscoreValue": "50"
  },
  {
    "productId": "1467",
    "technicalArticleNumber": "20002",
    "commercialArticleNumber": "20002",
    "name": "melk",
    "description": "*Belgische chocolade",
    "brand": "CÔTE D'OR",
    "seoBrand": "Côte d'Or L'Original",
    "thumbNail": "https://static.colruytgroup.com/images/200x200/std.lang.all/98/23/asset-1619823.jpg",
    "fullImage": "https://static.colruytgroup.com/images/500x500/std.lang.all/98/23/asset-1619823.jpg",
    "squareImage": "https://static.colruytgroup.com/images/500x500sq/std.lang.all/98/23/asset-1619823.jpg",
    "content": "2x200g",
    "walkRouteSequenceNumber": 1421,
    "price": {
      "basicPrice": 2.8,
      "recommendedQuantity": "2.0",
      "measurementUnitPrice": 7,
      "measurementUnit": "K",
      "isRedPrice": false,
      "pricePerUOM": 7,
      "activationDate": "13-03-2024",
      "recordSource": "Offline",
      "isPromoActive": "Y",
      "priceChangeCode": "H"
    },
    "isAvailable": true,
    "isPriceAvailable": true,
    "inPromo": true,
    "promotion": [
      {
        "techPromoId": "100829COLR",
        "promotionId": "100829",
        "promotionType": "3",
        "isPersonalized": "N",
        "publicationStartDate": "13-03-2024",
        "publicationEndDate": "26-03-2024"
      }
    ],
    "gtin": [
      "07622210100313",
      "07622210758972",
      "05410081200124",
      "05410081200193",
      "07622200269709",
      "07622210100061",
      "07622210187215"
    ],
    "topCategoryName": "Koeken/Chocolade/Snoep",
    "topCategoryId": "335",
    "businessDomain": "RETAIL_BE",
    "IsPrivateLabel": false,
    "IsBiffe": false,
    "WeightconversionFactor": "0",
    "IsWeightArticle": false,
    "nutriscoreLabel": "E",
    "IsBio": false,
    "CountryOfOrigin": "BELGIË",
    "IsExclusivelySoldInLuxembourg": false,
    "OrderUnit": "P",
    "ShortName": "CD TABLET MELK 400GR",
    "IsNew": false,
    "RecentQuanityOfStockUnits": "2,1,32",
    "LongName": "CÔTE D'OR melk 2x200g",
    "AlcoholVolume": "0",
    "FicCode": "E"
  },
  {
    "productId": "59324",
    "technicalArticleNumber": "2341628",
    "commercialArticleNumber": "24036",
    "name": "Madeleine 16st",
    "description": "*Individueel verpakt",
    "brand": "LOTUS",
    "seoBrand": "Lotus",
    "thumbNail": "https://static.colruytgroup.com/images/200x200/std.lang.all/60/00/asset-2216000.jpg",
    "fullImage": "https://static.colruytgroup.com/images/500x500/std.lang.all/60/00/asset-2216000.jpg",
    "squareImage": "https://static.colruytgroup.com/images/500x500sq/std.lang.all/60/00/asset-2216000.jpg",
    "content": "16x25g",
    "walkRouteSequenceNumber": 2034,
    "price": {
      "basicPrice": 2.19,
      "recommendedQuantity": "1.0",
      "measurementUnitPrice": 5.48,
      "measurementUnit": "K",
      "isRedPrice": false,
      "pricePerUOM": 5.48,
      "activationDate": "20-02-2024",
      "recordSource": "Offline",
      "isPromoActive": "N",
      "priceChangeCode": "E"
    },
    "isAvailable": true,
    "isPriceAvailable": true,
    "inPromo": false,
    "gtin": [
      "15410126180036",
      "05410126050035"
    ],
    "topCategoryName": "Koeken/Chocolade/Snoep",
    "topCategoryId": "335",
    "businessDomain": "RETAIL_BE",
    "IsPrivateLabel": false,
    "IsBiffe": false,
    "WeightconversionFactor": "0",
    "IsWeightArticle": false,
    "nutriscoreLabel": "E",
    "IsBio": false,
    "CountryOfOrigin": "BELGIË",
    "IsExclusivelySoldInLuxembourg": false,
    "OrderUnit": "P",
    "ShortName": "LOTUS MAD.16X1ST VERP.",
    "IsNew": false,
    "RecentQuanityOfStockUnits": "1,16",
    "LongName": "LOTUS Madeleine 16st 16x25g",
    "AlcoholVolume": "0",
    "FicCode": "E"
  },
  {
    "productId": "1540",
    "technicalArticleNumber": "21689",
    "commercialArticleNumber": "21689",
    "name": "koeken Marguerites",
    "brand": "BONI",
    "seoBrand": "Boni Selection",
    "thumbNail": "https://static.colruytgroup.com/images/200x200/std.lang.all/78/88/asset-2787888.jpg",
    "fullImage": "https://static.colruytgroup.com/images/500x500/std.lang.all/78/88/asset-2787888.jpg",
    "squareImage": "https://static.colruytgroup.com/images/500x500sq/std.lang.all/78/88/asset-2787888.jpg",
    "content": "450g",
    "walkRouteSequenceNumber": 2156,
    "price": {
      "basicPrice": 3.74,
      "recommendedQuantity": "1.0",
      "measurementUnitPrice": 8.32,
      "measurementUnit": "K",
      "isRedPrice": false,
      "pricePerUOM": 8.32,
      "activationDate": "29-12-2023",
      "recordSource": "Offline",
      "isPromoActive": "N",
      "priceChangeCode": "H"
    },
    "isAvailable": true,
    "isPriceAvailable": true,
    "inPromo": false,
    "gtin": [
      "05400141891690",
      "05400141513035",
      "05400141192834",
      "05400141308327",
      "05400141427516",
      "15400141308324",
      "15400141781912",
      "05400141015973",
      "05400141511796"
    ],
    "topCategoryName": "Koeken/Chocolade/Snoep",
    "topCategoryId": "335",
    "businessDomain": "RETAIL_BE",
    "IsPrivateLabel": true,
    "IsBiffe": false,
    "WeightconversionFactor": "0",
    "IsWeightArticle": false,
    "nutriscoreLabel": "E",
    "IsBio": false,
    "CountryOfOrigin": "BELGIË",
    "IsExclusivelySoldInLuxembourg": false,
    "OrderUnit": "P",
    "ShortName": "BONI MARGUERITES 450G",
    "IsNew": false,
    "EcoscoreLabel": "C",
    "RecentQuanityOfStockUnits": "9,1",
    "LongName": "BONI koeken Marguerites 450g",
    "AlcoholVolume": "0",
    "FicCode": "I",
    "EcoscoreValue": "52"
  },
  {
    "productId": "53835",
    "technicalArticleNumber": "2210331",
    "commercialArticleNumber": "21399",
    "name": "LEO melkchocolade",
    "brand": "MILKA",
    "seoBrand": "Milka Leo",
    "thumbNail": "https://static.colruytgroup.com/images/200x200/std.lang.all/84/55/asset-1198455.jpg",
    "fullImage": "https://static.colruytgroup.com/images/500x500/std.lang.all/84/55/asset-1198455.jpg",
    "squareImage": "https://static.colruytgroup.com/images/500x500sq/std.lang.all/84/55/asset-1198455.jpg",
    "content": "12x33g",
    "walkRouteSequenceNumber": 1394,
    "price": {
      "basicPrice": 4.69,
      "recommendedQuantity": "2.0",
      "measurementUnitPrice": 11.85,
      "measurementUnit": "K",
      "isRedPrice": false,
      "pricePerUOM": 11.85,
      "activationDate": "15-03-2024",
      "recordSource": "Offline",
      "isPromoActive": "N",
      "priceChangeCode": "E"
    },
    "isAvailable": true,
    "isPriceAvailable": true,
    "inPromo": false,
    "gtin": [
      "05400141213997",
      "07622210464200",
      "07622210464194"
    ],
    "topCategoryName": "Koeken/Chocolade/Snoep",
    "topCategoryId": "335",
    "businessDomain": "RETAIL_BE",
    "IsPrivateLabel": false,
    "IsBiffe": false,
    "WeightconversionFactor": "0",
    "IsWeightArticle": false,
    "nutriscoreLabel": "E",
    "IsBio": false,
    "CountryOfOrigin": "BELGIË",
    "IsExclusivelySoldInLuxembourg": false,
    "OrderUnit": "P",
    "ShortName": "MILKA LEO MELK 12X33G",
    "InSeason": true,
    "IsNew": false,
    "RecentQuanityOfStockUnits": "1,2,24",
    "LongName": "MILKA LEO melkchocolade 12x33g",
    "AlcoholVolume": "0",
    "StartSeasonDate": "10/02/2016",
    "FicCode": "E"
  },
  {
    "productId": "546332",
    "technicalArticleNumber": "4173645",
    "commercialArticleNumber": "10290",
    "name": "Peanut",
    "brand": "M&M'S",
    "seoBrand": "M&M's",
    "thumbNail": "https://static.colruytgroup.com/images/200x200/std.lang.all/39/18/asset-1933918.jpg",
    "fullImage": "https://static.colruytgroup.com/images/500x500/std.lang.all/39/18/asset-1933918.jpg",
    "squareImage": "https://static.colruytgroup.com/images/500x500sq/std.lang.all/39/18/asset-1933918.jpg",
    "content": "550g",
    "walkRouteSequenceNumber": 1458,
    "price": {
      "basicPrice": 4.11,
      "recommendedQuantity": "1.0",
      "measurementUnitPrice": 7.48,
      "measurementUnit": "K",
      "isRedPrice": false,
      "pricePerUOM": 7.48,
      "activationDate": "02-03-2024",
      "recordSource": "Offline",
      "isPromoActive": "N",
      "priceChangeCode": "H"
    },
    "isAvailable": true,
    "isPriceAvailable": true,
    "inPromo": false,
    "gtin": [
      "05000159458320",
      "05000159458337",
      "45400141312728"
    ],
    "topCategoryName": "Koeken/Chocolade/Snoep",
    "topCategoryId": "335",
    "businessDomain": "RETAIL_BE",
    "IsPrivateLabel": false,
    "IsBiffe": false,
    "WeightconversionFactor": "0",
    "IsWeightArticle": false,
    "nutriscoreLabel": "E",
    "IsBio": false,
    "CountryOfOrigin": "FRANKRIJK",
    "IsExclusivelySoldInLuxembourg": false,
    "OrderUnit": "P",
    "ShortName": "M&MS PEANUT 550G",
    "IsNew": false,
    "RecentQuanityOfStockUnits": "1,14",
    "LongName": "M&M'S Peanut 550g",
    "FicCode": "E"
  },
  {
    "productId": "140028",
    "technicalArticleNumber": "3186937",
    "commercialArticleNumber": "24067",
    "name": "Luikse wafels 8st",
    "description": "*Individueel verpakt",
    "brand": "SUZY",
    "seoBrand": "Lotus Suzy",
    "thumbNail": "https://static.colruytgroup.com/images/200x200/std.lang.all/12/01/asset-2201201.jpg",
    "fullImage": "https://static.colruytgroup.com/images/500x500/std.lang.all/12/01/asset-2201201.jpg",
    "squareImage": "https://static.colruytgroup.com/images/500x500sq/std.lang.all/12/01/asset-2201201.jpg",
    "content": "400g",
    "walkRouteSequenceNumber": 1491,
    "price": {
      "basicPrice": 2.49,
      "recommendedQuantity": "1.0",
      "measurementUnitPrice": 6.23,
      "measurementUnit": "K",
      "isRedPrice": false,
      "pricePerUOM": 6.23,
      "activationDate": "23-03-2024",
      "recordSource": "Offline",
      "isPromoActive": "N",
      "priceChangeCode": "L"
    },
    "isAvailable": true,
    "isPriceAvailable": true,
    "inPromo": false,
    "gtin": [
      "15410126032090",
      "05410126012095"
    ],
    "topCategoryName": "Koeken/Chocolade/Snoep",
    "topCategoryId": "335",
    "businessDomain": "RETAIL_BE",
    "IsPrivateLabel": false,
    "IsBiffe": false,
    "WeightconversionFactor": "0",
    "IsWeightArticle": false,
    "nutriscoreLabel": "E",
    "IsBio": false,
    "CountryOfOrigin": "BELGIË",
    "IsExclusivelySoldInLuxembourg": false,
    "OrderUnit": "P",
    "ShortName": "LOTUS SUZ.WAF.8S.400G",
    "IsNew": false,
    "RecentQuanityOfStockUnits": "1,12",
    "LongName": "SUZY Luikse wafels 8st 400g",
    "AlcoholVolume": "0",
    "FicCode": "E"
  },
  {
    "productId": "130787",
    "technicalArticleNumber": "3219200",
    "commercialArticleNumber": "19946",
    "name": "Cookies triple chocolate",
    "brand": "BONI",
    "seoBrand": "Boni Selection",
    "thumbNail": "https://static.colruytgroup.com/images/200x200/std.lang.all/29/22/asset-2762922.jpg",
    "fullImage": "https://static.colruytgroup.com/images/500x500/std.lang.all/29/22/asset-2762922.jpg",
    "squareImage": "https://static.colruytgroup.com/images/500x500sq/std.lang.all/29/22/asset-2762922.jpg",
    "content": "200g",
    "walkRouteSequenceNumber": 2153,
    "price": {
      "basicPrice": 1.09,
      "recommendedQuantity": "1.0",
      "quantityPrice": 0.937,
      "quantityPriceQuantity": "4.0",
      "measurementUnitPrice": 5.45,
      "measurementUnitQuantityPrice": 4.69,
      "measurementUnit": "K",
      "isRedPrice": false,
      "pricePerUOM": 5.45,
      "activationDate": "20-03-2024",
      "recordSource": "Offline",
      "isPromoActive": "N",
      "priceChangeCode": "E",
      "quantityPricePerUOM": 4.69,
      "quantityActivationDate": "20-03-2024",
      "quantityPriceChangeCode": "E"
    },
    "isAvailable": true,
    "isPriceAvailable": true,
    "inPromo": false,
    "gtin": [
      "05400141603781",
      "15400141603788",
      "15400141052265",
      "05400141215328",
      "05400141052268",
      "05400141310887"
    ],
    "topCategoryName": "Koeken/Chocolade/Snoep",
    "topCategoryId": "335",
    "businessDomain": "RETAIL_BE",
    "IsPrivateLabel": true,
    "IsBiffe": false,
    "WeightconversionFactor": "0",
    "IsWeightArticle": false,
    "nutriscoreLabel": "E",
    "IsBio": false,
    "CountryOfOrigin": "NEDERLAND",
    "IsExclusivelySoldInLuxembourg": false,
    "OrderUnit": "P",
    "ShortName": "BONI COOK TRIP CHOC200G",
    "IsNew": false,
    "EcoscoreLabel": "C",
    "RecentQuanityOfStockUnits": "12,1",
    "LongName": "BONI Cookies triple chocolate 200g",
    "AlcoholVolume": "0",
    "FicCode": "I",
    "EcoscoreValue": "59"
  },
  {
    "productId": "15905",
    "technicalArticleNumber": "1461873",
    "commercialArticleNumber": "21273",
    "name": "melkchocolade",
    "brand": "LU MIKADO",
    "seoBrand": "LU Mikado",
    "thumbNail": "https://static.colruytgroup.com/images/200x200/std.lang.all/44/46/asset-1174446.jpg",
    "fullImage": "https://static.colruytgroup.com/images/500x500/std.lang.all/44/46/asset-1174446.jpg",
    "squareImage": "https://static.colruytgroup.com/images/500x500sq/std.lang.all/44/46/asset-1174446.jpg",
    "content": "75g",
    "walkRouteSequenceNumber": 2150,
    "price": {
      "basicPrice": 1.37,
      "recommendedQuantity": "1.0",
      "measurementUnitPrice": 18.27,
      "measurementUnit": "K",
      "isRedPrice": false,
      "pricePerUOM": 18.27,
      "activationDate": "13-03-2024",
      "recordSource": "Offline",
      "isPromoActive": "Y",
      "priceChangeCode": "E"
    },
    "isAvailable": true,
    "isPriceAvailable": true,
    "inPromo": true,
    "promotion": [
      {
        "techPromoId": "100898COLR",
        "promotionId": "100898",
        "promotionType": "3",
        "isPersonalized": "N",
        "publicationStartDate": "13-03-2024",
        "publicationEndDate": "26-03-2024"
      }
    ],
    "gtin": [
      "13017760363362",
      "05400141212730",
      "03017760363396"
    ],
    "topCategoryName": "Koeken/Chocolade/Snoep",
    "topCategoryId": "335",
    "businessDomain": "RETAIL_BE",
    "IsPrivateLabel": false,
    "IsBiffe": false,
    "WeightconversionFactor": "0",
    "IsWeightArticle": false,
    "nutriscoreLabel": "E",
    "IsBio": false,
    "CountryOfOrigin": "FRANKRIJK",
    "IsExclusivelySoldInLuxembourg": false,
    "OrderUnit": "P",
    "ShortName": "LU MIKADO MELK 75 GR",
    "IsNew": false,
    "RecentQuanityOfStockUnits": "24,1,3",
    "LongName": "LU MIKADO melkchocolade 75g",
    "AlcoholVolume": "0",
    "FicCode": "E"
  },
  {
    "productId": "69055",
    "technicalArticleNumber": "2742498",
    "commercialArticleNumber": "8091",
    "name": "Mergpijpjes",
    "brand": "BONI",
    "seoBrand": "Boni Selection",
    "thumbNail": "https://static.colruytgroup.com/images/200x200/std.lang.all/29/17/asset-2762917.jpg",
    "fullImage": "https://static.colruytgroup.com/images/500x500/std.lang.all/29/17/asset-2762917.jpg",
    "squareImage": "https://static.colruytgroup.com/images/500x500sq/std.lang.all/29/17/asset-2762917.jpg",
    "content": "200g",
    "walkRouteSequenceNumber": 2097,
    "price": {
      "basicPrice": 1.99,
      "recommendedQuantity": "1.0",
      "measurementUnitPrice": 9.95,
      "measurementUnit": "K",
      "isRedPrice": false,
      "pricePerUOM": 9.95,
      "activationDate": "14-03-2024",
      "recordSource": "Offline",
      "isPromoActive": "N",
      "priceChangeCode": "H"
    },
    "isAvailable": true,
    "isPriceAvailable": true,
    "inPromo": false,
    "gtin": [
      "15400141306757",
      "15400141001959",
      "05400141052176",
      "05400141138641",
      "05400141306750",
      "15400141628439",
      "05400141628432"
    ],
    "topCategoryName": "Koeken/Chocolade/Snoep",
    "topCategoryId": "335",
    "businessDomain": "RETAIL_BE",
    "IsPrivateLabel": true,
    "IsBiffe": false,
    "WeightconversionFactor": "0",
    "IsWeightArticle": false,
    "nutriscoreLabel": "E",
    "IsBio": false,
    "CountryOfOrigin": "BELGIË",
    "IsExclusivelySoldInLuxembourg": false,
    "OrderUnit": "P",
    "ShortName": "BONI 7 MERGPIJPJES 200G",
    "IsNew": false,
    "EcoscoreLabel": "C",
    "RecentQuanityOfStockUnits": "17,1",
    "LongName": "BONI Mergpijpjes 200g",
    "AlcoholVolume": "0",
    "FicCode": "I",
    "EcoscoreValue": "41"
  },
  {
    "productId": "11300",
    "technicalArticleNumber": "1372618",
    "commercialArticleNumber": "21820",
    "name": "Kempense galetten",
    "brand": "EVERYDAY",
    "seoBrand": "Everyday",
    "thumbNail": "https://static.colruytgroup.com/images/200x200/std.lang.all/40/70/asset-2504070.jpg",
    "fullImage": "https://static.colruytgroup.com/images/500x500/std.lang.all/40/70/asset-2504070.jpg",
    "squareImage": "https://static.colruytgroup.com/images/500x500sq/std.lang.all/40/70/asset-2504070.jpg",
    "content": "450g",
    "walkRouteSequenceNumber": 1802,
    "price": {
      "basicPrice": 1.69,
      "recommendedQuantity": "1.0",
      "measurementUnitPrice": 3.76,
      "measurementUnit": "K",
      "isRedPrice": false,
      "pricePerUOM": 3.76,
      "activationDate": "23-03-2024",
      "recordSource": "Offline",
      "isPromoActive": "N",
      "priceChangeCode": "H"
    },
    "isAvailable": true,
    "isPriceAvailable": true,
    "inPromo": false,
    "gtin": [
      "05400141052633",
      "05400141191875",
      "15400141915348",
      "05400141707267",
      "15400141707264",
      "15400141462293"
    ],
    "topCategoryName": "Koeken/Chocolade/Snoep",
    "topCategoryId": "335",
    "businessDomain": "RETAIL_BE",
    "IsPrivateLabel": true,
    "IsBiffe": false,
    "WeightconversionFactor": "0",
    "IsWeightArticle": false,
    "nutriscoreLabel": "E",
    "IsBio": false,
    "CountryOfOrigin": "BELGIË",
    "IsExclusivelySoldInLuxembourg": false,
    "OrderUnit": "P",
    "ShortName": "EVD KEMPISCHE GAL.450G",
    "IsNew": false,
    "EcoscoreLabel": "A",
    "RecentQuanityOfStockUnits": "16,1",
    "LongName": "EVERYDAY Kempense galetten 450g",
    "AlcoholVolume": "0",
    "FicCode": "I",
    "EcoscoreValue": "87"
  },
  {
    "productId": "625920",
    "technicalArticleNumber": "4308532",
    "commercialArticleNumber": "16548",
    "name": "mini wafel",
    "brand": "CRUMBEL",
    "seoBrand": "Crumbel",
    "thumbNail": "https://static.colruytgroup.com/images/200x200/std.lang.all/06/89/asset-2790689.jpg",
    "fullImage": "https://static.colruytgroup.com/images/500x500/std.lang.all/06/89/asset-2790689.jpg",
    "squareImage": "https://static.colruytgroup.com/images/500x500sq/std.lang.all/06/89/asset-2790689.jpg",
    "content": "250g",
    "walkRouteSequenceNumber": 2038,
    "price": {
      "basicPrice": 3.95,
      "recommendedQuantity": "1.0",
      "measurementUnitPrice": 15.8,
      "measurementUnit": "K",
      "isRedPrice": false,
      "pricePerUOM": 15.8,
      "activationDate": "01-02-2024",
      "recordSource": "Offline",
      "isPromoActive": "N",
      "priceChangeCode": "E"
    },
    "isAvailable": true,
    "isPriceAvailable": true,
    "inPromo": false,
    "gtin": [
      "05425026052768",
      "05425026052720"
    ],
    "topCategoryName": "Koeken/Chocolade/Snoep",
    "topCategoryId": "335",
    "businessDomain": "RETAIL_BE",
    "IsPrivateLabel": false,
    "IsBiffe": false,
    "WeightconversionFactor": "0",
    "IsWeightArticle": false,
    "nutriscoreLabel": "E",
    "IsBio": false,
    "CountryOfOrigin": "BELGIË",
    "IsExclusivelySoldInLuxembourg": false,
    "OrderUnit": "P",
    "ShortName": "CRUM MINI WAFEL 250G",
    "IsNew": false,
    "EcoscoreLabel": "A",
    "RecentQuanityOfStockUnits": "1",
    "LongName": "CRUMBEL mini wafel 250g",
    "FicCode": "E",
    "EcoscoreValue": "81"
  },
  {
    "productId": "113720",
    "technicalArticleNumber": "3084549",
    "commercialArticleNumber": "40244",
    "name": "speculoos",
    "brand": "LOTUS",
    "seoBrand": "Lotus Biscoff",
    "thumbNail": "https://static.colruytgroup.com/images/200x200/std.lang.all/53/88/asset-3365388.jpg",
    "fullImage": "https://static.colruytgroup.com/images/500x500/std.lang.all/53/88/asset-3365388.jpg",
    "squareImage": "https://static.colruytgroup.com/images/500x500sq/std.lang.all/53/88/asset-3365388.jpg",
    "content": "2x125g",
    "walkRouteSequenceNumber": 2138,
    "price": {
      "basicPrice": 1.39,
      "recommendedQuantity": "1.0",
      "measurementUnitPrice": 5.56,
      "measurementUnit": "K",
      "isRedPrice": false,
      "pricePerUOM": 5.56,
      "activationDate": "15-03-2024",
      "recordSource": "Offline",
      "isPromoActive": "N",
      "priceChangeCode": "E"
    },
    "isAvailable": true,
    "isPriceAvailable": true,
    "inPromo": true,
    "promotion": [
      {
        "techPromoId": "001928COLR",
        "promotionId": "001928",
        "promotionType": "4",
        "isPersonalized": "N",
        "publicationStartDate": "13-03-2024",
        "publicationEndDate": "26-03-2024"
      }
    ],
    "gtin": [
      "05410126006025",
      "05410126806069",
      "15410126026068"
    ],
    "topCategoryName": "Brood/Ontbijt",
    "topCategoryId": "124",
    "businessDomain": "RETAIL_BE",
    "IsPrivateLabel": false,
    "IsBiffe": false,
    "WeightconversionFactor": "0",
    "IsWeightArticle": false,
    "nutriscoreLabel": "E",
    "IsBio": false,
    "CountryOfOrigin": "BELGIË",
    "IsExclusivelySoldInLuxembourg": false,
    "OrderUnit": "P",
    "ShortName": "LOTUS SPECULOOS 2X125G",
    "IsNew": false,
    "RecentQuanityOfStockUnits": "1,24",
    "LongName": "LOTUS speculoos 2x125g",
    "AlcoholVolume": "0",
    "FicCode": "E"
  },
  {
    "productId": "175110",
    "technicalArticleNumber": "3372288",
    "commercialArticleNumber": "19535",
    "name": "paasei melk-praliné",
    "description": "*Belgische chocolade",
    "brand": "BONI",
    "seoBrand": "Boni Selection",
    "thumbNail": "https://static.colruytgroup.com/images/200x200/std.lang.all/29/92/asset-2372992.jpg",
    "fullImage": "https://static.colruytgroup.com/images/500x500/std.lang.all/29/92/asset-2372992.jpg",
    "squareImage": "https://static.colruytgroup.com/images/500x500sq/std.lang.all/29/92/asset-2372992.jpg",
    "content": "250g",
    "walkRouteSequenceNumber": 3376,
    "price": {
      "basicPrice": 1.99,
      "recommendedQuantity": "1.0",
      "measurementUnitPrice": 7.96,
      "measurementUnit": "K",
      "isRedPrice": false,
      "pricePerUOM": 7.96,
      "activationDate": "16-02-2024",
      "recordSource": "Offline",
      "isPromoActive": "N",
      "priceChangeCode": "L"
    },
    "isAvailable": true,
    "isPriceAvailable": true,
    "inPromo": false,
    "gtin": [
      "05400141333381",
      "05400141358148",
      "15400141333388"
    ],
    "topCategoryName": "Koeken/Chocolade/Snoep",
    "topCategoryId": "335",
    "businessDomain": "RETAIL_BE",
    "IsPrivateLabel": true,
    "IsBiffe": false,
    "WeightconversionFactor": "0",
    "IsWeightArticle": false,
    "nutriscoreLabel": "E",
    "IsBio": false,
    "CountryOfOrigin": "BELGIË",
    "IsExclusivelySoldInLuxembourg": false,
    "OrderUnit": "P",
    "ShortName": "BONI PAASEI MELK/PRA250",
    "InSeason": true,
    "IsNew": false,
    "EcoscoreLabel": "C",
    "RecentQuanityOfStockUnits": "1,21",
    "LongName": "BONI paasei melk-praliné 250g",
    "AlcoholVolume": "0",
    "StartSeasonDate": "25/10/2023",
    "FicCode": "I",
    "EcoscoreValue": "48"
  },
  {
    "productId": "304076",
    "technicalArticleNumber": "3722422",
    "commercialArticleNumber": "20152",
    "name": "tabl.praliné double lait",
    "brand": "CÔTE D'OR",
    "seoBrand": "Côte d'Or",
    "thumbNail": "https://static.colruytgroup.com/images/200x200/std.lang.all/87/06/asset-1538706.jpg",
    "fullImage": "https://static.colruytgroup.com/images/500x500/std.lang.all/87/06/asset-1538706.jpg",
    "squareImage": "https://static.colruytgroup.com/images/500x500sq/std.lang.all/87/06/asset-1538706.jpg",
    "content": "200g",
    "walkRouteSequenceNumber": 1416,
    "price": {
      "basicPrice": 2.45,
      "recommendedQuantity": "2.0",
      "measurementUnitPrice": 12.25,
      "measurementUnit": "K",
      "isRedPrice": false,
      "pricePerUOM": 12.25,
      "activationDate": "08-03-2024",
      "recordSource": "Offline",
      "isPromoActive": "N",
      "priceChangeCode": "E"
    },
    "isAvailable": true,
    "isPriceAvailable": true,
    "inPromo": false,
    "gtin": [
      "07622210790941",
      "07622210678621",
      "07622400010453"
    ],
    "topCategoryName": "Koeken/Chocolade/Snoep",
    "topCategoryId": "335",
    "businessDomain": "RETAIL_BE",
    "IsPrivateLabel": false,
    "IsBiffe": false,
    "WeightconversionFactor": "0",
    "IsWeightArticle": false,
    "nutriscoreLabel": "E",
    "IsBio": false,
    "CountryOfOrigin": "BELGIË",
    "IsExclusivelySoldInLuxembourg": false,
    "OrderUnit": "P",
    "ShortName": "CDO TBL DOUBLE LAIT200G",
    "IsNew": false,
    "RecentQuanityOfStockUnits": "2,1",
    "LongName": "CÔTE D'OR tabl.praliné double lait 200g",
    "AlcoholVolume": "0",
    "FicCode": "E"
  },
  {
    "productId": "54496",
    "technicalArticleNumber": "2316974",
    "commercialArticleNumber": "18106",
    "name": "assortiment eitjes 5 smaken",
    "brand": "MILKA",
    "seoBrand": "Milka",
    "thumbNail": "https://static.colruytgroup.com/images/200x200/std.lang.all/64/67/asset-2366467.jpg",
    "fullImage": "https://static.colruytgroup.com/images/500x500/std.lang.all/64/67/asset-2366467.jpg",
    "squareImage": "https://static.colruytgroup.com/images/500x500sq/std.lang.all/64/67/asset-2366467.jpg",
    "content": "1kg",
    "walkRouteSequenceNumber": 3375,
    "price": {
      "basicPrice": 12.32,
      "recommendedQuantity": "1.0",
      "measurementUnitPrice": 12.32,
      "measurementUnit": "K",
      "isRedPrice": false,
      "pricePerUOM": 12.32,
      "activationDate": "19-03-2024",
      "recordSource": "Folder",
      "isPromoActive": "Y",
      "priceChangeCode": "L"
    },
    "isAvailable": true,
    "isPriceAvailable": true,
    "inPromo": true,
    "promotion": [
      {
        "techPromoId": "100832COLR",
        "promotionId": "100832",
        "promotionType": "4",
        "isPersonalized": "N",
        "publicationStartDate": "13-03-2024",
        "publicationEndDate": "26-03-2024"
      }
    ],
    "gtin": [
      "07622210308276",
      "07622210308283"
    ],
    "topCategoryName": "Koeken/Chocolade/Snoep",
    "topCategoryId": "335",
    "businessDomain": "RETAIL_BE",
    "IsPrivateLabel": false,
    "IsBiffe": false,
    "WeightconversionFactor": "0",
    "IsWeightArticle": false,
    "nutriscoreLabel": "E",
    "IsBio": false,
    "CountryOfOrigin": "BELGIË",
    "IsExclusivelySoldInLuxembourg": false,
    "OrderUnit": "P",
    "ShortName": "MILKA EI 5SMAKEN 1KG",
    "InSeason": true,
    "IsNew": false,
    "RecentQuanityOfStockUnits": "1,10",
    "LongName": "MILKA assortiment eitjes 5 smaken 1kg",
    "AlcoholVolume": "0",
    "StartSeasonDate": "25/10/2023",
    "FicCode": "E"
  },
  {
    "productId": "1525",
    "technicalArticleNumber": "21520",
    "commercialArticleNumber": "21520",
    "name": "speculoos",
    "brand": "LOTUS",
    "seoBrand": "Lotus Biscoff",
    "thumbNail": "https://static.colruytgroup.com/images/200x200/std.lang.all/53/85/asset-3365385.jpg",
    "fullImage": "https://static.colruytgroup.com/images/500x500/std.lang.all/53/85/asset-3365385.jpg",
    "squareImage": "https://static.colruytgroup.com/images/500x500sq/std.lang.all/53/85/asset-3365385.jpg",
    "content": "4x250g",
    "walkRouteSequenceNumber": 2137,
    "price": {
      "basicPrice": 6.12,
      "recommendedQuantity": "1.0",
      "measurementUnitPrice": 6.12,
      "measurementUnit": "K",
      "isRedPrice": false,
      "pricePerUOM": 6.12,
      "activationDate": "21-03-2024",
      "isPromoActive": "Y",
      "priceChangeCode": "H"
    },
    "isAvailable": true,
    "isPriceAvailable": true,
    "inPromo": true,
    "promotion": [
      {
        "techPromoId": "001928COLR",
        "promotionId": "001928",
        "promotionType": "4",
        "isPersonalized": "N",
        "publicationStartDate": "13-03-2024",
        "publicationEndDate": "26-03-2024"
      }
    ],
    "gtin": [
      "05410126006100",
      "15410126006107"
    ],
    "topCategoryName": "Brood/Ontbijt",
    "topCategoryId": "124",
    "businessDomain": "RETAIL_BE",
    "IsPrivateLabel": false,
    "IsBiffe": false,
    "WeightconversionFactor": "0",
    "IsWeightArticle": false,
    "nutriscoreLabel": "E",
    "IsBio": false,
    "CountryOfOrigin": "BELGIË",
    "IsExclusivelySoldInLuxembourg": false,
    "OrderUnit": "P",
    "ShortName": "LOTUS SPECUL.ORIGIN.1KG",
    "IsNew": false,
    "RecentQuanityOfStockUnits": "6,1",
    "LongName": "LOTUS speculoos 4x250g",
    "AlcoholVolume": "0",
    "FicCode": "E"
  },
  {
    "productId": "1532",
    "technicalArticleNumber": "21620",
    "commercialArticleNumber": "21620",
    "brand": "LU CENT WAFERS",
    "seoBrand": "LU Cent Wafer",
    "thumbNail": "https://static.colruytgroup.com/images/200x200/std.lang.all/15/07/asset-341507.jpg",
    "fullImage": "https://static.colruytgroup.com/images/500x500/std.lang.all/15/07/asset-341507.jpg",
    "squareImage": "https://static.colruytgroup.com/images/500x500sq/std.lang.all/15/07/asset-341507.jpg",
    "content": "10x45g",
    "walkRouteSequenceNumber": 2057,
    "price": {
      "basicPrice": 4.18,
      "recommendedQuantity": "1.0",
      "measurementUnitPrice": 9.29,
      "measurementUnit": "K",
      "isRedPrice": false,
      "pricePerUOM": 9.29,
      "activationDate": "14-03-2024",
      "recordSource": "Folder",
      "isPromoActive": "N",
      "priceChangeCode": "L"
    },
    "isAvailable": true,
    "isPriceAvailable": true,
    "inPromo": false,
    "gtin": [
      "05400141216202",
      "05410041081909",
      "25410041081903",
      "05410041014600"
    ],
    "topCategoryName": "Koeken/Chocolade/Snoep",
    "topCategoryId": "335",
    "businessDomain": "RETAIL_BE",
    "IsPrivateLabel": false,
    "IsBiffe": false,
    "WeightconversionFactor": "0",
    "IsWeightArticle": false,
    "nutriscoreLabel": "E",
    "IsBio": false,
    "CountryOfOrigin": "BELGIË",
    "IsExclusivelySoldInLuxembourg": false,
    "OrderUnit": "P",
    "ShortName": "LU CENT WAFERS 10X45GR",
    "InSeason": true,
    "IsNew": false,
    "RecentQuanityOfStockUnits": "1,12",
    "LongName": "LU CENT WAFERS 10x45g",
    "AlcoholVolume": "0",
    "StartSeasonDate": "14/12/1995",
    "FicCode": "E"
  },
  {
    "productId": "1466",
    "technicalArticleNumber": "20001",
    "commercialArticleNumber": "20001",
    "name": "Mignonnette Melk",
    "description": "*Belgische chocolade",
    "brand": "COTE D'OR",
    "seoBrand": "Côte d'Or Mignonnette",
    "thumbNail": "https://static.colruytgroup.com/images/200x200/std.lang.all/49/03/asset-794903.jpg",
    "fullImage": "https://static.colruytgroup.com/images/500x500/std.lang.all/49/03/asset-794903.jpg",
    "squareImage": "https://static.colruytgroup.com/images/500x500sq/std.lang.all/49/03/asset-794903.jpg",
    "content": "240g",
    "walkRouteSequenceNumber": 1224,
    "price": {
      "basicPrice": 3.29,
      "recommendedQuantity": "2.0",
      "measurementUnitPrice": 13.71,
      "measurementUnit": "K",
      "isRedPrice": false,
      "pricePerUOM": 13.71,
      "activationDate": "23-03-2024",
      "recordSource": "Offline",
      "isPromoActive": "N",
      "priceChangeCode": "H"
    },
    "isAvailable": true,
    "isPriceAvailable": true,
    "inPromo": false,
    "gtin": [
      "00000025200010",
      "05400141200010",
      "05410081206201",
      "07622200326082",
      "07622210644671",
      "07622210644701"
    ],
    "topCategoryName": "Koeken/Chocolade/Snoep",
    "topCategoryId": "335",
    "businessDomain": "RETAIL_BE",
    "IsPrivateLabel": false,
    "IsBiffe": false,
    "WeightconversionFactor": "0",
    "IsWeightArticle": false,
    "nutriscoreLabel": "E",
    "IsBio": false,
    "CountryOfOrigin": "POLEN",
    "IsExclusivelySoldInLuxembourg": false,
    "OrderUnit": "P",
    "ShortName": "CD MIGNONNET MELK 240G",
    "IsNew": false,
    "RecentQuanityOfStockUnits": "1,2,12",
    "LongName": "COTE D'OR Mignonnette Melk 240g",
    "AlcoholVolume": "0",
    "FicCode": "E"
  },
  {
    "productId": "106282",
    "technicalArticleNumber": "3102608",
    "commercialArticleNumber": "40463",
    "name": "chocolade wit",
    "description": "*Belgische chocolade",
    "brand": "EVERYDAY",
    "seoBrand": "Everyday",
    "thumbNail": "https://static.colruytgroup.com/images/200x200/std.lang.all/89/74/asset-2518974.jpg",
    "fullImage": "https://static.colruytgroup.com/images/500x500/std.lang.all/89/74/asset-2518974.jpg",
    "squareImage": "https://static.colruytgroup.com/images/500x500sq/std.lang.all/89/74/asset-2518974.jpg",
    "content": "200g",
    "walkRouteSequenceNumber": 1388,
    "price": {
      "basicPrice": 1.17,
      "recommendedQuantity": "1.0",
      "measurementUnitPrice": 5.85,
      "measurementUnit": "K",
      "isRedPrice": false,
      "pricePerUOM": 5.85,
      "activationDate": "21-03-2024",
      "recordSource": "Offline",
      "isPromoActive": "N",
      "priceChangeCode": "E"
    },
    "isAvailable": true,
    "isPriceAvailable": true,
    "inPromo": false,
    "gtin": [
      "15400141051893",
      "05400141051896",
      "05400141407815"
    ],
    "topCategoryName": "Koeken/Chocolade/Snoep",
    "topCategoryId": "335",
    "businessDomain": "RETAIL_BE",
    "IsPrivateLabel": true,
    "IsBiffe": false,
    "WeightconversionFactor": "0",
    "IsWeightArticle": false,
    "nutriscoreLabel": "E",
    "IsBio": false,
    "CountryOfOrigin": "BELGIË",
    "IsExclusivelySoldInLuxembourg": false,
    "OrderUnit": "P",
    "ShortName": "EVD TABLET WIT 200G",
    "IsNew": false,
    "EcoscoreLabel": "C",
    "RecentQuanityOfStockUnits": "1,36",
    "LongName": "EVERYDAY chocolade wit 200g",
    "AlcoholVolume": "0",
    "FicCode": "I",
    "EcoscoreValue": "43"
  },
  {
    "productId": "130044",
    "technicalArticleNumber": "3219047",
    "commercialArticleNumber": "1141",
    "name": "Luikse wafels mini chocolade",
    "description": "*Individueel verpakt",
    "brand": "BONI",
    "seoBrand": "Boni Selection",
    "thumbNail": "https://static.colruytgroup.com/images/200x200/nl_be/29/11/asset-2762911.jpg",
    "fullImage": "https://static.colruytgroup.com/images/500x500/nl_be/29/11/asset-2762911.jpg",
    "squareImage": "https://static.colruytgroup.com/images/500x500sq/nl_be/29/11/asset-2762911.jpg",
    "content": "8x42g",
    "walkRouteSequenceNumber": 1842,
    "price": {
      "basicPrice": 1.88,
      "recommendedQuantity": "1.0",
      "measurementUnitPrice": 5.6,
      "measurementUnit": "K",
      "isRedPrice": false,
      "pricePerUOM": 5.6,
      "activationDate": "18-01-2024",
      "recordSource": "Offline",
      "isPromoActive": "N",
      "priceChangeCode": "H"
    },
    "isAvailable": true,
    "isPriceAvailable": true,
    "inPromo": false,
    "gtin": [
      "15400141049265",
      "05400141311600",
      "05400141049268",
      "15400141311607",
      "05400141443479",
      "15400141443476"
    ],
    "topCategoryName": "Koeken/Chocolade/Snoep",
    "topCategoryId": "335",
    "businessDomain": "RETAIL_BE",
    "IsPrivateLabel": true,
    "IsBiffe": false,
    "WeightconversionFactor": "0",
    "IsWeightArticle": false,
    "nutriscoreLabel": "E",
    "IsBio": false,
    "CountryOfOrigin": "BELGIË",
    "IsExclusivelySoldInLuxembourg": false,
    "OrderUnit": "P",
    "ShortName": "BONI MI CHO LUIK WAF336",
    "IsNew": false,
    "EcoscoreLabel": "A",
    "RecentQuanityOfStockUnits": "1,12",
    "LongName": "BONI Luikse wafels mini chocolade 8x42g",
    "AlcoholVolume": "0",
    "FicCode": "I",
    "EcoscoreValue": "86"
  },
  {
    "productId": "320371",
    "technicalArticleNumber": "3775453",
    "commercialArticleNumber": "17183",
    "name": "paaseitjes mix",
    "brand": "BONI",
    "seoBrand": "Boni Selection",
    "thumbNail": "https://static.colruytgroup.com/images/200x200/std.lang.all/04/12/asset-1700412.jpg",
    "fullImage": "https://static.colruytgroup.com/images/500x500/std.lang.all/04/12/asset-1700412.jpg",
    "squareImage": "https://static.colruytgroup.com/images/500x500sq/std.lang.all/04/12/asset-1700412.jpg",
    "content": "500g",
    "walkRouteSequenceNumber": 1580,
    "price": {
      "basicPrice": 3.98,
      "recommendedQuantity": "1.0",
      "measurementUnitPrice": 7.96,
      "measurementUnit": "K",
      "isRedPrice": false,
      "pricePerUOM": 7.96,
      "activationDate": "14-03-2024",
      "recordSource": "Offline",
      "isPromoActive": "N",
      "priceChangeCode": "E"
    },
    "isAvailable": true,
    "isPriceAvailable": true,
    "inPromo": false,
    "gtin": [
      "05400141333404",
      "05400141143928",
      "05400141163131",
      "15400141333401"
    ],
    "topCategoryName": "Koeken/Chocolade/Snoep",
    "topCategoryId": "335",
    "businessDomain": "RETAIL_BE",
    "IsPrivateLabel": true,
    "IsBiffe": false,
    "WeightconversionFactor": "0",
    "IsWeightArticle": false,
    "nutriscoreLabel": "E",
    "IsBio": false,
    "CountryOfOrigin": "BELGIË",
    "IsExclusivelySoldInLuxembourg": false,
    "OrderUnit": "P",
    "ShortName": "BONI PAASEITJES MIX 500",
    "InSeason": true,
    "IsNew": false,
    "EcoscoreLabel": "C",
    "RecentQuanityOfStockUnits": "1,16",
    "LongName": "BONI paaseitjes mix 500g",
    "AlcoholVolume": "0",
    "StartSeasonDate": "25/10/2023",
    "FicCode": "I",
    "EcoscoreValue": "42"
  },
  {
    "productId": "1635",
    "technicalArticleNumber": "21121",
    "commercialArticleNumber": "21121",
    "name": "Sinaasappel",
    "brand": "LU PIM'S",
    "seoBrand": "LU Pim's",
    "thumbNail": "https://static.colruytgroup.com/images/200x200/std.lang.all/10/58/asset-2181058.jpg",
    "fullImage": "https://static.colruytgroup.com/images/500x500/std.lang.all/10/58/asset-2181058.jpg",
    "squareImage": "https://static.colruytgroup.com/images/500x500sq/std.lang.all/10/58/asset-2181058.jpg",
    "content": "150g",
    "walkRouteSequenceNumber": 2158,
    "price": {
      "basicPrice": 1.12,
      "recommendedQuantity": "1.0",
      "measurementUnitPrice": 7.47,
      "measurementUnit": "K",
      "isRedPrice": false,
      "pricePerUOM": 7.47,
      "activationDate": "21-03-2024",
      "recordSource": "Folder",
      "isPromoActive": "Y",
      "priceChangeCode": "L"
    },
    "isAvailable": true,
    "isPriceAvailable": true,
    "inPromo": true,
    "promotion": [
      {
        "techPromoId": "100898COLR",
        "promotionId": "100898",
        "promotionType": "3",
        "isPersonalized": "N",
        "publicationStartDate": "13-03-2024",
        "publicationEndDate": "26-03-2024"
      }
    ],
    "gtin": [
      "00000024211215",
      "05400141211214",
      "05410041005707",
      "07622210862464",
      "15410041495208"
    ],
    "topCategoryName": "Koeken/Chocolade/Snoep",
    "topCategoryId": "335",
    "businessDomain": "RETAIL_BE",
    "IsPrivateLabel": false,
    "IsBiffe": false,
    "WeightconversionFactor": "0",
    "IsWeightArticle": false,
    "nutriscoreLabel": "E",
    "IsBio": false,
    "CountryOfOrigin": "BELGIË",
    "IsExclusivelySoldInLuxembourg": false,
    "OrderUnit": "P",
    "ShortName": "LU PIMS CAKE ORANGE 150",
    "IsNew": false,
    "RecentQuanityOfStockUnits": "15,1",
    "LongName": "LU PIM'S Sinaasappel 150g",
    "AlcoholVolume": "0",
    "FicCode": "E"
  },
  {
    "productId": "98502",
    "technicalArticleNumber": "2806193",
    "commercialArticleNumber": "17215",
    "name": "Mini-Frangipanes 12 stuks",
    "description": "*Individueel verpakt",
    "brand": "LOTUS",
    "seoBrand": "Lotus",
    "thumbNail": "https://static.colruytgroup.com/images/200x200/std.lang.all/04/38/asset-2060438.jpg",
    "fullImage": "https://static.colruytgroup.com/images/500x500/std.lang.all/04/38/asset-2060438.jpg",
    "squareImage": "https://static.colruytgroup.com/images/500x500sq/std.lang.all/04/38/asset-2060438.jpg",
    "content": "12x32,5g",
    "walkRouteSequenceNumber": 2027,
    "price": {
      "basicPrice": 3.78,
      "recommendedQuantity": "1.0",
      "measurementUnitPrice": 9.7,
      "measurementUnit": "K",
      "isRedPrice": false,
      "pricePerUOM": 9.7,
      "activationDate": "17-02-2024",
      "recordSource": "Offline",
      "isPromoActive": "N",
      "priceChangeCode": "E"
    },
    "isAvailable": true,
    "isPriceAvailable": true,
    "inPromo": false,
    "gtin": [
      "15410126050568",
      "05410126050561"
    ],
    "topCategoryName": "Koeken/Chocolade/Snoep",
    "topCategoryId": "335",
    "businessDomain": "RETAIL_BE",
    "IsPrivateLabel": false,
    "IsBiffe": false,
    "WeightconversionFactor": "0",
    "IsWeightArticle": false,
    "nutriscoreLabel": "E",
    "IsBio": false,
    "CountryOfOrigin": "BELGIË",
    "IsExclusivelySoldInLuxembourg": false,
    "OrderUnit": "P",
    "ShortName": "LOT MINI FRANGIPANE390G",
    "IsNew": false,
    "RecentQuanityOfStockUnits": "1,12",
    "LongName": "LOTUS Mini-Frangipanes 12 stuks 12x32,5g",
    "AlcoholVolume": "0",
    "FicCode": "E"
  },
  {
    "productId": "86845",
    "technicalArticleNumber": "2962888",
    "commercialArticleNumber": "32329",
    "name": "Chococrocs koeken",
    "description": "*Individueel verpakt",
    "brand": "BONI",
    "seoBrand": "Boni Selection",
    "thumbNail": "https://static.colruytgroup.com/images/200x200/std.lang.all/24/44/asset-3452444.jpg",
    "fullImage": "https://static.colruytgroup.com/images/500x500/std.lang.all/24/44/asset-3452444.jpg",
    "squareImage": "https://static.colruytgroup.com/images/500x500sq/std.lang.all/24/44/asset-3452444.jpg",
    "content": "6x25g",
    "walkRouteSequenceNumber": 2295,
    "price": {
      "basicPrice": 2.49,
      "recommendedQuantity": "1.0",
      "measurementUnitPrice": 16.6,
      "measurementUnit": "K",
      "isRedPrice": false,
      "pricePerUOM": 16.6,
      "activationDate": "21-11-2023",
      "recordSource": "Offline",
      "isPromoActive": "N",
      "priceChangeCode": "H"
    },
    "isAvailable": true,
    "isPriceAvailable": true,
    "inPromo": false,
    "gtin": [
      "05400141021707",
      "15400141977759",
      "15400141290605",
      "05400141353365",
      "05400141290608",
      "05400141056389",
      "15400141543954",
      "05400141543957"
    ],
    "topCategoryName": "Koeken/Chocolade/Snoep",
    "topCategoryId": "335",
    "businessDomain": "RETAIL_BE",
    "IsPrivateLabel": true,
    "IsBiffe": false,
    "WeightconversionFactor": "0",
    "IsWeightArticle": false,
    "nutriscoreLabel": "E",
    "IsBio": false,
    "CountryOfOrigin": "TURKIJE",
    "IsExclusivelySoldInLuxembourg": false,
    "OrderUnit": "P",
    "ShortName": "BONI CROCS 150G",
    "IsNew": false,
    "EcoscoreLabel": "C",
    "RecentQuanityOfStockUnits": "24,1",
    "LongName": "BONI Chococrocs koeken 6x25g",
    "AlcoholVolume": "0",
    "FicCode": "I",
    "EcoscoreValue": "48"
  },
  {
    "productId": "17556",
    "technicalArticleNumber": "1768943",
    "commercialArticleNumber": "21445",
    "name": "abrikozenflappen",
    "brand": "EVERYDAY",
    "seoBrand": "Everyday",
    "thumbNail": "https://static.colruytgroup.com/images/200x200/std.lang.all/89/61/asset-2518961.jpg",
    "fullImage": "https://static.colruytgroup.com/images/500x500/std.lang.all/89/61/asset-2518961.jpg",
    "squareImage": "https://static.colruytgroup.com/images/500x500sq/std.lang.all/89/61/asset-2518961.jpg",
    "content": "4x50g",
    "walkRouteSequenceNumber": 2119,
    "price": {
      "basicPrice": 1.25,
      "recommendedQuantity": "1.0",
      "measurementUnitPrice": 6.25,
      "measurementUnit": "K",
      "isRedPrice": false,
      "pricePerUOM": 6.25,
      "activationDate": "01-03-2024",
      "recordSource": "Offline",
      "isPromoActive": "N",
      "priceChangeCode": "L"
    },
    "isAvailable": true,
    "isPriceAvailable": true,
    "inPromo": false,
    "gtin": [
      "15400141998068",
      "05400141998061",
      "05400141383461",
      "15400141835554",
      "05400141191776"
    ],
    "topCategoryName": "Koeken/Chocolade/Snoep",
    "topCategoryId": "335",
    "businessDomain": "RETAIL_BE",
    "IsPrivateLabel": true,
    "IsBiffe": false,
    "WeightconversionFactor": "0",
    "IsWeightArticle": false,
    "nutriscoreLabel": "E",
    "IsBio": false,
    "CountryOfOrigin": "BELGIË",
    "IsExclusivelySoldInLuxembourg": false,
    "OrderUnit": "P",
    "ShortName": "EVD ABRIKOFLAP 200.",
    "IsNew": false,
    "EcoscoreLabel": "B",
    "RecentQuanityOfStockUnits": "12,1",
    "LongName": "EVERYDAY abrikozenflappen 4x50g",
    "AlcoholVolume": "0",
    "FicCode": "I",
    "EcoscoreValue": "70"
  },
  {
    "productId": "621767",
    "technicalArticleNumber": "4301541",
    "commercialArticleNumber": "23616",
    "name": "nutbar",
    "brand": "KNOPPERS",
    "seoBrand": "Knoppers",
    "thumbNail": "https://static.colruytgroup.com/images/200x200/std.lang.all/79/85/asset-2217985.jpg",
    "fullImage": "https://static.colruytgroup.com/images/500x500/std.lang.all/79/85/asset-2217985.jpg",
    "squareImage": "https://static.colruytgroup.com/images/500x500sq/std.lang.all/79/85/asset-2217985.jpg",
    "content": "5x40g",
    "walkRouteSequenceNumber": 1515,
    "price": {
      "basicPrice": 1.89,
      "recommendedQuantity": "1.0",
      "measurementUnitPrice": 9.45,
      "measurementUnit": "K",
      "isRedPrice": false,
      "pricePerUOM": 9.45,
      "activationDate": "28-02-2024",
      "recordSource": "Offline",
      "isPromoActive": "N",
      "priceChangeCode": "E"
    },
    "isAvailable": true,
    "isPriceAvailable": true,
    "inPromo": false,
    "gtin": [
      "04014400471656",
      "04014400929065"
    ],
    "topCategoryName": "Koeken/Chocolade/Snoep",
    "topCategoryId": "335",
    "businessDomain": "RETAIL_BE",
    "IsPrivateLabel": false,
    "IsBiffe": false,
    "WeightconversionFactor": "0",
    "IsWeightArticle": false,
    "nutriscoreLabel": "E",
    "IsBio": false,
    "CountryOfOrigin": "DUITSLAND",
    "IsExclusivelySoldInLuxembourg": false,
    "OrderUnit": "P",
    "ShortName": "KNOP NUTBAR 5X40G",
    "IsNew": false,
    "EcoscoreLabel": "D",
    "RecentQuanityOfStockUnits": "1,15",
    "LongName": "KNOPPERS nutbar 5x40g",
    "FicCode": "E",
    "EcoscoreValue": "32"
  },
  {
    "productId": "1468",
    "technicalArticleNumber": "20004",
    "commercialArticleNumber": "20004",
    "name": "melkchocolade",
    "description": "*Belgische chocolade",
    "brand": "CÔTE D'OR",
    "seoBrand": "Côte d'Or",
    "thumbNail": "https://static.colruytgroup.com/images/200x200/std.lang.all/99/24/asset-3419924.jpg",
    "fullImage": "https://static.colruytgroup.com/images/500x500/std.lang.all/99/24/asset-3419924.jpg",
    "squareImage": "https://static.colruytgroup.com/images/500x500sq/std.lang.all/99/24/asset-3419924.jpg",
    "content": "150g",
    "walkRouteSequenceNumber": 1411,
    "price": {
      "basicPrice": 2.49,
      "recommendedQuantity": "3.0",
      "measurementUnitPrice": 16.6,
      "measurementUnit": "K",
      "isRedPrice": false,
      "pricePerUOM": 16.6,
      "activationDate": "20-03-2024",
      "recordSource": "Offline",
      "isPromoActive": "N",
      "priceChangeCode": "H"
    },
    "isAvailable": true,
    "isPriceAvailable": true,
    "inPromo": false,
    "gtin": [
      "05410081201008",
      "05410081231005",
      "07622201030124",
      "07622201030223"
    ],
    "topCategoryName": "Koeken/Chocolade/Snoep",
    "topCategoryId": "335",
    "businessDomain": "RETAIL_BE",
    "IsPrivateLabel": false,
    "IsBiffe": false,
    "WeightconversionFactor": "0",
    "IsWeightArticle": false,
    "nutriscoreLabel": "E",
    "IsBio": false,
    "CountryOfOrigin": "BELGIË",
    "IsExclusivelySoldInLuxembourg": false,
    "OrderUnit": "P",
    "ShortName": "CD TABL MELK 150G",
    "IsNew": false,
    "RecentQuanityOfStockUnits": "3,1,36",
    "LongName": "CÔTE D'OR melkchocolade 150g",
    "AlcoholVolume": "0",
    "FicCode": "E"
  },
  {
    "productId": "29774",
    "technicalArticleNumber": "1915951",
    "commercialArticleNumber": "21634",
    "name": "koeken chocolade",
    "brand": "LU PRINCE",
    "seoBrand": "Lu",
    "thumbNail": "https://static.colruytgroup.com/images/200x200/std.lang.all/07/10/asset-2080710.jpg",
    "fullImage": "https://static.colruytgroup.com/images/500x500/std.lang.all/07/10/asset-2080710.jpg",
    "squareImage": "https://static.colruytgroup.com/images/500x500sq/std.lang.all/07/10/asset-2080710.jpg",
    "content": "300g",
    "walkRouteSequenceNumber": 2279,
    "price": {
      "basicPrice": 1.55,
      "recommendedQuantity": "3.0",
      "measurementUnitPrice": 5.17,
      "measurementUnit": "K",
      "isRedPrice": false,
      "pricePerUOM": 5.17,
      "activationDate": "28-02-2024",
      "recordSource": "Offline",
      "isPromoActive": "N",
      "priceChangeCode": "E"
    },
    "isAvailable": true,
    "isPriceAvailable": true,
    "inPromo": false,
    "gtin": [
      "07622210776389",
      "07622210776372",
      "07622210776273",
      "07622210776266",
      "05410041424805"
    ],
    "topCategoryName": "Koeken/Chocolade/Snoep",
    "topCategoryId": "335",
    "businessDomain": "RETAIL_BE",
    "IsPrivateLabel": false,
    "IsBiffe": false,
    "WeightconversionFactor": "0",
    "IsWeightArticle": false,
    "nutriscoreLabel": "E",
    "IsBio": false,
    "CountryOfOrigin": "BELGIË",
    "IsExclusivelySoldInLuxembourg": false,
    "OrderUnit": "P",
    "ShortName": "LU PRINC.FOURRE CHO 300",
    "InSeason": true,
    "IsNew": false,
    "RecentQuanityOfStockUnits": "1,3,24",
    "LongName": "LU PRINCE koeken chocolade 300g",
    "AlcoholVolume": "0",
    "StartSeasonDate": "27/07/2011",
    "FicCode": "E"
  },
  {
    "productId": "32404",
    "technicalArticleNumber": "1881964",
    "commercialArticleNumber": "21394",
    "name": "Choco As",
    "brand": "EVERYDAY",
    "seoBrand": "Everyday",
    "thumbNail": "https://static.colruytgroup.com/images/200x200/std.lang.all/45/45/asset-384545.jpg",
    "fullImage": "https://static.colruytgroup.com/images/500x500/std.lang.all/45/45/asset-384545.jpg",
    "squareImage": "https://static.colruytgroup.com/images/500x500sq/std.lang.all/45/45/asset-384545.jpg",
    "content": "250g",
    "walkRouteSequenceNumber": 2211,
    "price": {
      "basicPrice": 1.31,
      "recommendedQuantity": "1.0",
      "quantityPrice": 1.16,
      "quantityPriceQuantity": "4.0",
      "measurementUnitPrice": 5.24,
      "measurementUnitQuantityPrice": 4.64,
      "measurementUnit": "K",
      "isRedPrice": false,
      "pricePerUOM": 5.24,
      "activationDate": "23-03-2024",
      "recordSource": "Offline",
      "isPromoActive": "N",
      "priceChangeCode": "L",
      "quantityPricePerUOM": 4.64,
      "quantityActivationDate": "23-03-2024",
      "quantityPriceChangeCode": "E"
    },
    "isAvailable": true,
    "isPriceAvailable": true,
    "inPromo": false,
    "gtin": [
      "15400141912385",
      "05400141052688",
      "05400141058024",
      "15400141058021",
      "05400141912388"
    ],
    "topCategoryName": "Koeken/Chocolade/Snoep",
    "topCategoryId": "335",
    "businessDomain": "RETAIL_BE",
    "IsPrivateLabel": true,
    "IsBiffe": false,
    "WeightconversionFactor": "0",
    "IsWeightArticle": false,
    "nutriscoreLabel": "E",
    "IsBio": false,
    "CountryOfOrigin": "NEDERLAND",
    "IsExclusivelySoldInLuxembourg": false,
    "OrderUnit": "P",
    "ShortName": "EVD CHOCO AS250GR",
    "IsNew": false,
    "EcoscoreLabel": "C",
    "RecentQuanityOfStockUnits": "24,1",
    "LongName": "EVERYDAY Choco As 250g",
    "AlcoholVolume": "0",
    "FicCode": "I",
    "EcoscoreValue": "47"
  },
  {
    "productId": "838219",
    "technicalArticleNumber": "4681045",
    "commercialArticleNumber": "30442",
    "name": "Luikse wafel mini",
    "description": "*Individueel verpakt",
    "brand": "BONI",
    "seoBrand": "Boni Selection",
    "thumbNail": "https://static.colruytgroup.com/images/200x200/nl_be/61/17/asset-3216117.jpg",
    "fullImage": "https://static.colruytgroup.com/images/500x500/nl_be/61/17/asset-3216117.jpg",
    "squareImage": "https://static.colruytgroup.com/images/500x500sq/nl_be/61/17/asset-3216117.jpg",
    "content": "8x35g",
    "walkRouteSequenceNumber": 1794,
    "price": {
      "basicPrice": 1.54,
      "recommendedQuantity": "1.0",
      "measurementUnitPrice": 5.5,
      "measurementUnit": "K",
      "isRedPrice": false,
      "pricePerUOM": 5.5,
      "activationDate": "15-03-2024",
      "recordSource": "Offline",
      "isPromoActive": "N",
      "priceChangeCode": "H"
    },
    "isAvailable": true,
    "isPriceAvailable": true,
    "inPromo": false,
    "gtin": [
      "15400141615354",
      "05400141615357"
    ],
    "topCategoryName": "Koeken/Chocolade/Snoep",
    "topCategoryId": "335",
    "businessDomain": "RETAIL_BE",
    "IsPrivateLabel": true,
    "IsBiffe": false,
    "WeightconversionFactor": "0",
    "IsWeightArticle": false,
    "nutriscoreLabel": "E",
    "IsBio": false,
    "CountryOfOrigin": "BELGIË",
    "IsExclusivelySoldInLuxembourg": false,
    "OrderUnit": "P",
    "ShortName": "BONI MINI LUIK.WAF.8X35",
    "IsNew": false,
    "EcoscoreLabel": "C",
    "RecentQuanityOfStockUnits": "1,12",
    "LongName": "BONI Luikse wafel mini 8x35g",
    "AlcoholVolume": "0",
    "FicCode": "I",
    "EcoscoreValue": "56"
  },
  {
    "productId": "175837",
    "technicalArticleNumber": "3372399",
    "commercialArticleNumber": "19271",
    "name": "witte chocolade eitjes",
    "brand": "BONI",
    "seoBrand": "Boni Selection",
    "thumbNail": "https://static.colruytgroup.com/images/200x200/std.lang.all/58/46/asset-3405846.jpg",
    "fullImage": "https://static.colruytgroup.com/images/500x500/std.lang.all/58/46/asset-3405846.jpg",
    "squareImage": "https://static.colruytgroup.com/images/500x500sq/std.lang.all/58/46/asset-3405846.jpg",
    "content": "250g",
    "walkRouteSequenceNumber": 1579,
    "price": {
      "basicPrice": 1.98,
      "recommendedQuantity": "1.0",
      "measurementUnitPrice": 7.92,
      "measurementUnit": "K",
      "isRedPrice": false,
      "pricePerUOM": 7.92,
      "activationDate": "08-03-2024",
      "recordSource": "Offline",
      "isPromoActive": "N",
      "priceChangeCode": "L"
    },
    "isAvailable": true,
    "isPriceAvailable": true,
    "inPromo": false,
    "gtin": [
      "05400141276800",
      "05400141163186",
      "15400141977940",
      "15400141163183",
      "05400141977943",
      "15400141276807"
    ],
    "topCategoryName": "Koeken/Chocolade/Snoep",
    "topCategoryId": "335",
    "businessDomain": "RETAIL_BE",
    "IsPrivateLabel": true,
    "IsBiffe": false,
    "WeightconversionFactor": "0",
    "IsWeightArticle": false,
    "nutriscoreLabel": "E",
    "IsBio": false,
    "CountryOfOrigin": "BELGIË",
    "IsExclusivelySoldInLuxembourg": false,
    "OrderUnit": "P",
    "ShortName": "BONI PAASEITJES WIT 250",
    "InSeason": true,
    "IsNew": false,
    "EcoscoreLabel": "D",
    "RecentQuanityOfStockUnits": "40,1",
    "LongName": "BONI witte chocolade eitjes 250g",
    "AlcoholVolume": "0",
    "StartSeasonDate": "25/10/2023",
    "FicCode": "I",
    "EcoscoreValue": "29"
  },
  {
    "productId": "52596",
    "technicalArticleNumber": "2282274",
    "commercialArticleNumber": "8996",
    "name": "Chocotini koeken",
    "description": "*Individueel verpakt",
    "brand": "BONI",
    "seoBrand": "Boni Selection",
    "thumbNail": "https://static.colruytgroup.com/images/200x200/std.lang.all/93/30/asset-3209330.jpg",
    "fullImage": "https://static.colruytgroup.com/images/500x500/std.lang.all/93/30/asset-3209330.jpg",
    "squareImage": "https://static.colruytgroup.com/images/500x500sq/std.lang.all/93/30/asset-3209330.jpg",
    "content": "6x37,5g",
    "walkRouteSequenceNumber": 2280,
    "price": {
      "basicPrice": 1.49,
      "recommendedQuantity": "2.0",
      "measurementUnitPrice": 6.63,
      "measurementUnit": "K",
      "isRedPrice": false,
      "pricePerUOM": 6.63,
      "activationDate": "09-03-2024",
      "recordSource": "Offline",
      "isPromoActive": "N",
      "priceChangeCode": "L"
    },
    "isAvailable": true,
    "isPriceAvailable": true,
    "inPromo": false,
    "gtin": [
      "15400141470656",
      "05400141470659",
      "05400141131499",
      "15400141131496",
      "05400141989960",
      "05400141405477",
      "05400141191257",
      "15400141823636",
      "05400141052725"
    ],
    "topCategoryName": "Koeken/Chocolade/Snoep",
    "topCategoryId": "335",
    "businessDomain": "RETAIL_BE",
    "IsPrivateLabel": true,
    "IsBiffe": false,
    "WeightconversionFactor": "0",
    "IsWeightArticle": false,
    "nutriscoreLabel": "E",
    "IsBio": false,
    "CountryOfOrigin": "TURKIJE",
    "IsExclusivelySoldInLuxembourg": false,
    "OrderUnit": "P",
    "ShortName": "BONI CHOCOTINI 225GR",
    "IsNew": false,
    "EcoscoreLabel": "C",
    "RecentQuanityOfStockUnits": "2,1,16",
    "LongName": "BONI Chocotini koeken 6x37,5g",
    "AlcoholVolume": "0",
    "FicCode": "I",
    "EcoscoreValue": "44"
  },
  {
    "productId": "52821",
    "technicalArticleNumber": "2394827",
    "commercialArticleNumber": "9705",
    "name": "gevulde koeken chocolade",
    "brand": "EVERYDAY",
    "seoBrand": "Everyday",
    "thumbNail": "https://static.colruytgroup.com/images/200x200/std.lang.all/17/70/asset-2051770.jpg",
    "fullImage": "https://static.colruytgroup.com/images/500x500/std.lang.all/17/70/asset-2051770.jpg",
    "squareImage": "https://static.colruytgroup.com/images/500x500sq/std.lang.all/17/70/asset-2051770.jpg",
    "content": "500g",
    "walkRouteSequenceNumber": 2284,
    "price": {
      "basicPrice": 1.07,
      "recommendedQuantity": "1.0",
      "measurementUnitPrice": 2.14,
      "measurementUnit": "K",
      "isRedPrice": false,
      "pricePerUOM": 2.14,
      "activationDate": "14-03-2024",
      "recordSource": "Offline",
      "isPromoActive": "N",
      "priceChangeCode": "L"
    },
    "isAvailable": true,
    "isPriceAvailable": true,
    "inPromo": false,
    "gtin": [
      "15400141760467",
      "05400141760460",
      "05400141335637",
      "05400141191844",
      "05400141427097",
      "15400141335634",
      "05400141989113"
    ],
    "topCategoryName": "Koeken/Chocolade/Snoep",
    "topCategoryId": "335",
    "businessDomain": "RETAIL_BE",
    "IsPrivateLabel": true,
    "IsBiffe": false,
    "WeightconversionFactor": "0",
    "IsWeightArticle": false,
    "nutriscoreLabel": "E",
    "IsBio": false,
    "CountryOfOrigin": "NEDERLAND",
    "IsExclusivelySoldInLuxembourg": false,
    "OrderUnit": "P",
    "ShortName": "EVD FOURRES CHOCO 500GR",
    "IsNew": false,
    "EcoscoreLabel": "C",
    "RecentQuanityOfStockUnits": "20,1",
    "LongName": "EVERYDAY gevulde koeken chocolade 500g",
    "AlcoholVolume": "0",
    "FicCode": "I",
    "EcoscoreValue": "59"
  },
  {
    "productId": "13111",
    "technicalArticleNumber": "1220523",
    "commercialArticleNumber": "21872",
    "name": "boterwafels",
    "description": "*Individueel verpakt",
    "brand": "BONI",
    "seoBrand": "Boni Selection",
    "thumbNail": "https://static.colruytgroup.com/images/200x200/std.lang.all/83/31/asset-3258331.jpg",
    "fullImage": "https://static.colruytgroup.com/images/500x500/std.lang.all/83/31/asset-3258331.jpg",
    "squareImage": "https://static.colruytgroup.com/images/500x500sq/std.lang.all/83/31/asset-3258331.jpg",
    "content": "8x62,5g",
    "walkRouteSequenceNumber": 1801,
    "price": {
      "basicPrice": 3.39,
      "recommendedQuantity": "1.0",
      "measurementUnitPrice": 6.78,
      "measurementUnit": "K",
      "isRedPrice": false,
      "pricePerUOM": 6.78,
      "activationDate": "20-03-2024",
      "recordSource": "Folder",
      "isPromoActive": "N",
      "priceChangeCode": "L"
    },
    "isAvailable": true,
    "isPriceAvailable": true,
    "inPromo": false,
    "gtin": [
      "05400141052671",
      "05400141205862",
      "05400141308051",
      "15400141218722",
      "15400141308058",
      "15400141932680",
      "05400141458381",
      "15400141458388"
    ],
    "topCategoryName": "Koeken/Chocolade/Snoep",
    "topCategoryId": "335",
    "businessDomain": "RETAIL_BE",
    "IsPrivateLabel": true,
    "IsBiffe": false,
    "WeightconversionFactor": "0",
    "IsWeightArticle": false,
    "nutriscoreLabel": "E",
    "IsBio": false,
    "CountryOfOrigin": "BELGIË",
    "IsExclusivelySoldInLuxembourg": false,
    "OrderUnit": "P",
    "ShortName": "BONI ART WAF 8X2 500GR",
    "IsNew": false,
    "EcoscoreLabel": "C",
    "RecentQuanityOfStockUnits": "1,8",
    "LongName": "BONI boterwafels 8x62,5g",
    "AlcoholVolume": "0",
    "FicCode": "I",
    "EcoscoreValue": "56"
  },
  {
    "productId": "625895",
    "technicalArticleNumber": "4308501",
    "commercialArticleNumber": "16516",
    "name": "mini wafel chocolade",
    "brand": "CRUMBEL",
    "seoBrand": "Crumbel",
    "thumbNail": "https://static.colruytgroup.com/images/200x200/std.lang.all/57/77/asset-3245777.jpg",
    "fullImage": "https://static.colruytgroup.com/images/500x500/std.lang.all/57/77/asset-3245777.jpg",
    "squareImage": "https://static.colruytgroup.com/images/500x500sq/std.lang.all/57/77/asset-3245777.jpg",
    "content": "250g",
    "walkRouteSequenceNumber": 2037,
    "price": {
      "basicPrice": 4.29,
      "recommendedQuantity": "1.0",
      "measurementUnitPrice": 17.16,
      "measurementUnit": "K",
      "isRedPrice": false,
      "pricePerUOM": 17.16,
      "activationDate": "14-02-2024",
      "recordSource": "Offline",
      "isPromoActive": "N",
      "priceChangeCode": "E"
    },
    "isAvailable": true,
    "isPriceAvailable": true,
    "inPromo": false,
    "gtin": [
      "05425026052737",
      "05425026052775"
    ],
    "topCategoryName": "Koeken/Chocolade/Snoep",
    "topCategoryId": "335",
    "businessDomain": "RETAIL_BE",
    "IsPrivateLabel": false,
    "IsBiffe": false,
    "WeightconversionFactor": "0",
    "IsWeightArticle": false,
    "nutriscoreLabel": "E",
    "IsBio": false,
    "CountryOfOrigin": "BELGIË",
    "IsExclusivelySoldInLuxembourg": false,
    "OrderUnit": "P",
    "ShortName": "CRUM MINI WAF.CHOC.250G",
    "IsNew": false,
    "EcoscoreLabel": "B",
    "RecentQuanityOfStockUnits": "1",
    "LongName": "CRUMBEL mini wafel chocolade 250g",
    "FicCode": "E",
    "EcoscoreValue": "62"
  },
  {
    "productId": "9962",
    "technicalArticleNumber": "1348544",
    "commercialArticleNumber": "20693",
    "name": "Cha-Cha",
    "brand": "LU",
    "seoBrand": "LU Cha-Cha",
    "thumbNail": "https://static.colruytgroup.com/images/200x200/std.lang.all/68/03/asset-936803.jpg",
    "fullImage": "https://static.colruytgroup.com/images/500x500/std.lang.all/68/03/asset-936803.jpg",
    "squareImage": "https://static.colruytgroup.com/images/500x500sq/std.lang.all/68/03/asset-936803.jpg",
    "content": "12x27g",
    "walkRouteSequenceNumber": 1312,
    "price": {
      "basicPrice": 5.98,
      "recommendedQuantity": "2.0",
      "quantityPrice": 4.95,
      "quantityPriceQuantity": "3.0",
      "measurementUnitPrice": 18.46,
      "measurementUnitQuantityPrice": 15.28,
      "measurementUnit": "K",
      "isRedPrice": false,
      "pricePerUOM": 18.46,
      "activationDate": "22-03-2024",
      "recordSource": "Offline",
      "isPromoActive": "N",
      "priceChangeCode": "H",
      "quantityPricePerUOM": 15.28,
      "quantityActivationDate": "22-03-2024",
      "quantityPriceChangeCode": "E"
    },
    "isAvailable": true,
    "isPriceAvailable": true,
    "inPromo": false,
    "gtin": [
      "05400141206937",
      "05410041186604",
      "15410041186601"
    ],
    "topCategoryName": "Koeken/Chocolade/Snoep",
    "topCategoryId": "335",
    "businessDomain": "RETAIL_BE",
    "IsPrivateLabel": false,
    "IsBiffe": false,
    "WeightconversionFactor": "0",
    "IsWeightArticle": false,
    "nutriscoreLabel": "E",
    "IsBio": false,
    "CountryOfOrigin": "BELGIË",
    "IsExclusivelySoldInLuxembourg": false,
    "OrderUnit": "P",
    "ShortName": "LU CHA CHA 12 X 27 GR",
    "IsNew": false,
    "RecentQuanityOfStockUnits": "1,2",
    "LongName": "LU Cha-Cha 12x27g",
    "AlcoholVolume": "0",
    "FicCode": "E"
  },
  {
    "productId": "252019",
    "technicalArticleNumber": "3614290",
    "commercialArticleNumber": "18965",
    "name": "stroopwafels",
    "brand": "BONI",
    "seoBrand": "Boni Selection",
    "thumbNail": "https://static.colruytgroup.com/images/200x200/std.lang.all/07/34/asset-3330734.jpg",
    "fullImage": "https://static.colruytgroup.com/images/500x500/std.lang.all/07/34/asset-3330734.jpg",
    "squareImage": "https://static.colruytgroup.com/images/500x500sq/std.lang.all/07/34/asset-3330734.jpg",
    "content": "10x40g",
    "walkRouteSequenceNumber": 1846,
    "price": {
      "basicPrice": 1.79,
      "recommendedQuantity": "1.0",
      "measurementUnitPrice": 4.48,
      "measurementUnit": "K",
      "isRedPrice": false,
      "pricePerUOM": 4.48,
      "activationDate": "17-02-2024",
      "recordSource": "Offline",
      "isPromoActive": "N",
      "priceChangeCode": "E"
    },
    "isAvailable": true,
    "isPriceAvailable": true,
    "inPromo": false,
    "gtin": [
      "05400141046267",
      "15400141046264",
      "05400141311112",
      "15400141311119",
      "05400141876772",
      "15400141876779",
      "05400141441000",
      "05400141460155"
    ],
    "topCategoryName": "Koeken/Chocolade/Snoep",
    "topCategoryId": "335",
    "businessDomain": "RETAIL_BE",
    "IsPrivateLabel": true,
    "IsBiffe": false,
    "WeightconversionFactor": "0",
    "IsWeightArticle": false,
    "nutriscoreLabel": "E",
    "IsBio": false,
    "CountryOfOrigin": "NEDERLAND",
    "IsExclusivelySoldInLuxembourg": false,
    "OrderUnit": "P",
    "ShortName": "BONI STROOPWAFELS 400G",
    "IsNew": false,
    "EcoscoreLabel": "B",
    "RecentQuanityOfStockUnits": "1,12,1",
    "LongName": "BONI stroopwafels 10x40g",
    "AlcoholVolume": "0",
    "FicCode": "I",
    "EcoscoreValue": "61"
  },
  {
    "productId": "9106",
    "technicalArticleNumber": "1140073",
    "commercialArticleNumber": "21750",
    "name": "Muffins chocoladestukjes",
    "brand": "BONI",
    "seoBrand": "Boni Selection",
    "thumbNail": "https://static.colruytgroup.com/images/200x200/std.lang.all/79/36/asset-2787936.jpg",
    "fullImage": "https://static.colruytgroup.com/images/500x500/std.lang.all/79/36/asset-2787936.jpg",
    "squareImage": "https://static.colruytgroup.com/images/500x500sq/std.lang.all/79/36/asset-2787936.jpg",
    "content": "4x75g",
    "walkRouteSequenceNumber": 2065,
    "price": {
      "basicPrice": 1.69,
      "recommendedQuantity": "1.0",
      "quantityPrice": 1.49,
      "quantityPriceQuantity": "2.0",
      "measurementUnitPrice": 5.64,
      "measurementUnitQuantityPrice": 4.97,
      "measurementUnit": "K",
      "isRedPrice": false,
      "pricePerUOM": 5.64,
      "activationDate": "20-03-2024",
      "recordSource": "Offline",
      "isPromoActive": "N",
      "priceChangeCode": "E",
      "quantityPricePerUOM": 4.97,
      "quantityActivationDate": "20-03-2024",
      "quantityPriceChangeCode": "E"
    },
    "isAvailable": true,
    "isPriceAvailable": true,
    "inPromo": false,
    "gtin": [
      "05400141073720",
      "05400141138849",
      "05400141056846",
      "15400141824190",
      "15400141310860",
      "15400141056843",
      "05400141310863",
      "15400141804208",
      "05400141804201"
    ],
    "topCategoryName": "Koeken/Chocolade/Snoep",
    "topCategoryId": "335",
    "businessDomain": "RETAIL_BE",
    "IsPrivateLabel": true,
    "IsBiffe": false,
    "WeightconversionFactor": "0",
    "IsWeightArticle": false,
    "nutriscoreLabel": "E",
    "IsBio": false,
    "CountryOfOrigin": "BELGIË",
    "IsExclusivelySoldInLuxembourg": false,
    "OrderUnit": "P",
    "ShortName": "BONI VAN MUF CHO 300",
    "IsNew": false,
    "EcoscoreLabel": "C",
    "RecentQuanityOfStockUnits": "1,8",
    "LongName": "BONI Muffins chocoladestukjes 4x75g",
    "AlcoholVolume": "0",
    "FicCode": "I",
    "EcoscoreValue": "58"
  },
  {
    "productId": "829428",
    "technicalArticleNumber": "4668380",
    "commercialArticleNumber": "19320",
    "name": "paaseitjes mix",
    "description": "*Assortiment paaseitjes\n*Puur-melk-wit",
    "brand": "BONI",
    "seoBrand": "Boni Selection",
    "thumbNail": "https://static.colruytgroup.com/images/200x200/std.lang.all/42/45/asset-3414245.jpg",
    "fullImage": "https://static.colruytgroup.com/images/500x500/std.lang.all/42/45/asset-3414245.jpg",
    "squareImage": "https://static.colruytgroup.com/images/500x500sq/std.lang.all/42/45/asset-3414245.jpg",
    "content": "1kg",
    "walkRouteSequenceNumber": 1581,
    "price": {
      "basicPrice": 5.29,
      "recommendedQuantity": "1.0",
      "measurementUnitPrice": 5.29,
      "measurementUnit": "K",
      "isRedPrice": false,
      "pricePerUOM": 5.29,
      "activationDate": "23-03-2024",
      "recordSource": "Offline",
      "isPromoActive": "N",
      "priceChangeCode": "L"
    },
    "isAvailable": true,
    "isPriceAvailable": true,
    "inPromo": false,
    "gtin": [
      "05400141754445",
      "15400141754442",
      "05400141989083",
      "15400141989080"
    ],
    "topCategoryName": "Koeken/Chocolade/Snoep",
    "topCategoryId": "335",
    "businessDomain": "RETAIL_BE",
    "IsPrivateLabel": true,
    "IsBiffe": false,
    "WeightconversionFactor": "0",
    "IsWeightArticle": false,
    "nutriscoreLabel": "E",
    "IsBio": false,
    "CountryOfOrigin": "BELGIË",
    "IsExclusivelySoldInLuxembourg": false,
    "OrderUnit": "P",
    "ShortName": "BONI PAASEITJES MIX 1KG",
    "InSeason": true,
    "IsNew": false,
    "EcoscoreLabel": "D",
    "RecentQuanityOfStockUnits": "1,12",
    "LongName": "BONI paaseitjes mix 1kg",
    "StartSeasonDate": "25/10/2023",
    "FicCode": "I",
    "EcoscoreValue": "25"
  },
  {
    "productId": "1641",
    "technicalArticleNumber": "21218",
    "commercialArticleNumber": "21218",
    "name": "Boudoir",
    "brand": "LU",
    "seoBrand": "LU",
    "thumbNail": "https://static.colruytgroup.com/images/200x200/std.lang.all/23/63/asset-1762363.jpg",
    "fullImage": "https://static.colruytgroup.com/images/500x500/std.lang.all/23/63/asset-1762363.jpg",
    "squareImage": "https://static.colruytgroup.com/images/500x500sq/std.lang.all/23/63/asset-1762363.jpg",
    "content": "165g",
    "walkRouteSequenceNumber": 2336,
    "price": {
      "basicPrice": 2.59,
      "recommendedQuantity": "1.0",
      "measurementUnitPrice": 15.7,
      "measurementUnit": "K",
      "isRedPrice": false,
      "pricePerUOM": 15.7,
      "activationDate": "13-03-2024",
      "recordSource": "Offline",
      "isPromoActive": "N",
      "priceChangeCode": "E"
    },
    "isAvailable": true,
    "isPriceAvailable": true,
    "inPromo": true,
    "promotion": [
      {
        "techPromoId": "100898COLR",
        "promotionId": "100898",
        "promotionType": "3",
        "isPersonalized": "N",
        "publicationStartDate": "13-03-2024",
        "publicationEndDate": "26-03-2024"
      }
    ],
    "gtin": [
      "00000025212181",
      "05400141148077",
      "05410041004601",
      "07622210862440",
      "15410041004608"
    ],
    "topCategoryName": "Koeken/Chocolade/Snoep",
    "topCategoryId": "335",
    "businessDomain": "RETAIL_BE",
    "IsPrivateLabel": false,
    "IsBiffe": false,
    "WeightconversionFactor": "0",
    "IsWeightArticle": false,
    "nutriscoreLabel": "E",
    "IsBio": false,
    "CountryOfOrigin": "BELGIË",
    "IsExclusivelySoldInLuxembourg": false,
    "OrderUnit": "P",
    "ShortName": "LU DB BOUDOIRS 165 GR",
    "IsNew": false,
    "RecentQuanityOfStockUnits": "12,1",
    "LongName": "LU Boudoir 165g",
    "AlcoholVolume": "0",
    "FicCode": "E"
  },
  {
    "productId": "1021536",
    "technicalArticleNumber": "4790440",
    "commercialArticleNumber": "32375",
    "name": "Cake Donut Choco Mania",
    "brand": "LOTUS",
    "seoBrand": "Lotus",
    "thumbNail": "https://static.colruytgroup.com/images/200x200/std.lang.all/80/63/asset-3418063.jpg",
    "fullImage": "https://static.colruytgroup.com/images/500x500/std.lang.all/80/63/asset-3418063.jpg",
    "squareImage": "https://static.colruytgroup.com/images/500x500sq/std.lang.all/80/63/asset-3418063.jpg",
    "content": "6x34g",
    "walkRouteSequenceNumber": 2106,
    "price": {
      "basicPrice": 3.19,
      "recommendedQuantity": "1.0",
      "quantityPrice": 1.64,
      "quantityPriceQuantity": "2.0",
      "measurementUnitPrice": 15.64,
      "measurementUnitQuantityPrice": 8.04,
      "measurementUnit": "K",
      "isRedPrice": false,
      "pricePerUOM": 15.64,
      "activationDate": "22-03-2024",
      "recordSource": "Offline",
      "isPromoActive": "N",
      "priceChangeCode": "L",
      "quantityPricePerUOM": 8.04,
      "quantityActivationDate": "22-03-2024",
      "quantityPriceChangeCode": "E"
    },
    "isAvailable": true,
    "isPriceAvailable": true,
    "inPromo": false,
    "gtin": [
      "15410126030263",
      "05410126030266"
    ],
    "topCategoryName": "Koeken/Chocolade/Snoep",
    "topCategoryId": "335",
    "businessDomain": "RETAIL_BE",
    "IsPrivateLabel": false,
    "IsBiffe": false,
    "WeightconversionFactor": "0",
    "IsWeightArticle": false,
    "nutriscoreLabel": "E",
    "IsBio": false,
    "CountryOfOrigin": "BELGIË",
    "IsExclusivelySoldInLuxembourg": false,
    "OrderUnit": "P",
    "ShortName": "LOTU CAKE DON.CH.MA6X34",
    "IsNew": true,
    "RecentQuanityOfStockUnits": "8,1",
    "LongName": "LOTUS Cake Donut Choco Mania 6x34g",
    "AlcoholVolume": "0",
    "FicCode": "E"
  },
  {
    "productId": "175217",
    "technicalArticleNumber": "3372327",
    "commercialArticleNumber": "19933",
    "name": "eitjes melkchocolade",
    "brand": "BONI",
    "seoBrand": "Boni Selection",
    "thumbNail": "https://static.colruytgroup.com/images/200x200/std.lang.all/58/45/asset-3405845.jpg",
    "fullImage": "https://static.colruytgroup.com/images/500x500/std.lang.all/58/45/asset-3405845.jpg",
    "squareImage": "https://static.colruytgroup.com/images/500x500sq/std.lang.all/58/45/asset-3405845.jpg",
    "content": "250g",
    "walkRouteSequenceNumber": 1587,
    "price": {
      "basicPrice": 1.98,
      "recommendedQuantity": "1.0",
      "measurementUnitPrice": 7.92,
      "measurementUnit": "K",
      "isRedPrice": false,
      "pricePerUOM": 7.92,
      "activationDate": "16-03-2024",
      "recordSource": "Offline",
      "isPromoActive": "N",
      "priceChangeCode": "L"
    },
    "isAvailable": true,
    "isPriceAvailable": true,
    "inPromo": false,
    "gtin": [
      "05400141143904",
      "15400141143901",
      "05400141989069",
      "05400141358162",
      "15400141337065",
      "05400141337068",
      "15400141989066"
    ],
    "topCategoryName": "Koeken/Chocolade/Snoep",
    "topCategoryId": "335",
    "businessDomain": "RETAIL_BE",
    "IsPrivateLabel": true,
    "IsBiffe": false,
    "WeightconversionFactor": "0",
    "IsWeightArticle": false,
    "nutriscoreLabel": "E",
    "IsBio": false,
    "CountryOfOrigin": "BELGIË",
    "IsExclusivelySoldInLuxembourg": false,
    "OrderUnit": "P",
    "ShortName": "BONI PAASEITJES MELK250",
    "InSeason": true,
    "IsNew": false,
    "EcoscoreLabel": "D",
    "RecentQuanityOfStockUnits": "1,40",
    "LongName": "BONI eitjes melkchocolade 250g",
    "AlcoholVolume": "0",
    "StartSeasonDate": "25/10/2023",
    "FicCode": "I",
    "EcoscoreValue": "28"
  },
  {
    "productId": "175217",
    "technicalArticleNumber": "3372327",
    "commercialArticleNumber": "19933",
    "name": "eitjes melkchocolade",
    "brand": "BONI",
    "seoBrand": "Boni Selection",
    "thumbNail": "https://static.colruytgroup.com/images/200x200/std.lang.all/58/45/asset-3405845.jpg",
    "fullImage": "https://static.colruytgroup.com/images/500x500/std.lang.all/58/45/asset-3405845.jpg",
    "squareImage": "https://static.colruytgroup.com/images/500x500sq/std.lang.all/58/45/asset-3405845.jpg",
    "content": "250g",
    "walkRouteSequenceNumber": 1587,
    "price": {
      "basicPrice": 1.98,
      "recommendedQuantity": "1.0",
      "measurementUnitPrice": 7.92,
      "measurementUnit": "K",
      "isRedPrice": false,
      "pricePerUOM": 7.92,
      "activationDate": "16-03-2024",
      "recordSource": "Offline",
      "isPromoActive": "N",
      "priceChangeCode": "L"
    },
    "isAvailable": true,
    "isPriceAvailable": true,
    "inPromo": false,
    "gtin": [
      "05400141143904",
      "15400141143901",
      "05400141989069",
      "05400141358162",
      "15400141337065",
      "05400141337068",
      "15400141989066"
    ],
    "topCategoryName": "Koeken/Chocolade/Snoep",
    "topCategoryId": "335",
    "businessDomain": "RETAIL_BE",
    "IsPrivateLabel": true,
    "IsBiffe": false,
    "WeightconversionFactor": "0",
    "IsWeightArticle": false,
    "nutriscoreLabel": "E",
    "IsBio": false,
    "CountryOfOrigin": "BELGIË",
    "IsExclusivelySoldInLuxembourg": false,
    "OrderUnit": "P",
    "ShortName": "BONI PAASEITJES MELK250",
    "InSeason": true,
    "IsNew": false,
    "EcoscoreLabel": "D",
    "RecentQuanityOfStockUnits": "1,40",
    "LongName": "BONI eitjes melkchocolade 250g",
    "AlcoholVolume": "0",
    "StartSeasonDate": "25/10/2023",
    "FicCode": "I",
    "EcoscoreValue": "28"
  },
  {
    "productId": "319507",
    "technicalArticleNumber": "3777627",
    "commercialArticleNumber": "51174",
    "name": "luikse wafel maxi",
    "description": "*Individueel verpakt",
    "brand": "BONI",
    "seoBrand": "Boni Selection",
    "thumbNail": "https://static.colruytgroup.com/images/200x200/std.lang.all/30/60/asset-2763060.jpg",
    "fullImage": "https://static.colruytgroup.com/images/500x500/std.lang.all/30/60/asset-2763060.jpg",
    "squareImage": "https://static.colruytgroup.com/images/500x500sq/std.lang.all/30/60/asset-2763060.jpg",
    "content": "8x90g",
    "walkRouteSequenceNumber": 2017,
    "price": {
      "basicPrice": 2.98,
      "recommendedQuantity": "1.0",
      "measurementUnitPrice": 4.14,
      "measurementUnit": "K",
      "isRedPrice": false,
      "pricePerUOM": 4.14,
      "activationDate": "20-03-2024",
      "recordSource": "Folder",
      "isPromoActive": "N",
      "priceChangeCode": "L"
    },
    "isAvailable": true,
    "isPriceAvailable": true,
    "inPromo": false,
    "gtin": [
      "05400141866216",
      "05400141470574",
      "15400141470571",
      "15400141311706",
      "05400141190793",
      "05400141311709",
      "15400141190790"
    ],
    "topCategoryName": "Koeken/Chocolade/Snoep",
    "topCategoryId": "335",
    "businessDomain": "RETAIL_BE",
    "IsPrivateLabel": true,
    "IsBiffe": false,
    "WeightconversionFactor": "0",
    "IsWeightArticle": false,
    "nutriscoreLabel": "E",
    "IsBio": false,
    "CountryOfOrigin": "BELGIË",
    "IsExclusivelySoldInLuxembourg": false,
    "OrderUnit": "P",
    "ShortName": "BONI LUIKSE WAFEL 8X90G",
    "IsNew": false,
    "EcoscoreLabel": "C",
    "RecentQuanityOfStockUnits": "8,1",
    "LongName": "BONI luikse wafel maxi 8x90g",
    "AlcoholVolume": "0",
    "FicCode": "I",
    "EcoscoreValue": "56"
  },
  {
    "productId": "1599",
    "technicalArticleNumber": "20778",
    "commercialArticleNumber": "20778",
    "name": "snoep zure beertjes",
    "brand": "EVERYDAY",
    "seoBrand": "Everyday",
    "thumbNail": "https://static.colruytgroup.com/images/200x200/std.lang.all/68/03/asset-2956803.jpg",
    "fullImage": "https://static.colruytgroup.com/images/500x500/std.lang.all/68/03/asset-2956803.jpg",
    "squareImage": "https://static.colruytgroup.com/images/500x500sq/std.lang.all/68/03/asset-2956803.jpg",
    "content": "500g",
    "walkRouteSequenceNumber": 1974,
    "price": {
      "basicPrice": 2.38,
      "recommendedQuantity": "2.0",
      "measurementUnitPrice": 4.76,
      "measurementUnit": "K",
      "isRedPrice": false,
      "pricePerUOM": 4.76,
      "activationDate": "12-12-2023",
      "recordSource": "Offline",
      "isPromoActive": "N",
      "priceChangeCode": "H"
    },
    "isAvailable": true,
    "isPriceAvailable": true,
    "inPromo": false,
    "gtin": [
      "15400141763215",
      "05400141763218",
      "05400141273731",
      "05400141359558",
      "05400141507782",
      "15400141273738",
      "00000025207781",
      "05400141207781"
    ],
    "topCategoryName": "Koeken/Chocolade/Snoep",
    "topCategoryId": "335",
    "businessDomain": "RETAIL_BE",
    "IsPrivateLabel": true,
    "IsBiffe": false,
    "WeightconversionFactor": "0",
    "IsWeightArticle": false,
    "nutriscoreLabel": "E",
    "IsBio": false,
    "CountryOfOrigin": "NEDERLAND",
    "IsExclusivelySoldInLuxembourg": false,
    "OrderUnit": "P",
    "ShortName": "EVD ZURE BEREN 500G",
    "IsNew": false,
    "EcoscoreLabel": "C",
    "RecentQuanityOfStockUnits": "1,20",
    "LongName": "EVERYDAY snoep zure beertjes 500g",
    "AlcoholVolume": "0",
    "FicCode": "I",
    "EcoscoreValue": "42"
  },
  {
    "productId": "860553",
    "technicalArticleNumber": "4711364",
    "commercialArticleNumber": "11931",
    "name": "eierkoeken",
    "description": "*Individueel verpakt",
    "brand": "BONI",
    "seoBrand": "Boni Selection",
    "thumbNail": "https://static.colruytgroup.com/images/200x200/std.lang.all/78/31/asset-3247831.jpg",
    "fullImage": "https://static.colruytgroup.com/images/500x500/std.lang.all/78/31/asset-3247831.jpg",
    "squareImage": "https://static.colruytgroup.com/images/500x500sq/std.lang.all/78/31/asset-3247831.jpg",
    "content": "8x35g",
    "walkRouteSequenceNumber": 2026,
    "price": {
      "basicPrice": 1.68,
      "recommendedQuantity": "1.0",
      "measurementUnitPrice": 6,
      "measurementUnit": "K",
      "isRedPrice": false,
      "pricePerUOM": 6,
      "activationDate": "08-02-2024",
      "recordSource": "Offline",
      "isPromoActive": "N",
      "priceChangeCode": "L"
    },
    "isAvailable": true,
    "isPriceAvailable": true,
    "inPromo": false,
    "gtin": [
      "15400141565567",
      "05400141565560"
    ],
    "topCategoryName": "Koeken/Chocolade/Snoep",
    "topCategoryId": "335",
    "businessDomain": "RETAIL_BE",
    "IsPrivateLabel": true,
    "IsBiffe": false,
    "WeightconversionFactor": "0",
    "IsWeightArticle": false,
    "nutriscoreLabel": "E",
    "IsBio": false,
    "CountryOfOrigin": "BELGIË",
    "IsExclusivelySoldInLuxembourg": false,
    "OrderUnit": "P",
    "ShortName": "BONI EIERKOEKEN 8X35G",
    "IsNew": false,
    "EcoscoreLabel": "C",
    "RecentQuanityOfStockUnits": "9,1",
    "LongName": "BONI eierkoeken 8x35g",
    "AlcoholVolume": "0",
    "FicCode": "I",
    "EcoscoreValue": "50"
  },
  {
    "productId": "55009",
    "technicalArticleNumber": "2326736",
    "commercialArticleNumber": "18475",
    "brand": "NESTLÉ LION",
    "seoBrand": "Nestlé Lion",
    "thumbNail": "https://static.colruytgroup.com/images/200x200/std.lang.all/23/82/asset-2732382.jpg",
    "fullImage": "https://static.colruytgroup.com/images/500x500/std.lang.all/23/82/asset-2732382.jpg",
    "squareImage": "https://static.colruytgroup.com/images/500x500sq/std.lang.all/23/82/asset-2732382.jpg",
    "content": "10x42g",
    "walkRouteSequenceNumber": 1302,
    "price": {
      "basicPrice": 3.71,
      "recommendedQuantity": "1.0",
      "measurementUnitPrice": 8.84,
      "measurementUnit": "K",
      "isRedPrice": false,
      "pricePerUOM": 8.84,
      "activationDate": "13-03-2024",
      "recordSource": "Offline",
      "isPromoActive": "N",
      "priceChangeCode": "H"
    },
    "isAvailable": true,
    "isPriceAvailable": true,
    "inPromo": false,
    "gtin": [
      "07613032628154",
      "07613032628161",
      "07613287391636"
    ],
    "topCategoryName": "Koeken/Chocolade/Snoep",
    "topCategoryId": "335",
    "businessDomain": "RETAIL_BE",
    "IsPrivateLabel": false,
    "IsBiffe": false,
    "WeightconversionFactor": "0",
    "IsWeightArticle": false,
    "nutriscoreLabel": "E",
    "IsBio": false,
    "CountryOfOrigin": "FRANKRIJK",
    "IsExclusivelySoldInLuxembourg": false,
    "OrderUnit": "P",
    "ShortName": "LION 10X42G",
    "IsNew": false,
    "RecentQuanityOfStockUnits": "1,24",
    "LongName": "NESTLÉ LION 10x42g",
    "AlcoholVolume": "0",
    "FicCode": "E"
  },
  {
    "productId": "778503",
    "technicalArticleNumber": "4572043",
    "commercialArticleNumber": "28521",
    "name": "brookie",
    "description": "*6 cakejes per pak\n*Heerlijke combinatie van:\n*-tedere brownie\n*-crumble van een cookie",
    "brand": "MILKA",
    "seoBrand": "Milka",
    "thumbNail": "https://static.colruytgroup.com/images/200x200/std.lang.all/12/97/asset-2821297.jpg",
    "fullImage": "https://static.colruytgroup.com/images/500x500/std.lang.all/12/97/asset-2821297.jpg",
    "squareImage": "https://static.colruytgroup.com/images/500x500sq/std.lang.all/12/97/asset-2821297.jpg",
    "content": "6x25,4g",
    "walkRouteSequenceNumber": 2111,
    "price": {
      "basicPrice": 1.99,
      "recommendedQuantity": "1.0",
      "measurementUnitPrice": 13.1,
      "measurementUnit": "K",
      "isRedPrice": false,
      "pricePerUOM": 13.1,
      "activationDate": "23-03-2024",
      "recordSource": "Folder",
      "isPromoActive": "N",
      "priceChangeCode": "E"
    },
    "isAvailable": true,
    "isPriceAvailable": true,
    "inPromo": false,
    "gtin": [
      "07622201521042",
      "07622201521059"
    ],
    "topCategoryName": "Koeken/Chocolade/Snoep",
    "topCategoryId": "335",
    "businessDomain": "RETAIL_BE",
    "IsPrivateLabel": false,
    "IsBiffe": false,
    "WeightconversionFactor": "0",
    "IsWeightArticle": false,
    "nutriscoreLabel": "E",
    "IsBio": false,
    "CountryOfOrigin": "FRANKRIJK",
    "IsExclusivelySoldInLuxembourg": false,
    "OrderUnit": "P",
    "ShortName": "MILK BROOKIE 6ST 152G",
    "IsNew": false,
    "RecentQuanityOfStockUnits": "1,13",
    "LongName": "MILKA brookie 6x25,4g",
    "FicCode": "E"
  },
  {
    "productId": "138030",
    "technicalArticleNumber": "3189482",
    "commercialArticleNumber": "6375",
    "name": "aardbeiensmaak 5st",
    "description": "*Individueel verpakt",
    "brand": "BN",
    "seoBrand": "BN Mini",
    "thumbNail": "https://static.colruytgroup.com/images/200x200/std.lang.all/87/84/asset-2758784.jpg",
    "fullImage": "https://static.colruytgroup.com/images/500x500/std.lang.all/87/84/asset-2758784.jpg",
    "squareImage": "https://static.colruytgroup.com/images/500x500sq/std.lang.all/87/84/asset-2758784.jpg",
    "content": "175g",
    "walkRouteSequenceNumber": 2298,
    "price": {
      "basicPrice": 2.55,
      "recommendedQuantity": "2.0",
      "measurementUnitPrice": 14.58,
      "measurementUnit": "K",
      "isRedPrice": false,
      "pricePerUOM": 14.58,
      "activationDate": "11-03-2024",
      "recordSource": "Offline",
      "isPromoActive": "N",
      "priceChangeCode": "H"
    },
    "isAvailable": true,
    "isPriceAvailable": true,
    "inPromo": false,
    "gtin": [
      "03061990044556",
      "03061990141118",
      "03061990042811",
      "03061990142146"
    ],
    "topCategoryName": "Koeken/Chocolade/Snoep",
    "topCategoryId": "335",
    "businessDomain": "RETAIL_BE",
    "IsPrivateLabel": false,
    "IsBiffe": false,
    "WeightconversionFactor": "0",
    "IsWeightArticle": false,
    "nutriscoreLabel": "E",
    "IsBio": false,
    "CountryOfOrigin": "BELGIË",
    "IsExclusivelySoldInLuxembourg": false,
    "OrderUnit": "P",
    "ShortName": "BN MINI 175G AARD.5 POC",
    "IsNew": false,
    "EcoscoreLabel": "C",
    "RecentQuanityOfStockUnits": "1,2,16",
    "LongName": "BN aardbeiensmaak 5st 175g",
    "AlcoholVolume": "0",
    "FicCode": "E",
    "EcoscoreValue": "55"
  },
  {
    "productId": "625922",
    "technicalArticleNumber": "4308534",
    "commercialArticleNumber": "16652",
    "name": "mini cake",
    "brand": "CRUMBEL",
    "seoBrand": "Crumbel",
    "thumbNail": "https://static.colruytgroup.com/images/200x200/std.lang.all/50/82/asset-2525082.jpg",
    "fullImage": "https://static.colruytgroup.com/images/500x500/std.lang.all/50/82/asset-2525082.jpg",
    "squareImage": "https://static.colruytgroup.com/images/500x500sq/std.lang.all/50/82/asset-2525082.jpg",
    "content": "300g",
    "walkRouteSequenceNumber": 2046,
    "price": {
      "basicPrice": 3.39,
      "recommendedQuantity": "1.0",
      "measurementUnitPrice": 11.3,
      "measurementUnit": "K",
      "isRedPrice": false,
      "pricePerUOM": 11.3,
      "activationDate": "23-03-2024",
      "recordSource": "Offline",
      "isPromoActive": "N",
      "priceChangeCode": "E"
    },
    "isAvailable": true,
    "isPriceAvailable": true,
    "inPromo": false,
    "gtin": [
      "05425026052744",
      "05425026052706"
    ],
    "topCategoryName": "Koeken/Chocolade/Snoep",
    "topCategoryId": "335",
    "businessDomain": "RETAIL_BE",
    "IsPrivateLabel": false,
    "IsBiffe": false,
    "WeightconversionFactor": "0",
    "IsWeightArticle": false,
    "nutriscoreLabel": "E",
    "IsBio": false,
    "CountryOfOrigin": "BELGIË",
    "IsExclusivelySoldInLuxembourg": false,
    "OrderUnit": "P",
    "ShortName": "CRUM MINI CAKE 300G",
    "IsNew": false,
    "EcoscoreLabel": "B",
    "RecentQuanityOfStockUnits": "1",
    "LongName": "CRUMBEL mini cake 300g",
    "FicCode": "E",
    "EcoscoreValue": "65"
  },
  {
    "productId": "1609",
    "technicalArticleNumber": "20872",
    "commercialArticleNumber": "20872",
    "name": "passeieren pure choc.",
    "brand": "SUPERCHOC",
    "seoBrand": "Super Choc",
    "thumbNail": "https://static.colruytgroup.com/images/200x200/nl_be/66/84/asset-846684.jpg",
    "fullImage": "https://static.colruytgroup.com/images/500x500/nl_be/66/84/asset-846684.jpg",
    "squareImage": "https://static.colruytgroup.com/images/500x500sq/nl_be/66/84/asset-846684.jpg",
    "content": "250g",
    "walkRouteSequenceNumber": 3377,
    "price": {
      "basicPrice": 1.59,
      "recommendedQuantity": "1.0",
      "measurementUnitPrice": 6.36,
      "measurementUnit": "K",
      "isRedPrice": false,
      "pricePerUOM": 6.36,
      "activationDate": "15-03-2024",
      "recordSource": "Offline",
      "isPromoActive": "N",
      "priceChangeCode": "L"
    },
    "isAvailable": true,
    "isPriceAvailable": true,
    "inPromo": false,
    "gtin": [
      "05411901059212",
      "05411901913064"
    ],
    "topCategoryName": "Koeken/Chocolade/Snoep",
    "topCategoryId": "335",
    "businessDomain": "RETAIL_BE",
    "IsPrivateLabel": false,
    "IsBiffe": false,
    "WeightconversionFactor": "0",
    "IsWeightArticle": false,
    "nutriscoreLabel": "E",
    "IsBio": false,
    "CountryOfOrigin": "BELGIË",
    "IsExclusivelySoldInLuxembourg": false,
    "OrderUnit": "P",
    "ShortName": "ZAK PAASEI FONDANT 250G",
    "InSeason": true,
    "IsNew": false,
    "EcoscoreLabel": "C",
    "RecentQuanityOfStockUnits": "24,1",
    "LongName": "SUPERCHOC passeieren pure choc. 250g",
    "AlcoholVolume": "0",
    "StartSeasonDate": "25/10/2023",
    "FicCode": "E",
    "EcoscoreValue": "45"
  },
  {
    "productId": "101211",
    "technicalArticleNumber": "2872829",
    "commercialArticleNumber": "34610",
    "name": "Original",
    "description": "*Individueel verpakt",
    "brand": "OREO",
    "seoBrand": "Oreo",
    "thumbNail": "https://static.colruytgroup.com/images/200x200/std.lang.all/25/18/asset-1142518.jpg",
    "fullImage": "https://static.colruytgroup.com/images/500x500/std.lang.all/25/18/asset-1142518.jpg",
    "squareImage": "https://static.colruytgroup.com/images/500x500sq/std.lang.all/25/18/asset-1142518.jpg",
    "content": "4x44g",
    "walkRouteSequenceNumber": 2216,
    "price": {
      "basicPrice": 1.44,
      "recommendedQuantity": "2.0",
      "measurementUnitPrice": 8.19,
      "measurementUnit": "K",
      "isRedPrice": false,
      "pricePerUOM": 8.19,
      "activationDate": "19-03-2024",
      "recordSource": "Offline",
      "isPromoActive": "N",
      "priceChangeCode": "H"
    },
    "isAvailable": true,
    "isPriceAvailable": true,
    "inPromo": false,
    "gtin": [
      "05400141391565",
      "07622210370419",
      "08410000810004"
    ],
    "topCategoryName": "Koeken/Chocolade/Snoep",
    "topCategoryId": "335",
    "businessDomain": "RETAIL_BE",
    "IsPrivateLabel": false,
    "IsBiffe": false,
    "WeightconversionFactor": "0",
    "IsWeightArticle": false,
    "nutriscoreLabel": "E",
    "IsBio": false,
    "CountryOfOrigin": "SPANJE",
    "IsExclusivelySoldInLuxembourg": false,
    "OrderUnit": "P",
    "ShortName": "OREO 176GR",
    "IsNew": false,
    "RecentQuanityOfStockUnits": "1,2,12",
    "LongName": "OREO Original 4x44g",
    "AlcoholVolume": "0",
    "FicCode": "E"
  },
  {
    "productId": "1639",
    "technicalArticleNumber": "21201",
    "commercialArticleNumber": "21201",
    "name": "La Barquette Aardbei",
    "brand": "LU LULU",
    "seoBrand": "LU LULU",
    "thumbNail": "https://static.colruytgroup.com/images/200x200/std.lang.all/54/08/asset-3145408.jpg",
    "fullImage": "https://static.colruytgroup.com/images/500x500/std.lang.all/54/08/asset-3145408.jpg",
    "squareImage": "https://static.colruytgroup.com/images/500x500sq/std.lang.all/54/08/asset-3145408.jpg",
    "content": "120g",
    "walkRouteSequenceNumber": 2302,
    "price": {
      "basicPrice": 1.79,
      "recommendedQuantity": "2.0",
      "measurementUnitPrice": 14.92,
      "measurementUnit": "K",
      "isRedPrice": false,
      "pricePerUOM": 14.92,
      "activationDate": "22-03-2024",
      "recordSource": "Offline",
      "isPromoActive": "N",
      "priceChangeCode": "L"
    },
    "isAvailable": true,
    "isPriceAvailable": true,
    "inPromo": false,
    "gtin": [
      "00000025212013",
      "13017760050248",
      "03017760038409",
      "05400141148084",
      "05400141212013"
    ],
    "topCategoryName": "Koeken/Chocolade/Snoep",
    "topCategoryId": "335",
    "businessDomain": "RETAIL_BE",
    "IsPrivateLabel": false,
    "IsBiffe": false,
    "WeightconversionFactor": "0",
    "IsWeightArticle": false,
    "nutriscoreLabel": "E",
    "IsBio": false,
    "CountryOfOrigin": "FRANKRIJK",
    "IsExclusivelySoldInLuxembourg": false,
    "OrderUnit": "P",
    "ShortName": "LU BARQUETTES AARDB 120",
    "IsNew": false,
    "RecentQuanityOfStockUnits": "1,20,2",
    "LongName": "LU LULU La Barquette Aardbei 120g",
    "AlcoholVolume": "0",
    "FicCode": "E"
  },
  {
    "productId": "119777",
    "technicalArticleNumber": "3001970",
    "commercialArticleNumber": "13570",
    "name": "koeken granen 4st",
    "description": "* Individueel verpakt",
    "brand": "DINOSAURUS",
    "seoBrand": "Lotus Dinosaurus",
    "thumbNail": "https://static.colruytgroup.com/images/200x200/nl_be/70/45/asset-3167045.jpg",
    "fullImage": "https://static.colruytgroup.com/images/500x500/nl_be/70/45/asset-3167045.jpg",
    "squareImage": "https://static.colruytgroup.com/images/500x500sq/nl_be/70/45/asset-3167045.jpg",
    "content": "175g",
    "walkRouteSequenceNumber": 1518,
    "price": {
      "basicPrice": 1.79,
      "recommendedQuantity": "3.0",
      "measurementUnitPrice": 10.23,
      "measurementUnit": "K",
      "isRedPrice": false,
      "pricePerUOM": 10.23,
      "activationDate": "02-01-2024",
      "recordSource": "Offline",
      "isPromoActive": "N",
      "priceChangeCode": "H"
    },
    "isAvailable": true,
    "isPriceAvailable": true,
    "inPromo": false,
    "gtin": [
      "05410126004779",
      "15410126004776",
      "15410126004608",
      "05410126004601"
    ],
    "topCategoryName": "Koeken/Chocolade/Snoep",
    "topCategoryId": "335",
    "businessDomain": "RETAIL_BE",
    "IsPrivateLabel": false,
    "IsBiffe": false,
    "WeightconversionFactor": "0",
    "IsWeightArticle": false,
    "nutriscoreLabel": "E",
    "IsBio": false,
    "CountryOfOrigin": "SPANJE",
    "IsExclusivelySoldInLuxembourg": false,
    "OrderUnit": "P",
    "ShortName": "LOTUS DINO GRANEN 175G",
    "IsNew": false,
    "RecentQuanityOfStockUnits": "1,12,3",
    "LongName": "DINOSAURUS koeken granen 4st 175g",
    "AlcoholVolume": "0",
    "FicCode": "E"
  },
  {
    "productId": "589213",
    "technicalArticleNumber": "4246683",
    "commercialArticleNumber": "20551",
    "name": "Beertje Chocolade",
    "brand": "LU LULU",
    "seoBrand": "LU LULU",
    "thumbNail": "https://static.colruytgroup.com/images/200x200/std.lang.all/57/56/asset-3145756.jpg",
    "fullImage": "https://static.colruytgroup.com/images/500x500/std.lang.all/57/56/asset-3145756.jpg",
    "squareImage": "https://static.colruytgroup.com/images/500x500sq/std.lang.all/57/56/asset-3145756.jpg",
    "content": "5x30g",
    "walkRouteSequenceNumber": 2285,
    "price": {
      "basicPrice": 2.55,
      "recommendedQuantity": "2.0",
      "measurementUnitPrice": 17,
      "measurementUnit": "K",
      "isRedPrice": false,
      "pricePerUOM": 17,
      "activationDate": "21-03-2024",
      "recordSource": "Offline",
      "isPromoActive": "N",
      "priceChangeCode": "H"
    },
    "isAvailable": true,
    "isPriceAvailable": true,
    "inPromo": false,
    "gtin": [
      "05410041138504",
      "55400141388003",
      "25410041138508"
    ],
    "topCategoryName": "Koeken/Chocolade/Snoep",
    "topCategoryId": "335",
    "businessDomain": "RETAIL_BE",
    "IsPrivateLabel": false,
    "IsBiffe": false,
    "WeightconversionFactor": "0",
    "IsWeightArticle": false,
    "nutriscoreLabel": "D",
    "IsBio": false,
    "CountryOfOrigin": "FRANKRIJK",
    "IsExclusivelySoldInLuxembourg": false,
    "OrderUnit": "P",
    "ShortName": "LU BEERTJE CHOCO 150GR",
    "IsNew": false,
    "RecentQuanityOfStockUnits": "2,1",
    "LongName": "LU LULU Beertje Chocolade 5x30g",
    "FicCode": "E"
  },
  {
    "productId": "1427",
    "technicalArticleNumber": "20461",
    "commercialArticleNumber": "20461",
    "name": "Bouchée Melk",
    "description": "*Belgische chocolade",
    "brand": "CÔTE D'OR",
    "seoBrand": "Côte d'Or",
    "thumbNail": "https://static.colruytgroup.com/images/200x200/std.lang.all/96/44/asset-3309644.jpg",
    "fullImage": "https://static.colruytgroup.com/images/500x500/std.lang.all/96/44/asset-3309644.jpg",
    "squareImage": "https://static.colruytgroup.com/images/500x500sq/std.lang.all/96/44/asset-3309644.jpg",
    "content": "8x25g",
    "walkRouteSequenceNumber": 1214,
    "price": {
      "basicPrice": 3.09,
      "recommendedQuantity": "2.0",
      "measurementUnitPrice": 15.45,
      "measurementUnit": "K",
      "isRedPrice": false,
      "pricePerUOM": 15.45,
      "activationDate": "29-02-2024",
      "recordSource": "Offline",
      "isPromoActive": "N",
      "priceChangeCode": "H"
    },
    "isAvailable": true,
    "isPriceAvailable": true,
    "inPromo": false,
    "gtin": [
      "00000025204612",
      "00000054037007",
      "05400141204612",
      "05410081209103",
      "07622210117748",
      "07622210117762",
      "07622210644886",
      "07622210644947"
    ],
    "topCategoryName": "Koeken/Chocolade/Snoep",
    "topCategoryId": "335",
    "businessDomain": "RETAIL_BE",
    "IsPrivateLabel": false,
    "IsBiffe": false,
    "WeightconversionFactor": "0",
    "IsWeightArticle": false,
    "nutriscoreLabel": "E",
    "IsBio": false,
    "CountryOfOrigin": "BELGIË",
    "IsExclusivelySoldInLuxembourg": false,
    "OrderUnit": "P",
    "ShortName": "CD BOUCHEE MELK 8X25G",
    "InSeason": true,
    "IsNew": false,
    "RecentQuanityOfStockUnits": "2,1,12",
    "LongName": "CÔTE D'OR Bouchée Melk 8x25g",
    "AlcoholVolume": "0",
    "StartSeasonDate": "24/08/1999",
    "FicCode": "E"
  },
  {
    "productId": "131287",
    "technicalArticleNumber": "3234096",
    "commercialArticleNumber": "36026",
    "name": "krokante galetten mini",
    "brand": "BONI",
    "seoBrand": "Boni Selection",
    "thumbNail": "https://static.colruytgroup.com/images/200x200/std.lang.all/29/24/asset-2762924.jpg",
    "fullImage": "https://static.colruytgroup.com/images/500x500/std.lang.all/29/24/asset-2762924.jpg",
    "squareImage": "https://static.colruytgroup.com/images/500x500sq/std.lang.all/29/24/asset-2762924.jpg",
    "content": "350g",
    "walkRouteSequenceNumber": 1793,
    "price": {
      "basicPrice": 2.99,
      "recommendedQuantity": "1.0",
      "quantityPrice": 2.32,
      "quantityPriceQuantity": "2.0",
      "measurementUnitPrice": 8.55,
      "measurementUnitQuantityPrice": 6.63,
      "measurementUnit": "K",
      "isRedPrice": false,
      "pricePerUOM": 8.55,
      "activationDate": "20-03-2024",
      "recordSource": "Offline",
      "isPromoActive": "N",
      "priceChangeCode": "E",
      "quantityPricePerUOM": 6.63,
      "quantityActivationDate": "20-03-2024",
      "quantityPriceChangeCode": "E"
    },
    "isAvailable": true,
    "isPriceAvailable": true,
    "inPromo": false,
    "gtin": [
      "05400141761672",
      "15400141761679",
      "15400141317067",
      "05400141215472",
      "05400141317060"
    ],
    "topCategoryName": "Koeken/Chocolade/Snoep",
    "topCategoryId": "335",
    "businessDomain": "RETAIL_BE",
    "IsPrivateLabel": true,
    "IsBiffe": false,
    "WeightconversionFactor": "0",
    "IsWeightArticle": false,
    "nutriscoreLabel": "E",
    "IsBio": false,
    "CountryOfOrigin": "BELGIË",
    "IsExclusivelySoldInLuxembourg": false,
    "OrderUnit": "P",
    "ShortName": "BONI MINI BOTERGALET350",
    "IsNew": false,
    "EcoscoreLabel": "B",
    "RecentQuanityOfStockUnits": "1,12",
    "LongName": "BONI krokante galetten mini 350g",
    "AlcoholVolume": "0",
    "FicCode": "I",
    "EcoscoreValue": "60"
  },
  {
    "productId": "94961",
    "technicalArticleNumber": "2853919",
    "commercialArticleNumber": "34409",
    "name": "Cake & Choc 5st",
    "description": "*Individueel verpakt",
    "brand": "MILKA",
    "seoBrand": "Milka",
    "thumbNail": "https://static.colruytgroup.com/images/200x200/std.lang.all/25/64/asset-1052564.jpg",
    "fullImage": "https://static.colruytgroup.com/images/500x500/std.lang.all/25/64/asset-1052564.jpg",
    "squareImage": "https://static.colruytgroup.com/images/500x500sq/std.lang.all/25/64/asset-1052564.jpg",
    "content": "5x35g",
    "walkRouteSequenceNumber": 1492,
    "price": {
      "basicPrice": 1.74,
      "recommendedQuantity": "1.0",
      "measurementUnitPrice": 9.95,
      "measurementUnit": "K",
      "isRedPrice": false,
      "pricePerUOM": 9.95,
      "activationDate": "15-03-2024",
      "recordSource": "Offline",
      "isPromoActive": "N",
      "priceChangeCode": "E"
    },
    "isAvailable": true,
    "isPriceAvailable": true,
    "inPromo": false,
    "gtin": [
      "07622300784751",
      "07622210295965",
      "07622300784744",
      "07622210052025"
    ],
    "topCategoryName": "Koeken/Chocolade/Snoep",
    "topCategoryId": "335",
    "businessDomain": "RETAIL_BE",
    "IsPrivateLabel": false,
    "IsBiffe": false,
    "WeightconversionFactor": "0",
    "IsWeightArticle": false,
    "nutriscoreLabel": "E",
    "IsBio": false,
    "CountryOfOrigin": "FRANKRIJK",
    "IsExclusivelySoldInLuxembourg": false,
    "OrderUnit": "P",
    "ShortName": "MILKA CAKE CHOC 175GR",
    "InSeason": true,
    "IsNew": false,
    "RecentQuanityOfStockUnits": "16,1",
    "LongName": "MILKA Cake & Choc 5st 5x35g",
    "AlcoholVolume": "0",
    "StartSeasonDate": "21/09/2022",
    "FicCode": "E"
  },
  {
    "productId": "525711",
    "technicalArticleNumber": "4113295",
    "commercialArticleNumber": "8875",
    "name": "mini softwafels poedersuiker",
    "brand": "BONI",
    "seoBrand": "Boni Selection",
    "thumbNail": "https://static.colruytgroup.com/images/200x200/std.lang.all/29/28/asset-2762928.jpg",
    "fullImage": "https://static.colruytgroup.com/images/500x500/std.lang.all/29/28/asset-2762928.jpg",
    "squareImage": "https://static.colruytgroup.com/images/500x500sq/std.lang.all/29/28/asset-2762928.jpg",
    "content": "6x50g",
    "walkRouteSequenceNumber": 1804,
    "price": {
      "basicPrice": 2.24,
      "recommendedQuantity": "1.0",
      "measurementUnitPrice": 7.47,
      "measurementUnit": "K",
      "isRedPrice": false,
      "pricePerUOM": 7.47,
      "activationDate": "31-01-2024",
      "isPromoActive": "N",
      "priceChangeCode": "E"
    },
    "isAvailable": true,
    "isPriceAvailable": true,
    "inPromo": false,
    "gtin": [
      "15400141293484",
      "05400141293487",
      "05400141457889",
      "15400141457886"
    ],
    "topCategoryName": "Koeken/Chocolade/Snoep",
    "topCategoryId": "335",
    "businessDomain": "RETAIL_BE",
    "IsPrivateLabel": true,
    "IsBiffe": false,
    "WeightconversionFactor": "0",
    "IsWeightArticle": false,
    "nutriscoreLabel": "E",
    "IsBio": false,
    "CountryOfOrigin": "BELGIË",
    "IsExclusivelySoldInLuxembourg": false,
    "OrderUnit": "P",
    "ShortName": "BONI M.WAF.PO.SUIKER300",
    "IsNew": false,
    "EcoscoreLabel": "B",
    "RecentQuanityOfStockUnits": "1,12",
    "LongName": "BONI mini softwafels poedersuiker 6x50g",
    "FicCode": "I",
    "EcoscoreValue": "61"
  },
  {
    "productId": "1590",
    "technicalArticleNumber": "20739",
    "commercialArticleNumber": "20739",
    "name": "snoep kersen",
    "brand": "HARIBO",
    "seoBrand": "Haribo",
    "thumbNail": "https://static.colruytgroup.com/images/200x200/std.lang.all/17/98/asset-1721798.jpg",
    "fullImage": "https://static.colruytgroup.com/images/500x500/std.lang.all/17/98/asset-1721798.jpg",
    "squareImage": "https://static.colruytgroup.com/images/500x500sq/std.lang.all/17/98/asset-1721798.jpg",
    "content": "500g",
    "walkRouteSequenceNumber": 1831,
    "price": {
      "basicPrice": 2.54,
      "recommendedQuantity": "1.0",
      "measurementUnitPrice": 5.08,
      "measurementUnit": "K",
      "isRedPrice": false,
      "pricePerUOM": 5.08,
      "activationDate": "23-03-2024",
      "recordSource": "Folder",
      "isPromoActive": "N",
      "priceChangeCode": "H"
    },
    "isAvailable": true,
    "isPriceAvailable": true,
    "inPromo": false,
    "gtin": [
      "05996379309422",
      "05996379309675"
    ],
    "topCategoryName": "Koeken/Chocolade/Snoep",
    "topCategoryId": "335",
    "businessDomain": "RETAIL_BE",
    "IsPrivateLabel": false,
    "IsBiffe": false,
    "WeightconversionFactor": "0",
    "IsWeightArticle": false,
    "nutriscoreLabel": "D",
    "IsBio": false,
    "CountryOfOrigin": "DUITSLAND",
    "IsExclusivelySoldInLuxembourg": false,
    "OrderUnit": "P",
    "ShortName": "HARIBO KERSEN 500 GR",
    "IsNew": false,
    "EcoscoreLabel": "B",
    "RecentQuanityOfStockUnits": "1",
    "LongName": "HARIBO snoep kersen 500g",
    "AlcoholVolume": "0",
    "FicCode": "E",
    "EcoscoreValue": "67"
  },
  {
    "productId": "1469",
    "technicalArticleNumber": "20008",
    "commercialArticleNumber": "20008",
    "name": "puur",
    "description": "*Min. 46 %\ncacaobestanddelen\n*Belgische chocolade",
    "brand": "CÔTE D'OR",
    "seoBrand": "Côte d'Or L'Original",
    "thumbNail": "https://static.colruytgroup.com/images/200x200/std.lang.all/65/53/asset-2256553.jpg",
    "fullImage": "https://static.colruytgroup.com/images/500x500/std.lang.all/65/53/asset-2256553.jpg",
    "squareImage": "https://static.colruytgroup.com/images/500x500sq/std.lang.all/65/53/asset-2256553.jpg",
    "content": "2x200g",
    "walkRouteSequenceNumber": 1422,
    "price": {
      "basicPrice": 3.18,
      "recommendedQuantity": "2.0",
      "measurementUnitPrice": 7.95,
      "measurementUnit": "K",
      "isRedPrice": false,
      "pricePerUOM": 7.95,
      "activationDate": "13-03-2024",
      "recordSource": "Offline",
      "isPromoActive": "N",
      "priceChangeCode": "H"
    },
    "isAvailable": true,
    "isPriceAvailable": true,
    "inPromo": true,
    "promotion": [
      {
        "techPromoId": "100829COLR",
        "promotionId": "100829",
        "promotionType": "3",
        "isPersonalized": "N",
        "publicationStartDate": "13-03-2024",
        "publicationEndDate": "26-03-2024"
      }
    ],
    "gtin": [
      "07622210100078",
      "07622210100306",
      "07622210156570",
      "07622210187239",
      "07622210758989",
      "05410081200018",
      "05410081200094",
      "07622200269723"
    ],
    "topCategoryName": "Koeken/Chocolade/Snoep",
    "topCategoryId": "335",
    "businessDomain": "RETAIL_BE",
    "IsPrivateLabel": false,
    "IsBiffe": false,
    "WeightconversionFactor": "0",
    "IsWeightArticle": false,
    "nutriscoreLabel": "E",
    "IsBio": false,
    "CountryOfOrigin": "BELGIË",
    "IsExclusivelySoldInLuxembourg": false,
    "OrderUnit": "P",
    "ShortName": "CD TABLET PUUR 400GR",
    "IsNew": false,
    "RecentQuanityOfStockUnits": "1,32,2",
    "LongName": "CÔTE D'OR puur 2x200g",
    "AlcoholVolume": "0",
    "FicCode": "E"
  },
  {
    "productId": "13784",
    "technicalArticleNumber": "1294234",
    "commercialArticleNumber": "21102",
    "name": "zandkoekjes Sprits",
    "brand": "EVERYDAY",
    "seoBrand": "Everyday",
    "thumbNail": "https://static.colruytgroup.com/images/200x200/std.lang.all/13/10/asset-3421310.jpg",
    "fullImage": "https://static.colruytgroup.com/images/500x500/std.lang.all/13/10/asset-3421310.jpg",
    "squareImage": "https://static.colruytgroup.com/images/500x500sq/std.lang.all/13/10/asset-3421310.jpg",
    "content": "2x200g",
    "walkRouteSequenceNumber": 2328,
    "price": {
      "basicPrice": 1.39,
      "recommendedQuantity": "2.0",
      "measurementUnitPrice": 3.48,
      "measurementUnit": "K",
      "isRedPrice": false,
      "pricePerUOM": 3.48,
      "activationDate": "16-02-2024",
      "recordSource": "Offline",
      "isPromoActive": "N",
      "priceChangeCode": "H"
    },
    "isAvailable": true,
    "isPriceAvailable": true,
    "inPromo": false,
    "gtin": [
      "05400141427059",
      "15400141191896",
      "15400141427056",
      "05400141053586",
      "05400141191899"
    ],
    "topCategoryName": "Koeken/Chocolade/Snoep",
    "topCategoryId": "335",
    "businessDomain": "RETAIL_BE",
    "IsPrivateLabel": true,
    "IsBiffe": false,
    "WeightconversionFactor": "0",
    "IsWeightArticle": false,
    "nutriscoreLabel": "E",
    "IsBio": false,
    "CountryOfOrigin": "NEDERLAND",
    "IsExclusivelySoldInLuxembourg": false,
    "OrderUnit": "P",
    "ShortName": "EVD SPRITS NATUUR 400GR",
    "IsNew": false,
    "EcoscoreLabel": "B",
    "RecentQuanityOfStockUnits": "1,20",
    "LongName": "EVERYDAY zandkoekjes Sprits 2x200g",
    "AlcoholVolume": "0",
    "FicCode": "I",
    "EcoscoreValue": "62"
  },
  {
    "productId": "279929",
    "technicalArticleNumber": "3657497",
    "commercialArticleNumber": "14138",
    "name": "Zebra Original",
    "description": "*Individueel verpakt",
    "brand": "LOTUS",
    "seoBrand": "Lotus",
    "thumbNail": "https://static.colruytgroup.com/images/200x200/std.lang.all/99/05/asset-1829905.jpg",
    "fullImage": "https://static.colruytgroup.com/images/500x500/std.lang.all/99/05/asset-1829905.jpg",
    "squareImage": "https://static.colruytgroup.com/images/500x500sq/std.lang.all/99/05/asset-1829905.jpg",
    "content": "6x31g",
    "walkRouteSequenceNumber": 2099,
    "price": {
      "basicPrice": 2.32,
      "recommendedQuantity": "1.0",
      "measurementUnitPrice": 12.48,
      "measurementUnit": "K",
      "isRedPrice": false,
      "pricePerUOM": 12.48,
      "activationDate": "21-03-2024",
      "recordSource": "Offline",
      "isPromoActive": "N",
      "priceChangeCode": "H"
    },
    "isAvailable": true,
    "isPriceAvailable": true,
    "inPromo": false,
    "gtin": [
      "15410126010432",
      "05410126010435",
      "15410126080435"
    ],
    "topCategoryName": "Koeken/Chocolade/Snoep",
    "topCategoryId": "335",
    "businessDomain": "RETAIL_BE",
    "IsPrivateLabel": false,
    "IsBiffe": false,
    "WeightconversionFactor": "0",
    "IsWeightArticle": false,
    "nutriscoreLabel": "E",
    "IsBio": false,
    "CountryOfOrigin": "BELGIË",
    "IsExclusivelySoldInLuxembourg": false,
    "OrderUnit": "P",
    "ShortName": "LOTU ZEBRA ORIGINAL 186",
    "IsNew": false,
    "RecentQuanityOfStockUnits": "1,8",
    "LongName": "LOTUS Zebra Original 6x31g",
    "AlcoholVolume": "0",
    "FicCode": "E"
  },
  {
    "productId": "1643",
    "technicalArticleNumber": "21228",
    "commercialArticleNumber": "21228",
    "name": "koeken krakelingen",
    "brand": "BONI",
    "seoBrand": "Boni Selection",
    "thumbNail": "https://static.colruytgroup.com/images/200x200/std.lang.all/96/04/asset-2779604.jpg",
    "fullImage": "https://static.colruytgroup.com/images/500x500/std.lang.all/96/04/asset-2779604.jpg",
    "squareImage": "https://static.colruytgroup.com/images/500x500sq/std.lang.all/96/04/asset-2779604.jpg",
    "content": "450g",
    "walkRouteSequenceNumber": 2329,
    "price": {
      "basicPrice": 2.1,
      "recommendedQuantity": "1.0",
      "measurementUnitPrice": 4.67,
      "measurementUnit": "K",
      "isRedPrice": false,
      "pricePerUOM": 4.67,
      "activationDate": "15-03-2024",
      "recordSource": "Offline",
      "isPromoActive": "N",
      "priceChangeCode": "H"
    },
    "isAvailable": true,
    "isPriceAvailable": true,
    "inPromo": false,
    "gtin": [
      "15400141539742",
      "05400141539745",
      "15400141243632",
      "15400141932765",
      "05400141034615",
      "05400141139235",
      "05400141243635"
    ],
    "topCategoryName": "Koeken/Chocolade/Snoep",
    "topCategoryId": "335",
    "businessDomain": "RETAIL_BE",
    "IsPrivateLabel": true,
    "IsBiffe": false,
    "WeightconversionFactor": "0",
    "IsWeightArticle": false,
    "nutriscoreLabel": "E",
    "IsBio": false,
    "CountryOfOrigin": "BELGIË",
    "IsExclusivelySoldInLuxembourg": false,
    "OrderUnit": "P",
    "ShortName": "BONI KRAKELINGEN 450G",
    "IsNew": false,
    "EcoscoreLabel": "C",
    "RecentQuanityOfStockUnits": "9,1",
    "LongName": "BONI koeken krakelingen 450g",
    "AlcoholVolume": "0",
    "FicCode": "I",
    "EcoscoreValue": "59"
  },
  {
    "productId": "1606",
    "technicalArticleNumber": "20830",
    "commercialArticleNumber": "20830",
    "name": "zak paaseieren decor",
    "brand": "SUPERCHOC",
    "seoBrand": "Super Choc",
    "thumbNail": "https://static.colruytgroup.com/images/200x200/nl_be/10/57/asset-1731057.jpg",
    "fullImage": "https://static.colruytgroup.com/images/500x500/nl_be/10/57/asset-1731057.jpg",
    "squareImage": "https://static.colruytgroup.com/images/500x500sq/nl_be/10/57/asset-1731057.jpg",
    "content": "250g",
    "walkRouteSequenceNumber": 3374,
    "price": {
      "basicPrice": 3.49,
      "recommendedQuantity": "1.0",
      "measurementUnitPrice": 13.96,
      "measurementUnit": "K",
      "isRedPrice": false,
      "pricePerUOM": 13.96,
      "activationDate": "19-03-2024",
      "recordSource": "Offline",
      "isPromoActive": "N",
      "priceChangeCode": "E"
    },
    "isAvailable": true,
    "isPriceAvailable": true,
    "inPromo": false,
    "gtin": [
      "05411901059083",
      "05411901913071"
    ],
    "topCategoryName": "Koeken/Chocolade/Snoep",
    "topCategoryId": "335",
    "businessDomain": "RETAIL_BE",
    "IsPrivateLabel": false,
    "IsBiffe": false,
    "WeightconversionFactor": "0",
    "IsWeightArticle": false,
    "nutriscoreLabel": "E",
    "IsBio": false,
    "CountryOfOrigin": "BELGIË",
    "IsExclusivelySoldInLuxembourg": false,
    "OrderUnit": "P",
    "ShortName": "ZAK PAASEI DEKOR 250GR",
    "InSeason": true,
    "IsNew": false,
    "EcoscoreLabel": "D",
    "RecentQuanityOfStockUnits": "1,24",
    "LongName": "SUPERCHOC zak paaseieren decor 250g",
    "AlcoholVolume": "0",
    "StartSeasonDate": "25/10/2023",
    "FicCode": "E",
    "EcoscoreValue": "38"
  },
  {
    "productId": "60212",
    "technicalArticleNumber": "2314397",
    "commercialArticleNumber": "16912",
    "name": "galetten suikerparels",
    "thumbNail": "https://static.colruytgroup.com/images/200x200/std.lang.all/76/90/asset-387690.jpg",
    "fullImage": "https://static.colruytgroup.com/images/500x500/std.lang.all/76/90/asset-387690.jpg",
    "squareImage": "https://static.colruytgroup.com/images/500x500sq/std.lang.all/76/90/asset-387690.jpg",
    "content": "375g",
    "walkRouteSequenceNumber": 1798,
    "price": {
      "basicPrice": 3.2,
      "recommendedQuantity": "1.0",
      "measurementUnitPrice": 8.54,
      "measurementUnit": "K",
      "isRedPrice": false,
      "pricePerUOM": 8.54,
      "activationDate": "14-11-2023",
      "isPromoActive": "N",
      "priceChangeCode": "E"
    },
    "isAvailable": true,
    "isPriceAvailable": true,
    "inPromo": false,
    "gtin": [
      "05412573101353",
      "05412573101391"
    ],
    "topCategoryName": "Koeken/Chocolade/Snoep",
    "topCategoryId": "335",
    "businessDomain": "RETAIL_BE",
    "IsPrivateLabel": false,
    "IsBiffe": false,
    "WeightconversionFactor": "0",
    "IsWeightArticle": false,
    "IsBio": false,
    "CountryOfOrigin": "BELGIË",
    "IsExclusivelySoldInLuxembourg": false,
    "OrderUnit": "P",
    "ShortName": "JNART.WA.BOT.SUIK375",
    "IsNew": false,
    "RecentQuanityOfStockUnits": "1",
    "LongName": "galetten suikerparels 375g",
    "AlcoholVolume": "0",
    "FicCode": "E"
  },
  {
    "productId": "353836",
    "technicalArticleNumber": "3852978",
    "commercialArticleNumber": "20944",
    "name": "gevulde wafel 5x2st",
    "brand": "LOTUS",
    "seoBrand": "Lotus",
    "thumbNail": "https://static.colruytgroup.com/images/200x200/std.lang.all/10/96/asset-1931096.jpg",
    "fullImage": "https://static.colruytgroup.com/images/500x500/std.lang.all/10/96/asset-1931096.jpg",
    "squareImage": "https://static.colruytgroup.com/images/500x500sq/std.lang.all/10/96/asset-1931096.jpg",
    "content": "5x62g",
    "walkRouteSequenceNumber": 1848,
    "price": {
      "basicPrice": 2.99,
      "recommendedQuantity": "1.0",
      "measurementUnitPrice": 9.65,
      "measurementUnit": "K",
      "isRedPrice": false,
      "pricePerUOM": 9.65,
      "activationDate": "02-02-2024",
      "recordSource": "Offline",
      "isPromoActive": "N",
      "priceChangeCode": "E"
    },
    "isAvailable": true,
    "isPriceAvailable": true,
    "inPromo": false,
    "gtin": [
      "13215061072734",
      "03215061072737"
    ],
    "topCategoryName": "Koeken/Chocolade/Snoep",
    "topCategoryId": "335",
    "businessDomain": "RETAIL_BE",
    "IsPrivateLabel": false,
    "IsBiffe": false,
    "WeightconversionFactor": "0",
    "IsWeightArticle": false,
    "nutriscoreLabel": "E",
    "IsBio": false,
    "CountryOfOrigin": "FRANKRIJK",
    "IsExclusivelySoldInLuxembourg": false,
    "OrderUnit": "P",
    "ShortName": "LOTU GEVULDE WAFEL 310G",
    "IsNew": false,
    "RecentQuanityOfStockUnits": "1,8",
    "LongName": "LOTUS gevulde wafel 5x2st 5x62g",
    "AlcoholVolume": "0",
    "FicCode": "E"
  },
  {
    "productId": "13031",
    "technicalArticleNumber": "1220341",
    "commercialArticleNumber": "21133",
    "name": "chocolade",
    "description": "*Individueel verpakt",
    "brand": "PICK UP!",
    "seoBrand": "Bahlsen Pick Up!",
    "thumbNail": "https://static.colruytgroup.com/images/200x200/std.lang.all/61/03/asset-3176103.jpg",
    "fullImage": "https://static.colruytgroup.com/images/500x500/std.lang.all/61/03/asset-3176103.jpg",
    "squareImage": "https://static.colruytgroup.com/images/500x500sq/std.lang.all/61/03/asset-3176103.jpg",
    "content": "10x28g",
    "walkRouteSequenceNumber": 2059,
    "price": {
      "basicPrice": 3.44,
      "recommendedQuantity": "1.0",
      "measurementUnitPrice": 12.29,
      "measurementUnit": "K",
      "isRedPrice": false,
      "pricePerUOM": 12.29,
      "activationDate": "12-03-2024",
      "recordSource": "Online",
      "isPromoActive": "N",
      "priceChangeCode": "E"
    },
    "isAvailable": true,
    "isPriceAvailable": true,
    "inPromo": false,
    "gtin": [
      "04017100270611",
      "04017100625879",
      "04017100266591",
      "04017100826665",
      "04017100027062"
    ],
    "topCategoryName": "Koeken/Chocolade/Snoep",
    "topCategoryId": "335",
    "businessDomain": "RETAIL_BE",
    "IsPrivateLabel": false,
    "IsBiffe": false,
    "WeightconversionFactor": "0",
    "IsWeightArticle": false,
    "nutriscoreLabel": "E",
    "IsBio": false,
    "CountryOfOrigin": "DUITSLAND",
    "IsExclusivelySoldInLuxembourg": false,
    "OrderUnit": "P",
    "ShortName": "BALSHEN PICK UP 10X28GR",
    "IsNew": false,
    "EcoscoreLabel": "D",
    "RecentQuanityOfStockUnits": "1",
    "LongName": "PICK UP! chocolade 10x28g",
    "AlcoholVolume": "0",
    "FicCode": "E",
    "EcoscoreValue": "36"
  },
  {
    "productId": "13403",
    "technicalArticleNumber": "1309162",
    "commercialArticleNumber": "21916",
    "name": "koeken bosvruchten",
    "description": "*Individueel verpakt",
    "brand": "SULTANA",
    "seoBrand": "Sultana",
    "thumbNail": "https://static.colruytgroup.com/images/200x200/std.lang.all/87/97/asset-3248797.jpg",
    "fullImage": "https://static.colruytgroup.com/images/500x500/std.lang.all/87/97/asset-3248797.jpg",
    "squareImage": "https://static.colruytgroup.com/images/500x500sq/std.lang.all/87/97/asset-3248797.jpg",
    "content": "5x43,6g",
    "walkRouteSequenceNumber": 2307,
    "price": {
      "basicPrice": 1.87,
      "recommendedQuantity": "2.0",
      "measurementUnitPrice": 8.58,
      "measurementUnit": "K",
      "isRedPrice": false,
      "pricePerUOM": 8.58,
      "activationDate": "18-03-2024",
      "recordSource": "Folder",
      "isPromoActive": "N",
      "priceChangeCode": "L"
    },
    "isAvailable": true,
    "isPriceAvailable": true,
    "inPromo": false,
    "gtin": [
      "08710412035751",
      "08710412035768",
      "08710412525047",
      "08710412971028",
      "08710412231054"
    ],
    "topCategoryName": "Koeken/Chocolade/Snoep",
    "topCategoryId": "335",
    "businessDomain": "RETAIL_BE",
    "IsPrivateLabel": false,
    "IsBiffe": false,
    "WeightconversionFactor": "0",
    "IsWeightArticle": false,
    "nutriscoreLabel": "D",
    "IsBio": false,
    "CountryOfOrigin": "BELGIË",
    "IsExclusivelySoldInLuxembourg": false,
    "OrderUnit": "P",
    "ShortName": "SULTA BOSVRUC 5ST 218",
    "IsNew": false,
    "EcoscoreLabel": "C",
    "RecentQuanityOfStockUnits": "2,1,18",
    "LongName": "SULTANA koeken bosvruchten 5x43,6g",
    "AlcoholVolume": "0",
    "FicCode": "E",
    "EcoscoreValue": "55"
  },
  {
    "productId": "210616",
    "technicalArticleNumber": "3522992",
    "commercialArticleNumber": "10749",
    "name": "Melkchocol.",
    "description": "*Individueel verpakt",
    "brand": "LU PRINCE MINISTARS",
    "seoBrand": "LU Prince MiniStars",
    "thumbNail": "https://static.colruytgroup.com/images/200x200/std.lang.all/63/48/asset-946348.jpg",
    "fullImage": "https://static.colruytgroup.com/images/500x500/std.lang.all/63/48/asset-946348.jpg",
    "squareImage": "https://static.colruytgroup.com/images/500x500sq/std.lang.all/63/48/asset-946348.jpg",
    "content": "5x37,4g",
    "walkRouteSequenceNumber": 2276,
    "price": {
      "basicPrice": 1.44,
      "recommendedQuantity": "2.0",
      "measurementUnitPrice": 7.71,
      "measurementUnit": "K",
      "isRedPrice": false,
      "pricePerUOM": 7.71,
      "activationDate": "20-03-2024",
      "recordSource": "Folder",
      "isPromoActive": "N",
      "priceChangeCode": "L"
    },
    "isAvailable": true,
    "isPriceAvailable": true,
    "inPromo": false,
    "gtin": [
      "05400141381436",
      "07622210495747",
      "07622210495716"
    ],
    "topCategoryName": "Koeken/Chocolade/Snoep",
    "topCategoryId": "335",
    "businessDomain": "RETAIL_BE",
    "IsPrivateLabel": false,
    "IsBiffe": false,
    "WeightconversionFactor": "0",
    "IsWeightArticle": false,
    "nutriscoreLabel": "E",
    "IsBio": false,
    "CountryOfOrigin": "TSJECHIË (REPUBLIEK)",
    "IsExclusivelySoldInLuxembourg": false,
    "OrderUnit": "P",
    "ShortName": "LU PRINCE MINI STAR187G",
    "IsNew": false,
    "RecentQuanityOfStockUnits": "2,1,16",
    "LongName": "LU PRINCE MINISTARS Melkchocol. 5x37,4g",
    "AlcoholVolume": "0",
    "FicCode": "E"
  },
  {
    "productId": "175119",
    "technicalArticleNumber": "3372305",
    "commercialArticleNumber": "19731",
    "name": "eitjes pure chocolade",
    "brand": "BONI",
    "seoBrand": "Boni Selection",
    "thumbNail": "https://static.colruytgroup.com/images/200x200/std.lang.all/57/64/asset-3405764.jpg",
    "fullImage": "https://static.colruytgroup.com/images/500x500/std.lang.all/57/64/asset-3405764.jpg",
    "squareImage": "https://static.colruytgroup.com/images/500x500sq/std.lang.all/57/64/asset-3405764.jpg",
    "content": "250g",
    "walkRouteSequenceNumber": 1585,
    "price": {
      "basicPrice": 1.98,
      "recommendedQuantity": "1.0",
      "measurementUnitPrice": 7.92,
      "measurementUnit": "K",
      "isRedPrice": false,
      "pricePerUOM": 7.92,
      "activationDate": "15-03-2024",
      "recordSource": "Offline",
      "isPromoActive": "N",
      "priceChangeCode": "L"
    },
    "isAvailable": true,
    "isPriceAvailable": true,
    "inPromo": false,
    "gtin": [
      "15400141337041",
      "15400141989073",
      "05400141989076",
      "05400141337044",
      "15400141143895",
      "05400141143898"
    ],
    "topCategoryName": "Koeken/Chocolade/Snoep",
    "topCategoryId": "335",
    "businessDomain": "RETAIL_BE",
    "IsPrivateLabel": true,
    "IsBiffe": false,
    "WeightconversionFactor": "0",
    "IsWeightArticle": false,
    "nutriscoreLabel": "E",
    "IsBio": false,
    "CountryOfOrigin": "BELGIË",
    "IsExclusivelySoldInLuxembourg": false,
    "OrderUnit": "P",
    "ShortName": "BONI PAASEITJES PUUR250",
    "InSeason": true,
    "IsNew": false,
    "EcoscoreLabel": "D",
    "RecentQuanityOfStockUnits": "40,1",
    "LongName": "BONI eitjes pure chocolade 250g",
    "AlcoholVolume": "0",
    "StartSeasonDate": "25/10/2023",
    "FicCode": "I",
    "EcoscoreValue": "25"
  },
  {
    "productId": "38975",
    "technicalArticleNumber": "1657251",
    "commercialArticleNumber": "19800",
    "name": "gebak Mix Milk",
    "description": "*Individueel verpakt",
    "brand": "BALCONI",
    "seoBrand": "Balconi",
    "thumbNail": "https://static.colruytgroup.com/images/200x200/std.lang.all/57/51/asset-1755751.jpg",
    "fullImage": "https://static.colruytgroup.com/images/500x500/std.lang.all/57/51/asset-1755751.jpg",
    "squareImage": "https://static.colruytgroup.com/images/500x500sq/std.lang.all/57/51/asset-1755751.jpg",
    "content": "10x35g",
    "walkRouteSequenceNumber": 2114,
    "price": {
      "basicPrice": 2.39,
      "recommendedQuantity": "1.0",
      "measurementUnitPrice": 6.83,
      "measurementUnit": "K",
      "isRedPrice": false,
      "pricePerUOM": 6.83,
      "activationDate": "17-02-2024",
      "recordSource": "Offline",
      "isPromoActive": "N",
      "priceChangeCode": "E"
    },
    "isAvailable": true,
    "isPriceAvailable": true,
    "inPromo": false,
    "gtin": [
      "08001585001071",
      "08001585011124"
    ],
    "topCategoryName": "Koeken/Chocolade/Snoep",
    "topCategoryId": "335",
    "businessDomain": "RETAIL_BE",
    "IsPrivateLabel": false,
    "IsBiffe": false,
    "WeightconversionFactor": "0",
    "IsWeightArticle": false,
    "nutriscoreLabel": "E",
    "IsBio": false,
    "CountryOfOrigin": "ITALIË",
    "IsExclusivelySoldInLuxembourg": false,
    "OrderUnit": "P",
    "ShortName": "BALCONI MIX MILK 10X35G",
    "IsNew": false,
    "EcoscoreLabel": "D",
    "RecentQuanityOfStockUnits": "1,15",
    "LongName": "BALCONI gebak Mix Milk 10x35g",
    "AlcoholVolume": "0",
    "FicCode": "E",
    "EcoscoreValue": "26"
  },
  {
    "productId": "8334",
    "technicalArticleNumber": "1183135",
    "commercialArticleNumber": "21964",
    "name": "wafel mini met chocolade 15st",
    "brand": "BONI",
    "seoBrand": "Boni Selection",
    "thumbNail": "https://static.colruytgroup.com/images/200x200/std.lang.all/30/54/asset-2763054.jpg",
    "fullImage": "https://static.colruytgroup.com/images/500x500/std.lang.all/30/54/asset-2763054.jpg",
    "squareImage": "https://static.colruytgroup.com/images/500x500sq/std.lang.all/30/54/asset-2763054.jpg",
    "content": "250g",
    "walkRouteSequenceNumber": 1807,
    "price": {
      "basicPrice": 1.73,
      "recommendedQuantity": "1.0",
      "measurementUnitPrice": 6.92,
      "measurementUnit": "K",
      "isRedPrice": false,
      "pricePerUOM": 6.92,
      "activationDate": "22-03-2024",
      "recordSource": "Offline",
      "isPromoActive": "N",
      "priceChangeCode": "E"
    },
    "isAvailable": true,
    "isPriceAvailable": true,
    "inPromo": false,
    "gtin": [
      "05400141056884",
      "05400141460148",
      "15400141460145",
      "05400141051506",
      "05400141016031",
      "05400141191769",
      "05400141310641",
      "15400141051503",
      "15400141310648"
    ],
    "topCategoryName": "Koeken/Chocolade/Snoep",
    "topCategoryId": "335",
    "businessDomain": "RETAIL_BE",
    "IsPrivateLabel": true,
    "IsBiffe": false,
    "WeightconversionFactor": "0",
    "IsWeightArticle": false,
    "nutriscoreLabel": "E",
    "IsBio": false,
    "CountryOfOrigin": "BELGIË",
    "IsExclusivelySoldInLuxembourg": false,
    "OrderUnit": "P",
    "ShortName": "BONI VAN.WAFELS CHO250G",
    "IsNew": false,
    "EcoscoreLabel": "A",
    "RecentQuanityOfStockUnits": "1,15",
    "LongName": "BONI wafel mini met chocolade 15st 250g",
    "AlcoholVolume": "0",
    "FicCode": "I",
    "EcoscoreValue": "82"
  },
  {
    "productId": "154337",
    "technicalArticleNumber": "3243763",
    "commercialArticleNumber": "39191",
    "name": "paaseitjes melkchocolade ass.",
    "brand": "MILKA",
    "seoBrand": "Milka",
    "thumbNail": "https://static.colruytgroup.com/images/200x200/std.lang.all/65/17/asset-2366517.jpg",
    "fullImage": "https://static.colruytgroup.com/images/500x500/std.lang.all/65/17/asset-2366517.jpg",
    "squareImage": "https://static.colruytgroup.com/images/500x500sq/std.lang.all/65/17/asset-2366517.jpg",
    "content": "1kg",
    "walkRouteSequenceNumber": 1594,
    "price": {
      "basicPrice": 12.32,
      "recommendedQuantity": "1.0",
      "measurementUnitPrice": 12.32,
      "measurementUnit": "K",
      "isRedPrice": false,
      "pricePerUOM": 12.32,
      "activationDate": "19-03-2024",
      "recordSource": "Folder",
      "isPromoActive": "N",
      "priceChangeCode": "L"
    },
    "isAvailable": true,
    "isPriceAvailable": true,
    "inPromo": true,
    "promotion": [
      {
        "techPromoId": "100832COLR",
        "promotionId": "100832",
        "promotionType": "4",
        "isPersonalized": "N",
        "publicationStartDate": "13-03-2024",
        "publicationEndDate": "26-03-2024"
      }
    ],
    "gtin": [
      "07622210345950",
      "07622210345943"
    ],
    "topCategoryName": "Koeken/Chocolade/Snoep",
    "topCategoryId": "335",
    "businessDomain": "RETAIL_BE",
    "IsPrivateLabel": false,
    "IsBiffe": false,
    "WeightconversionFactor": "0",
    "IsWeightArticle": false,
    "nutriscoreLabel": "E",
    "IsBio": false,
    "CountryOfOrigin": "BELGIË",
    "IsExclusivelySoldInLuxembourg": false,
    "OrderUnit": "P",
    "ShortName": "MILKA EI MIX MELK 1KG",
    "InSeason": true,
    "IsNew": false,
    "RecentQuanityOfStockUnits": "1,10",
    "LongName": "MILKA paaseitjes melkchocolade ass. 1kg",
    "AlcoholVolume": "0",
    "StartSeasonDate": "25/10/2023",
    "FicCode": "E"
  },
  {
    "productId": "320372",
    "technicalArticleNumber": "3775454",
    "commercialArticleNumber": "17244",
    "name": "paaseitje praline crisp",
    "brand": "BONI",
    "seoBrand": "Boni Selection",
    "thumbNail": "https://static.colruytgroup.com/images/200x200/std.lang.all/08/14/asset-2710814.jpg",
    "fullImage": "https://static.colruytgroup.com/images/500x500/std.lang.all/08/14/asset-2710814.jpg",
    "squareImage": "https://static.colruytgroup.com/images/500x500sq/std.lang.all/08/14/asset-2710814.jpg",
    "content": "250g",
    "walkRouteSequenceNumber": 1586,
    "price": {
      "basicPrice": 2.99,
      "recommendedQuantity": "1.0",
      "measurementUnitPrice": 11.96,
      "measurementUnit": "K",
      "isRedPrice": false,
      "pricePerUOM": 11.96,
      "activationDate": "02-02-2024",
      "recordSource": "Offline",
      "isPromoActive": "N",
      "priceChangeCode": "E"
    },
    "isAvailable": true,
    "isPriceAvailable": true,
    "inPromo": true,
    "promotion": [
      {
        "techPromoId": "001905COLR",
        "promotionId": "001905",
        "promotionType": "3",
        "isPersonalized": "N",
        "publicationStartDate": "22-03-2024",
        "publicationEndDate": "06-04-2024"
      }
    ],
    "gtin": [
      "05400141345353",
      "05400141337778",
      "15400141337775"
    ],
    "topCategoryName": "Koeken/Chocolade/Snoep",
    "topCategoryId": "335",
    "businessDomain": "RETAIL_BE",
    "IsPrivateLabel": true,
    "IsBiffe": false,
    "WeightconversionFactor": "0",
    "IsWeightArticle": false,
    "nutriscoreLabel": "E",
    "IsBio": false,
    "CountryOfOrigin": "BELGIË",
    "IsExclusivelySoldInLuxembourg": false,
    "OrderUnit": "P",
    "ShortName": "BONI PAASEIT.PRAL.CR250",
    "InSeason": true,
    "IsNew": false,
    "EcoscoreLabel": "C",
    "RecentQuanityOfStockUnits": "1,21",
    "LongName": "BONI paaseitje praline crisp 250g",
    "AlcoholVolume": "0",
    "StartSeasonDate": "25/10/2023",
    "FicCode": "I",
    "EcoscoreValue": "45"
  },
  {
    "productId": "1587",
    "technicalArticleNumber": "20682",
    "commercialArticleNumber": "20682",
    "name": "parijse gommen",
    "brand": "EVERYDAY",
    "seoBrand": "Everyday",
    "thumbNail": "https://static.colruytgroup.com/images/200x200/std.lang.all/80/58/asset-3348058.jpg",
    "fullImage": "https://static.colruytgroup.com/images/500x500/std.lang.all/80/58/asset-3348058.jpg",
    "squareImage": "https://static.colruytgroup.com/images/500x500sq/std.lang.all/80/58/asset-3348058.jpg",
    "content": "500g",
    "walkRouteSequenceNumber": 1972,
    "price": {
      "basicPrice": 1.95,
      "recommendedQuantity": "2.0",
      "measurementUnitPrice": 3.9,
      "measurementUnit": "K",
      "isRedPrice": false,
      "pricePerUOM": 3.9,
      "activationDate": "23-03-2024",
      "recordSource": "Offline",
      "isPromoActive": "N",
      "priceChangeCode": "H"
    },
    "isAvailable": true,
    "isPriceAvailable": true,
    "inPromo": false,
    "gtin": [
      "00000025206821",
      "05400141083583",
      "05400141224993",
      "05400141906820",
      "15400141968726",
      "15400141757924",
      "05400141757927"
    ],
    "topCategoryName": "Koeken/Chocolade/Snoep",
    "topCategoryId": "335",
    "businessDomain": "RETAIL_BE",
    "IsPrivateLabel": true,
    "IsBiffe": false,
    "WeightconversionFactor": "0",
    "IsWeightArticle": false,
    "nutriscoreLabel": "E",
    "IsBio": false,
    "CountryOfOrigin": "NEDERLAND",
    "IsExclusivelySoldInLuxembourg": false,
    "OrderUnit": "P",
    "ShortName": "EVD PARIJSE GOMMEN 500G",
    "InSeason": true,
    "IsNew": false,
    "EcoscoreLabel": "B",
    "RecentQuanityOfStockUnits": "1,20",
    "LongName": "EVERYDAY parijse gommen 500g",
    "AlcoholVolume": "0",
    "StartSeasonDate": "09/06/2023",
    "FicCode": "I",
    "EcoscoreValue": "67"
  },
  {
    "productId": "262574",
    "technicalArticleNumber": "3582776",
    "commercialArticleNumber": "50996",
    "name": "melk",
    "brand": "MILKA",
    "seoBrand": "Milka",
    "thumbNail": "https://static.colruytgroup.com/images/200x200/std.lang.all/65/24/asset-2366524.jpg",
    "fullImage": "https://static.colruytgroup.com/images/500x500/std.lang.all/65/24/asset-2366524.jpg",
    "squareImage": "https://static.colruytgroup.com/images/500x500sq/std.lang.all/65/24/asset-2366524.jpg",
    "content": "600g",
    "walkRouteSequenceNumber": 1596,
    "price": {
      "basicPrice": 9.24,
      "recommendedQuantity": "1.0",
      "measurementUnitPrice": 15.4,
      "measurementUnit": "K",
      "isRedPrice": false,
      "pricePerUOM": 15.4,
      "activationDate": "19-03-2024",
      "recordSource": "Folder",
      "isPromoActive": "N",
      "priceChangeCode": "L"
    },
    "isAvailable": true,
    "isPriceAvailable": true,
    "inPromo": true,
    "promotion": [
      {
        "techPromoId": "100832COLR",
        "promotionId": "100832",
        "promotionType": "4",
        "isPersonalized": "N",
        "publicationStartDate": "13-03-2024",
        "publicationEndDate": "26-03-2024"
      }
    ],
    "gtin": [
      "07622210655783",
      "07622210655790"
    ],
    "topCategoryName": "Koeken/Chocolade/Snoep",
    "topCategoryId": "335",
    "businessDomain": "RETAIL_BE",
    "IsPrivateLabel": false,
    "IsBiffe": false,
    "WeightconversionFactor": "0",
    "IsWeightArticle": false,
    "nutriscoreLabel": "E",
    "IsBio": false,
    "CountryOfOrigin": "BELGIË",
    "IsExclusivelySoldInLuxembourg": false,
    "OrderUnit": "P",
    "ShortName": "MILKA EI MELK 600G",
    "InSeason": true,
    "IsNew": false,
    "RecentQuanityOfStockUnits": "1,18",
    "LongName": "MILKA melk 600g",
    "AlcoholVolume": "0",
    "StartSeasonDate": "25/10/2023",
    "FicCode": "E"
  },
  {
    "productId": "16673",
    "technicalArticleNumber": "1550751",
    "commercialArticleNumber": "22512",
    "name": "Fizzy mix zuur",
    "brand": "BONI",
    "seoBrand": "Boni Selection",
    "thumbNail": "https://static.colruytgroup.com/images/200x200/std.lang.all/68/06/asset-2956806.jpg",
    "fullImage": "https://static.colruytgroup.com/images/500x500/std.lang.all/68/06/asset-2956806.jpg",
    "squareImage": "https://static.colruytgroup.com/images/500x500sq/std.lang.all/68/06/asset-2956806.jpg",
    "content": "600g",
    "walkRouteSequenceNumber": 1936,
    "price": {
      "basicPrice": 3.49,
      "recommendedQuantity": "1.0",
      "measurementUnitPrice": 5.82,
      "measurementUnit": "K",
      "isRedPrice": false,
      "pricePerUOM": 5.82,
      "activationDate": "05-03-2024",
      "recordSource": "Offline",
      "isPromoActive": "N",
      "priceChangeCode": "H"
    },
    "isAvailable": true,
    "isPriceAvailable": true,
    "inPromo": false,
    "gtin": [
      "05400141376029",
      "05400141663037",
      "15400141185802",
      "05400141359565",
      "05400141138856",
      "05400141185805",
      "05400141225129",
      "05400141235128",
      "15400141376026",
      "15400141936008",
      "05400141936001"
    ],
    "topCategoryName": "Koeken/Chocolade/Snoep",
    "topCategoryId": "335",
    "businessDomain": "RETAIL_BE",
    "IsPrivateLabel": true,
    "IsBiffe": false,
    "WeightconversionFactor": "0",
    "IsWeightArticle": false,
    "nutriscoreLabel": "E",
    "IsBio": false,
    "CountryOfOrigin": "BELGIË",
    "IsExclusivelySoldInLuxembourg": false,
    "OrderUnit": "P",
    "ShortName": "BONI FIZZY MIX ZUUR 600",
    "IsNew": false,
    "EcoscoreLabel": "C",
    "RecentQuanityOfStockUnits": "1",
    "LongName": "BONI Fizzy mix zuur 600g",
    "AlcoholVolume": "0",
    "FicCode": "I",
    "EcoscoreValue": "58"
  },
  {
    "productId": "203601",
    "technicalArticleNumber": "3406544",
    "commercialArticleNumber": "50042",
    "name": "Choco Cookies",
    "description": "*Granen gevuld met\nchocolade",
    "brand": "BONI",
    "seoBrand": "Boni Selection",
    "thumbNail": "https://static.colruytgroup.com/images/200x200/std.lang.all/13/88/asset-3421388.jpg",
    "fullImage": "https://static.colruytgroup.com/images/500x500/std.lang.all/13/88/asset-3421388.jpg",
    "squareImage": "https://static.colruytgroup.com/images/500x500sq/std.lang.all/13/88/asset-3421388.jpg",
    "content": "750g",
    "walkRouteSequenceNumber": 17172,
    "price": {
      "basicPrice": 3.59,
      "recommendedQuantity": "1.0",
      "measurementUnitPrice": 4.79,
      "measurementUnit": "K",
      "isRedPrice": false,
      "pricePerUOM": 4.79,
      "activationDate": "16-01-2024",
      "recordSource": "Offline",
      "isPromoActive": "N",
      "priceChangeCode": "H"
    },
    "isAvailable": true,
    "isPriceAvailable": true,
    "inPromo": false,
    "gtin": [
      "05400141995534",
      "15400141995531",
      "15400141053682",
      "05400141280029",
      "05400141424553",
      "05400141053685",
      "05400141354553",
      "15400141280026"
    ],
    "topCategoryName": "Brood/Ontbijt",
    "topCategoryId": "124",
    "businessDomain": "RETAIL_BE",
    "IsPrivateLabel": true,
    "IsBiffe": false,
    "WeightconversionFactor": "0",
    "IsWeightArticle": false,
    "nutriscoreLabel": "D",
    "IsBio": false,
    "CountryOfOrigin": "BELGIË",
    "IsExclusivelySoldInLuxembourg": false,
    "OrderUnit": "P",
    "ShortName": "BONI CHOCO COOKIES 750G",
    "IsNew": false,
    "EcoscoreLabel": "C",
    "RecentQuanityOfStockUnits": "1,10",
    "LongName": "BONI Choco Cookies 750g",
    "AlcoholVolume": "0",
    "FicCode": "I",
    "EcoscoreValue": "47"
  },
  {
    "productId": "668226",
    "technicalArticleNumber": "4378566",
    "commercialArticleNumber": "24302",
    "name": "zandkoekje",
    "brand": "CRUMBEL",
    "seoBrand": "Crumbel",
    "thumbNail": "https://static.colruytgroup.com/images/200x200/std.lang.all/54/86/asset-2525486.jpg",
    "fullImage": "https://static.colruytgroup.com/images/500x500/std.lang.all/54/86/asset-2525486.jpg",
    "squareImage": "https://static.colruytgroup.com/images/500x500sq/std.lang.all/54/86/asset-2525486.jpg",
    "content": "300g",
    "walkRouteSequenceNumber": 2042,
    "price": {
      "basicPrice": 3.79,
      "recommendedQuantity": "1.0",
      "measurementUnitPrice": 12.64,
      "measurementUnit": "K",
      "isRedPrice": false,
      "pricePerUOM": 12.64,
      "activationDate": "23-03-2024",
      "recordSource": "Offline",
      "isPromoActive": "N",
      "priceChangeCode": "E"
    },
    "isAvailable": true,
    "isPriceAvailable": true,
    "inPromo": false,
    "gtin": [
      "05425026053000",
      "05425026052997"
    ],
    "topCategoryName": "Koeken/Chocolade/Snoep",
    "topCategoryId": "335",
    "businessDomain": "RETAIL_BE",
    "IsPrivateLabel": false,
    "IsBiffe": false,
    "WeightconversionFactor": "0",
    "IsWeightArticle": false,
    "nutriscoreLabel": "E",
    "IsBio": false,
    "CountryOfOrigin": "BELGIË",
    "IsExclusivelySoldInLuxembourg": false,
    "OrderUnit": "P",
    "ShortName": "CRUM ZANDKOEKJE 300G",
    "IsNew": false,
    "EcoscoreLabel": "B",
    "RecentQuanityOfStockUnits": "1",
    "LongName": "CRUMBEL zandkoekje 300g",
    "FicCode": "E",
    "EcoscoreValue": "74"
  },
  {
    "productId": "1021531",
    "technicalArticleNumber": "4790435",
    "commercialArticleNumber": "31872",
    "name": "Cake Donut Zebra Kiss",
    "brand": "LOTUS",
    "seoBrand": "Lotus",
    "thumbNail": "https://static.colruytgroup.com/images/200x200/std.lang.all/80/62/asset-3418062.jpg",
    "fullImage": "https://static.colruytgroup.com/images/500x500/std.lang.all/80/62/asset-3418062.jpg",
    "squareImage": "https://static.colruytgroup.com/images/500x500sq/std.lang.all/80/62/asset-3418062.jpg",
    "content": "6x34g",
    "walkRouteSequenceNumber": 2105,
    "price": {
      "basicPrice": 3.19,
      "recommendedQuantity": "1.0",
      "measurementUnitPrice": 15.64,
      "measurementUnit": "K",
      "isRedPrice": false,
      "pricePerUOM": 15.64,
      "activationDate": "13-03-2024",
      "recordSource": "Offline",
      "isPromoActive": "N",
      "priceChangeCode": "E"
    },
    "isAvailable": true,
    "isPriceAvailable": true,
    "inPromo": false,
    "gtin": [
      "15410126010265",
      "05410126010268"
    ],
    "topCategoryName": "Koeken/Chocolade/Snoep",
    "topCategoryId": "335",
    "businessDomain": "RETAIL_BE",
    "IsPrivateLabel": false,
    "IsBiffe": false,
    "WeightconversionFactor": "0",
    "IsWeightArticle": false,
    "nutriscoreLabel": "E",
    "IsBio": false,
    "CountryOfOrigin": "BELGIË",
    "IsExclusivelySoldInLuxembourg": false,
    "OrderUnit": "P",
    "ShortName": "LOTU CAKE DON.ZEBRA6X34",
    "IsNew": true,
    "RecentQuanityOfStockUnits": "1,8",
    "LongName": "LOTUS Cake Donut Zebra Kiss 6x34g",
    "AlcoholVolume": "0",
    "FicCode": "E"
  },
  {
    "productId": "88693",
    "technicalArticleNumber": "2989415",
    "commercialArticleNumber": "38650",
    "name": "ontbijtkoekjes melk",
    "description": "*Individueel verpakt",
    "brand": "BONI",
    "seoBrand": "Boni Selection",
    "thumbNail": "https://static.colruytgroup.com/images/200x200/nl_be/87/10/asset-2318710.jpg",
    "fullImage": "https://static.colruytgroup.com/images/500x500/nl_be/87/10/asset-2318710.jpg",
    "squareImage": "https://static.colruytgroup.com/images/500x500sq/nl_be/87/10/asset-2318710.jpg",
    "content": "8x50g",
    "walkRouteSequenceNumber": 2325,
    "price": {
      "basicPrice": 1.99,
      "recommendedQuantity": "1.0",
      "measurementUnitPrice": 4.98,
      "measurementUnit": "K",
      "isRedPrice": false,
      "pricePerUOM": 4.98,
      "activationDate": "19-01-2024",
      "recordSource": "Offline",
      "isPromoActive": "N",
      "priceChangeCode": "L"
    },
    "isAvailable": true,
    "isPriceAvailable": true,
    "inPromo": false,
    "gtin": [
      "15400141330769",
      "15400141056935",
      "05400141330762",
      "05400141056938",
      "05400141053135",
      "05400141678734"
    ],
    "topCategoryName": "Brood/Ontbijt",
    "topCategoryId": "124",
    "businessDomain": "RETAIL_BE",
    "IsPrivateLabel": true,
    "IsBiffe": false,
    "WeightconversionFactor": "0",
    "IsWeightArticle": false,
    "nutriscoreLabel": "D",
    "IsBio": false,
    "CountryOfOrigin": "FRANKRIJK",
    "IsExclusivelySoldInLuxembourg": false,
    "OrderUnit": "P",
    "ShortName": "BONI ONTB.KOEK MELK400G",
    "IsNew": false,
    "EcoscoreLabel": "C",
    "RecentQuanityOfStockUnits": "1,1",
    "LongName": "BONI ontbijtkoekjes melk 8x50g",
    "AlcoholVolume": "0",
    "FicCode": "I",
    "EcoscoreValue": "46"
  },
  {
    "productId": "32850",
    "technicalArticleNumber": "1859699",
    "commercialArticleNumber": "21724",
    "name": "carrés confiture abrikozen",
    "brand": "BONI",
    "seoBrand": "Boni Selection",
    "thumbNail": "https://static.colruytgroup.com/images/200x200/std.lang.all/52/47/asset-3425247.jpg",
    "fullImage": "https://static.colruytgroup.com/images/500x500/std.lang.all/52/47/asset-3425247.jpg",
    "squareImage": "https://static.colruytgroup.com/images/500x500sq/std.lang.all/52/47/asset-3425247.jpg",
    "content": "175g",
    "walkRouteSequenceNumber": 2100,
    "price": {
      "basicPrice": 1.41,
      "recommendedQuantity": "1.0",
      "measurementUnitPrice": 8.06,
      "measurementUnit": "K",
      "isRedPrice": false,
      "pricePerUOM": 8.06,
      "activationDate": "28-11-2023",
      "recordSource": "Offline",
      "isPromoActive": "N",
      "priceChangeCode": "L"
    },
    "isAvailable": true,
    "isPriceAvailable": true,
    "inPromo": false,
    "gtin": [
      "05400141309003",
      "05400141230796",
      "15400141309000",
      "05400141217247",
      "05400141052831",
      "15400141711124",
      "05400141711127",
      "15400141513049",
      "05400141513042",
      "15400141893936",
      "05400141893939"
    ],
    "topCategoryName": "Koeken/Chocolade/Snoep",
    "topCategoryId": "335",
    "businessDomain": "RETAIL_BE",
    "IsPrivateLabel": true,
    "IsBiffe": false,
    "WeightconversionFactor": "0",
    "IsWeightArticle": false,
    "nutriscoreLabel": "E",
    "IsBio": false,
    "CountryOfOrigin": "BELGIË",
    "IsExclusivelySoldInLuxembourg": false,
    "OrderUnit": "P",
    "ShortName": "BONI CARRES CONFIT.175G",
    "IsNew": false,
    "EcoscoreLabel": "D",
    "RecentQuanityOfStockUnits": "1,12,1",
    "LongName": "BONI carrés confiture abrikozen 175g",
    "AlcoholVolume": "0",
    "FicCode": "I",
    "EcoscoreValue": "29"
  },
  {
    "productId": "104691",
    "technicalArticleNumber": "3124990",
    "commercialArticleNumber": "3868",
    "name": "koeken Original",
    "brand": "OREO",
    "seoBrand": "Oreo",
    "thumbNail": "https://static.colruytgroup.com/images/200x200/std.lang.all/67/14/asset-3386714.jpg",
    "fullImage": "https://static.colruytgroup.com/images/500x500/std.lang.all/67/14/asset-3386714.jpg",
    "squareImage": "https://static.colruytgroup.com/images/500x500sq/std.lang.all/67/14/asset-3386714.jpg",
    "content": "2x154g",
    "walkRouteSequenceNumber": 2223,
    "price": {
      "basicPrice": 1.98,
      "recommendedQuantity": "1.0",
      "measurementUnitPrice": 6.43,
      "measurementUnit": "K",
      "isRedPrice": false,
      "pricePerUOM": 6.43,
      "activationDate": "28-02-2024",
      "recordSource": "Offline",
      "isPromoActive": "N",
      "priceChangeCode": "E"
    },
    "isAvailable": true,
    "isPriceAvailable": true,
    "inPromo": false,
    "gtin": [
      "07622300315252",
      "07622300315269"
    ],
    "topCategoryName": "Koeken/Chocolade/Snoep",
    "topCategoryId": "335",
    "businessDomain": "RETAIL_BE",
    "IsPrivateLabel": false,
    "IsBiffe": false,
    "WeightconversionFactor": "0",
    "IsWeightArticle": false,
    "nutriscoreLabel": "E",
    "IsBio": false,
    "CountryOfOrigin": "BELGIË",
    "IsExclusivelySoldInLuxembourg": false,
    "OrderUnit": "P",
    "ShortName": "OREO 308GR",
    "IsNew": false,
    "RecentQuanityOfStockUnits": "8,1",
    "LongName": "OREO koeken Original 2x154g",
    "AlcoholVolume": "0",
    "FicCode": "E"
  },
  {
    "productId": "136773",
    "technicalArticleNumber": "3187072",
    "commercialArticleNumber": "24130",
    "name": "Luikse wafels chocolade 8st",
    "description": "*Individueel verpakt",
    "brand": "SUZY",
    "seoBrand": "Lotus Suzy",
    "thumbNail": "https://static.colruytgroup.com/images/200x200/std.lang.all/95/33/asset-3359533.jpg",
    "fullImage": "https://static.colruytgroup.com/images/500x500/std.lang.all/95/33/asset-3359533.jpg",
    "squareImage": "https://static.colruytgroup.com/images/500x500sq/std.lang.all/95/33/asset-3359533.jpg",
    "content": "8x57,5g",
    "walkRouteSequenceNumber": 2019,
    "price": {
      "basicPrice": 3.79,
      "recommendedQuantity": "1.0",
      "measurementUnitPrice": 8.24,
      "measurementUnit": "K",
      "isRedPrice": false,
      "pricePerUOM": 8.24,
      "activationDate": "02-03-2024",
      "recordSource": "Offline",
      "isPromoActive": "N",
      "priceChangeCode": "L"
    },
    "isAvailable": true,
    "isPriceAvailable": true,
    "inPromo": false,
    "gtin": [
      "15410126032373",
      "05410126012378"
    ],
    "topCategoryName": "Koeken/Chocolade/Snoep",
    "topCategoryId": "335",
    "businessDomain": "RETAIL_BE",
    "IsPrivateLabel": false,
    "IsBiffe": false,
    "WeightconversionFactor": "0",
    "IsWeightArticle": false,
    "nutriscoreLabel": "E",
    "IsBio": false,
    "CountryOfOrigin": "BELGIË",
    "IsExclusivelySoldInLuxembourg": false,
    "OrderUnit": "P",
    "ShortName": "LOTUS SU.LU.WA.CH.460G",
    "IsNew": false,
    "RecentQuanityOfStockUnits": "1,12",
    "LongName": "SUZY Luikse wafels chocolade 8st 8x57,5g",
    "AlcoholVolume": "0",
    "FicCode": "E"
  },
  {
    "productId": "868364",
    "technicalArticleNumber": "4721393",
    "commercialArticleNumber": "15438",
    "name": "Biscuit & Caramel",
    "brand": "CHOCO FUN",
    "seoBrand": "Choco Fun",
    "thumbNail": "https://static.colruytgroup.com/images/200x200/std.lang.all/90/38/asset-3359038.jpg",
    "fullImage": "https://static.colruytgroup.com/images/500x500/std.lang.all/90/38/asset-3359038.jpg",
    "squareImage": "https://static.colruytgroup.com/images/500x500sq/std.lang.all/90/38/asset-3359038.jpg",
    "content": "210g",
    "walkRouteSequenceNumber": 1100,
    "price": {
      "basicPrice": 1.49,
      "recommendedQuantity": "1.0",
      "measurementUnitPrice": 7.1,
      "measurementUnit": "K",
      "isRedPrice": false,
      "pricePerUOM": 7.1,
      "activationDate": "22-03-2024",
      "recordSource": "Offline",
      "isPromoActive": "N",
      "priceChangeCode": "H"
    },
    "isAvailable": true,
    "isPriceAvailable": true,
    "inPromo": false,
    "gtin": [
      "04000415358303",
      "04000415360801"
    ],
    "topCategoryName": "Koeken/Chocolade/Snoep",
    "topCategoryId": "335",
    "businessDomain": "RETAIL_BE",
    "IsPrivateLabel": false,
    "IsBiffe": false,
    "WeightconversionFactor": "0",
    "IsWeightArticle": false,
    "IsBio": false,
    "CountryOfOrigin": "BELGIË",
    "IsExclusivelySoldInLuxembourg": false,
    "OrderUnit": "P",
    "ShortName": "CHFU BISCUIT&CARAMEL210",
    "InSeason": true,
    "IsNew": false,
    "RecentQuanityOfStockUnits": "1,24",
    "LongName": "CHOCO FUN Biscuit & Caramel 210g",
    "AlcoholVolume": "0",
    "StartSeasonDate": "24/10/2023",
    "FicCode": "E"
  },
  {
    "productId": "1545",
    "technicalArticleNumber": "21853",
    "commercialArticleNumber": "21853",
    "name": "vanillewafels",
    "description": "*Individueel verpakt",
    "brand": "EVERYDAY",
    "seoBrand": "Everyday",
    "thumbNail": "https://static.colruytgroup.com/images/200x200/std.lang.all/47/69/asset-1264769.jpg",
    "fullImage": "https://static.colruytgroup.com/images/500x500/std.lang.all/47/69/asset-1264769.jpg",
    "squareImage": "https://static.colruytgroup.com/images/500x500sq/std.lang.all/47/69/asset-1264769.jpg",
    "content": "8x37,5g",
    "walkRouteSequenceNumber": 1803,
    "price": {
      "basicPrice": 2.34,
      "recommendedQuantity": "1.0",
      "measurementUnitPrice": 7.8,
      "measurementUnit": "K",
      "isRedPrice": false,
      "pricePerUOM": 7.8,
      "activationDate": "05-01-2024",
      "recordSource": "Offline",
      "isPromoActive": "N",
      "priceChangeCode": "E"
    },
    "isAvailable": true,
    "isPriceAvailable": true,
    "inPromo": false,
    "gtin": [
      "05400141051698",
      "15400141051695",
      "15400141918530"
    ],
    "topCategoryName": "Koeken/Chocolade/Snoep",
    "topCategoryId": "335",
    "businessDomain": "RETAIL_BE",
    "IsPrivateLabel": true,
    "IsBiffe": false,
    "WeightconversionFactor": "0",
    "IsWeightArticle": false,
    "nutriscoreLabel": "E",
    "IsBio": false,
    "CountryOfOrigin": "BELGIË",
    "IsExclusivelySoldInLuxembourg": false,
    "OrderUnit": "P",
    "ShortName": "EVD VANNILLE WAFELS 8S",
    "IsNew": false,
    "EcoscoreLabel": "C",
    "RecentQuanityOfStockUnits": "1,20",
    "LongName": "EVERYDAY vanillewafels 8x37,5g",
    "AlcoholVolume": "0",
    "FicCode": "I",
    "EcoscoreValue": "56"
  },
  {
    "productId": "709554",
    "technicalArticleNumber": "4449467",
    "commercialArticleNumber": "26369",
    "name": "melkchocol.hele hazelnoten FT",
    "description": "*Belgische chocolade\n*Fairtrade",
    "brand": "BONI",
    "seoBrand": "Boni Selection",
    "thumbNail": "https://static.colruytgroup.com/images/200x200/std.lang.all/33/65/asset-2703365.jpg",
    "fullImage": "https://static.colruytgroup.com/images/500x500/std.lang.all/33/65/asset-2703365.jpg",
    "squareImage": "https://static.colruytgroup.com/images/500x500sq/std.lang.all/33/65/asset-2703365.jpg",
    "content": "200g",
    "walkRouteSequenceNumber": 1329,
    "price": {
      "basicPrice": 1.69,
      "recommendedQuantity": "1.0",
      "measurementUnitPrice": 8.45,
      "measurementUnit": "K",
      "isRedPrice": false,
      "pricePerUOM": 8.45,
      "activationDate": "10-01-2024",
      "recordSource": "Offline",
      "isPromoActive": "N",
      "priceChangeCode": "L"
    },
    "isAvailable": true,
    "isPriceAvailable": true,
    "inPromo": false,
    "gtin": [
      "15400141778134",
      "05400141778137",
      "05400141818789",
      "15400141818786"
    ],
    "topCategoryName": "Koeken/Chocolade/Snoep",
    "topCategoryId": "335",
    "businessDomain": "RETAIL_BE",
    "IsPrivateLabel": true,
    "IsBiffe": false,
    "WeightconversionFactor": "0",
    "IsWeightArticle": false,
    "nutriscoreLabel": "E",
    "IsBio": false,
    "CountryOfOrigin": "BELGIË",
    "IsExclusivelySoldInLuxembourg": false,
    "OrderUnit": "P",
    "ShortName": "BONI FT CHO.MELK HAZ200",
    "IsNew": false,
    "EcoscoreLabel": "D",
    "RecentQuanityOfStockUnits": "1",
    "LongName": "BONI melkchocol.hele hazelnoten FT 200g",
    "FicCode": "I",
    "EcoscoreValue": "28"
  },
  {
    "productId": "1570",
    "technicalArticleNumber": "20617",
    "commercialArticleNumber": "20617",
    "name": "snoep fruit",
    "brand": "EVERYDAY",
    "seoBrand": "Everyday",
    "thumbNail": "https://static.colruytgroup.com/images/200x200/std.lang.all/02/68/asset-1150268.jpg",
    "fullImage": "https://static.colruytgroup.com/images/500x500/std.lang.all/02/68/asset-1150268.jpg",
    "squareImage": "https://static.colruytgroup.com/images/500x500sq/std.lang.all/02/68/asset-1150268.jpg",
    "content": "500g",
    "walkRouteSequenceNumber": 1994,
    "price": {
      "basicPrice": 2.09,
      "recommendedQuantity": "1.0",
      "measurementUnitPrice": 4.18,
      "measurementUnit": "K",
      "isRedPrice": false,
      "pricePerUOM": 4.18,
      "activationDate": "14-03-2024",
      "recordSource": "Offline",
      "isPromoActive": "N",
      "priceChangeCode": "H"
    },
    "isAvailable": true,
    "isPriceAvailable": true,
    "inPromo": false,
    "gtin": [
      "05400141215557",
      "15400141897408",
      "05400141649260",
      "15400141649267"
    ],
    "topCategoryName": "Koeken/Chocolade/Snoep",
    "topCategoryId": "335",
    "businessDomain": "RETAIL_BE",
    "IsPrivateLabel": true,
    "IsBiffe": false,
    "WeightconversionFactor": "0",
    "IsWeightArticle": false,
    "nutriscoreLabel": "E",
    "IsBio": false,
    "CountryOfOrigin": "BELGIË",
    "IsExclusivelySoldInLuxembourg": false,
    "OrderUnit": "P",
    "ShortName": "EVD CHEWING FRUIT 500GR",
    "IsNew": false,
    "EcoscoreLabel": "B",
    "RecentQuanityOfStockUnits": "1,20,1,20",
    "LongName": "EVERYDAY snoep fruit 500g",
    "AlcoholVolume": "0",
    "FicCode": "I",
    "EcoscoreValue": "72"
  },
  {
    "productId": "13783",
    "technicalArticleNumber": "1294233",
    "commercialArticleNumber": "21103",
    "name": "Sprits chocolade",
    "brand": "EVERYDAY",
    "seoBrand": "Everyday",
    "thumbNail": "https://static.colruytgroup.com/images/200x200/std.lang.all/15/79/asset-3431579.jpg",
    "fullImage": "https://static.colruytgroup.com/images/500x500/std.lang.all/15/79/asset-3431579.jpg",
    "squareImage": "https://static.colruytgroup.com/images/500x500sq/std.lang.all/15/79/asset-3431579.jpg",
    "content": "250g",
    "walkRouteSequenceNumber": 2140,
    "price": {
      "basicPrice": 1.15,
      "recommendedQuantity": "2.0",
      "measurementUnitPrice": 4.6,
      "measurementUnit": "K",
      "isRedPrice": false,
      "pricePerUOM": 4.6,
      "activationDate": "13-12-2023",
      "recordSource": "Offline",
      "isPromoActive": "N",
      "priceChangeCode": "L"
    },
    "isAvailable": true,
    "isPriceAvailable": true,
    "inPromo": false,
    "gtin": [
      "05400141427103",
      "05400141058239",
      "05400141211122",
      "15400141268611",
      "15400141333241",
      "25400141058233",
      "05400141191974",
      "05400141191967",
      "05400141268645",
      "05400141311037",
      "05400141333244",
      "15400141058236"
    ],
    "topCategoryName": "Koeken/Chocolade/Snoep",
    "topCategoryId": "335",
    "businessDomain": "RETAIL_BE",
    "IsPrivateLabel": true,
    "IsBiffe": false,
    "WeightconversionFactor": "0",
    "IsWeightArticle": false,
    "nutriscoreLabel": "E",
    "IsBio": false,
    "CountryOfOrigin": "NEDERLAND",
    "IsExclusivelySoldInLuxembourg": false,
    "OrderUnit": "P",
    "ShortName": "EVD CHOCO SPRITS 250GR",
    "IsNew": false,
    "EcoscoreLabel": "C",
    "RecentQuanityOfStockUnits": "1,24",
    "LongName": "EVERYDAY Sprits chocolade 250g",
    "AlcoholVolume": "0",
    "FicCode": "I",
    "EcoscoreValue": "46"
  },
  {
    "productId": "317536",
    "technicalArticleNumber": "3777598",
    "commercialArticleNumber": "51172",
    "name": "vanille wafel",
    "brand": "BONI",
    "seoBrand": "Boni Selection",
    "thumbNail": "https://static.colruytgroup.com/images/200x200/std.lang.all/46/85/asset-3404685.jpg",
    "fullImage": "https://static.colruytgroup.com/images/500x500/std.lang.all/46/85/asset-3404685.jpg",
    "squareImage": "https://static.colruytgroup.com/images/500x500sq/std.lang.all/46/85/asset-3404685.jpg",
    "content": "6x58g",
    "walkRouteSequenceNumber": 1806,
    "price": {
      "basicPrice": 2.72,
      "recommendedQuantity": "1.0",
      "measurementUnitPrice": 7.78,
      "measurementUnit": "K",
      "isRedPrice": false,
      "pricePerUOM": 7.78,
      "activationDate": "05-01-2023",
      "isPromoActive": "N",
      "priceChangeCode": "L"
    },
    "isAvailable": true,
    "isPriceAvailable": true,
    "inPromo": false,
    "gtin": [
      "05400141190779",
      "15400141190776",
      "15400141443582",
      "05400141639629",
      "15400141311676",
      "15411423105067",
      "05425018820016",
      "05400141311679"
    ],
    "topCategoryName": "Koeken/Chocolade/Snoep",
    "topCategoryId": "335",
    "businessDomain": "RETAIL_BE",
    "IsPrivateLabel": true,
    "IsBiffe": false,
    "WeightconversionFactor": "0",
    "IsWeightArticle": false,
    "nutriscoreLabel": "E",
    "IsBio": false,
    "CountryOfOrigin": "BELGIË",
    "IsExclusivelySoldInLuxembourg": false,
    "OrderUnit": "P",
    "ShortName": "BONI VANILLE WAFEL 350G",
    "IsNew": false,
    "EcoscoreLabel": "C",
    "RecentQuanityOfStockUnits": "1,20",
    "LongName": "BONI vanille wafel 6x58g",
    "AlcoholVolume": "0",
    "FicCode": "I",
    "EcoscoreValue": "56"
  },
  {
    "productId": "29775",
    "technicalArticleNumber": "1915958",
    "commercialArticleNumber": "21637",
    "name": "koeken vanille",
    "brand": "LU PRINCE",
    "seoBrand": "Lu",
    "thumbNail": "https://static.colruytgroup.com/images/200x200/std.lang.all/25/36/asset-382536.jpg",
    "fullImage": "https://static.colruytgroup.com/images/500x500/std.lang.all/25/36/asset-382536.jpg",
    "squareImage": "https://static.colruytgroup.com/images/500x500sq/std.lang.all/25/36/asset-382536.jpg",
    "content": "300g",
    "walkRouteSequenceNumber": 2282,
    "price": {
      "basicPrice": 1.79,
      "recommendedQuantity": "3.0",
      "measurementUnitPrice": 5.97,
      "measurementUnit": "K",
      "isRedPrice": false,
      "pricePerUOM": 5.97,
      "activationDate": "21-03-2024",
      "recordSource": "Offline",
      "isPromoActive": "N",
      "priceChangeCode": "L"
    },
    "isAvailable": true,
    "isPriceAvailable": true,
    "inPromo": false,
    "gtin": [
      "07622210776327",
      "07622210776402",
      "05410041424904",
      "07622210776396"
    ],
    "topCategoryName": "Koeken/Chocolade/Snoep",
    "topCategoryId": "335",
    "businessDomain": "RETAIL_BE",
    "IsPrivateLabel": false,
    "IsBiffe": false,
    "WeightconversionFactor": "0",
    "IsWeightArticle": false,
    "nutriscoreLabel": "E",
    "IsBio": false,
    "CountryOfOrigin": "BELGIË",
    "IsExclusivelySoldInLuxembourg": false,
    "OrderUnit": "P",
    "ShortName": "LU PRINC.FOURRE VAN 300",
    "InSeason": true,
    "IsNew": false,
    "RecentQuanityOfStockUnits": "1,3,24",
    "LongName": "LU PRINCE koeken vanille 300g",
    "AlcoholVolume": "0",
    "StartSeasonDate": "11/08/2011",
    "FicCode": "E"
  },
  {
    "productId": "203257",
    "technicalArticleNumber": "3444239",
    "commercialArticleNumber": "50183",
    "name": "With Cereals",
    "brand": "KINDER CHOCOLATE",
    "seoBrand": "Kinder",
    "thumbNail": "https://static.colruytgroup.com/images/200x200/std.lang.all/79/96/asset-2847996.jpg",
    "fullImage": "https://static.colruytgroup.com/images/500x500/std.lang.all/79/96/asset-2847996.jpg",
    "squareImage": "https://static.colruytgroup.com/images/500x500sq/std.lang.all/79/96/asset-2847996.jpg",
    "content": "141g",
    "walkRouteSequenceNumber": 1287,
    "price": {
      "basicPrice": 2.23,
      "recommendedQuantity": "1.0",
      "measurementUnitPrice": 15.82,
      "measurementUnit": "K",
      "isRedPrice": false,
      "pricePerUOM": 15.82,
      "activationDate": "22-03-2024",
      "recordSource": "Offline",
      "isPromoActive": "N",
      "priceChangeCode": "H"
    },
    "isAvailable": true,
    "isPriceAvailable": true,
    "inPromo": false,
    "gtin": [
      "00000080050834",
      "08000500009925"
    ],
    "topCategoryName": "Koeken/Chocolade/Snoep",
    "topCategoryId": "335",
    "businessDomain": "RETAIL_BE",
    "IsPrivateLabel": false,
    "IsBiffe": false,
    "WeightconversionFactor": "0",
    "IsWeightArticle": false,
    "nutriscoreLabel": "E",
    "IsBio": false,
    "CountryOfOrigin": "ITALIË",
    "IsExclusivelySoldInLuxembourg": false,
    "OrderUnit": "P",
    "ShortName": "KINDER CEREALS T6 141G",
    "IsNew": false,
    "RecentQuanityOfStockUnits": "1",
    "LongName": "KINDER CHOCOLATE With Cereals 141g",
    "AlcoholVolume": "0",
    "FicCode": "E"
  },
  {
    "productId": "302873",
    "technicalArticleNumber": "3729304",
    "commercialArticleNumber": "16618",
    "name": "Pouch",
    "brand": "MALTESERS",
    "seoBrand": "Maltesers",
    "thumbNail": "https://static.colruytgroup.com/images/200x200/std.lang.all/55/32/asset-2885532.jpg",
    "fullImage": "https://static.colruytgroup.com/images/500x500/std.lang.all/55/32/asset-2885532.jpg",
    "squareImage": "https://static.colruytgroup.com/images/500x500sq/std.lang.all/55/32/asset-2885532.jpg",
    "content": "175g",
    "walkRouteSequenceNumber": 1395,
    "price": {
      "basicPrice": 1.91,
      "recommendedQuantity": "2.0",
      "measurementUnitPrice": 10.92,
      "measurementUnit": "K",
      "isRedPrice": false,
      "pricePerUOM": 10.92,
      "activationDate": "14-03-2024",
      "recordSource": "Offline",
      "isPromoActive": "N",
      "priceChangeCode": "L"
    },
    "isAvailable": true,
    "isPriceAvailable": true,
    "inPromo": false,
    "gtin": [
      "05400141139976",
      "05000159555517",
      "05000159555500",
      "05000159337441",
      "05000159031103"
    ],
    "topCategoryName": "Koeken/Chocolade/Snoep",
    "topCategoryId": "335",
    "businessDomain": "RETAIL_BE",
    "IsPrivateLabel": false,
    "IsBiffe": false,
    "WeightconversionFactor": "0",
    "IsWeightArticle": false,
    "nutriscoreLabel": "E",
    "IsBio": false,
    "CountryOfOrigin": "NEDERLAND",
    "IsExclusivelySoldInLuxembourg": false,
    "OrderUnit": "P",
    "ShortName": "MALT POUCH 175G",
    "IsNew": false,
    "RecentQuanityOfStockUnits": "1,2,1,20",
    "LongName": "MALTESERS Pouch 175g",
    "AlcoholVolume": "0",
    "FicCode": "E"
  },
  {
    "productId": "297835",
    "technicalArticleNumber": "3728931",
    "commercialArticleNumber": "16524",
    "name": "Crac&Choc melkchocalde",
    "brand": "BONI",
    "seoBrand": "Boni Selection",
    "thumbNail": "https://static.colruytgroup.com/images/200x200/std.lang.all/90/69/asset-3159069.jpg",
    "fullImage": "https://static.colruytgroup.com/images/500x500/std.lang.all/90/69/asset-3159069.jpg",
    "squareImage": "https://static.colruytgroup.com/images/500x500sq/std.lang.all/90/69/asset-3159069.jpg",
    "content": "10x33g",
    "walkRouteSequenceNumber": 1607,
    "price": {
      "basicPrice": 3.35,
      "recommendedQuantity": "1.0",
      "measurementUnitPrice": 10.16,
      "measurementUnit": "K",
      "isRedPrice": false,
      "pricePerUOM": 10.16,
      "activationDate": "13-03-2024",
      "recordSource": "Offline",
      "isPromoActive": "N",
      "priceChangeCode": "H"
    },
    "isAvailable": true,
    "isPriceAvailable": true,
    "inPromo": false,
    "gtin": [
      "05400141275575",
      "15400141275572",
      "55400141275570"
    ],
    "topCategoryName": "Koeken/Chocolade/Snoep",
    "topCategoryId": "335",
    "businessDomain": "RETAIL_BE",
    "IsPrivateLabel": true,
    "IsBiffe": false,
    "WeightconversionFactor": "0",
    "IsWeightArticle": false,
    "nutriscoreLabel": "E",
    "IsBio": false,
    "CountryOfOrigin": "TURKIJE",
    "IsExclusivelySoldInLuxembourg": false,
    "OrderUnit": "P",
    "ShortName": "BONI CRAC&CHOC 10X33G",
    "InSeason": true,
    "IsNew": false,
    "EcoscoreLabel": "C",
    "RecentQuanityOfStockUnits": "1,16",
    "LongName": "BONI Crac&Choc melkchocalde 10x33g",
    "AlcoholVolume": "0",
    "StartSeasonDate": "22/11/2019",
    "FicCode": "I",
    "EcoscoreValue": "43"
  },
  {
    "productId": "1538",
    "technicalArticleNumber": "21678",
    "commercialArticleNumber": "21678",
    "name": "Rozijnensterren met Boter 8st",
    "brand": "BONI",
    "seoBrand": "Boni Selection",
    "thumbNail": "https://static.colruytgroup.com/images/200x200/std.lang.all/65/87/asset-3336587.jpg",
    "fullImage": "https://static.colruytgroup.com/images/500x500/std.lang.all/65/87/asset-3336587.jpg",
    "squareImage": "https://static.colruytgroup.com/images/500x500sq/std.lang.all/65/87/asset-3336587.jpg",
    "content": "250g",
    "walkRouteSequenceNumber": 2069,
    "price": {
      "basicPrice": 1.99,
      "recommendedQuantity": "1.0",
      "measurementUnitPrice": 7.96,
      "measurementUnit": "K",
      "isRedPrice": false,
      "pricePerUOM": 7.96,
      "activationDate": "21-03-2024",
      "recordSource": "Offline",
      "isPromoActive": "N",
      "priceChangeCode": "H"
    },
    "isAvailable": true,
    "isPriceAvailable": true,
    "inPromo": false,
    "gtin": [
      "25400141357657",
      "05400141034486",
      "05400141127485",
      "05400141215540",
      "05400141216783",
      "05400141357653",
      "05400141408812",
      "05400141416787",
      "15400141127482",
      "15400141357650",
      "25400141127489",
      "05400141664843",
      "15400141664840",
      "05400141636635",
      "15400141636632"
    ],
    "topCategoryName": "Koeken/Chocolade/Snoep",
    "topCategoryId": "335",
    "businessDomain": "RETAIL_BE",
    "IsPrivateLabel": true,
    "IsBiffe": false,
    "WeightconversionFactor": "0",
    "IsWeightArticle": false,
    "nutriscoreLabel": "E",
    "IsBio": false,
    "CountryOfOrigin": "FRANKRIJK",
    "IsExclusivelySoldInLuxembourg": false,
    "OrderUnit": "P",
    "ShortName": "BONI STER ROZIJN 250G",
    "IsNew": false,
    "EcoscoreLabel": "C",
    "RecentQuanityOfStockUnits": "1,12",
    "LongName": "BONI Rozijnensterren met Boter 8st 250g",
    "AlcoholVolume": "0",
    "FicCode": "I",
    "EcoscoreValue": "54"
  },
  {
    "productId": "734803",
    "technicalArticleNumber": "4495323",
    "commercialArticleNumber": "15480",
    "name": "paashaas melk FT",
    "description": "*Belgische chocolade\n*Fairtrade\ngecertificeerd",
    "brand": "BONI",
    "seoBrand": "Boni Selection",
    "thumbNail": "https://static.colruytgroup.com/images/200x200/std.lang.all/52/28/asset-2755228.jpg",
    "fullImage": "https://static.colruytgroup.com/images/500x500/std.lang.all/52/28/asset-2755228.jpg",
    "squareImage": "https://static.colruytgroup.com/images/500x500sq/std.lang.all/52/28/asset-2755228.jpg",
    "content": "180g",
    "walkRouteSequenceNumber": 1473,
    "price": {
      "basicPrice": 2.79,
      "recommendedQuantity": "1.0",
      "measurementUnitPrice": 15.5,
      "measurementUnit": "K",
      "isRedPrice": false,
      "pricePerUOM": 15.5,
      "activationDate": "15-02-2024",
      "recordSource": "Offline",
      "isPromoActive": "N",
      "priceChangeCode": "E"
    },
    "isAvailable": true,
    "isPriceAvailable": true,
    "inPromo": false,
    "gtin": [
      "15400141650317",
      "05400141650310"
    ],
    "topCategoryName": "Koeken/Chocolade/Snoep",
    "topCategoryId": "335",
    "businessDomain": "RETAIL_BE",
    "IsPrivateLabel": true,
    "IsBiffe": false,
    "WeightconversionFactor": "0",
    "IsWeightArticle": false,
    "nutriscoreLabel": "E",
    "IsBio": false,
    "CountryOfOrigin": "BELGIË",
    "IsExclusivelySoldInLuxembourg": false,
    "OrderUnit": "P",
    "ShortName": "BONI PAASHAAS MEL.FT180",
    "InSeason": true,
    "IsNew": false,
    "EcoscoreLabel": "C",
    "RecentQuanityOfStockUnits": "1,24",
    "LongName": "BONI paashaas melk FT 180g",
    "AlcoholVolume": "0",
    "StartSeasonDate": "25/10/2023",
    "FicCode": "I",
    "EcoscoreValue": "49"
  },
  {
    "productId": "123581",
    "technicalArticleNumber": "3219506",
    "commercialArticleNumber": "19949",
    "name": "Cookies cranberries",
    "brand": "BONI",
    "seoBrand": "Boni Selection",
    "thumbNail": "https://static.colruytgroup.com/images/200x200/std.lang.all/29/23/asset-2762923.jpg",
    "fullImage": "https://static.colruytgroup.com/images/500x500/std.lang.all/29/23/asset-2762923.jpg",
    "squareImage": "https://static.colruytgroup.com/images/500x500sq/std.lang.all/29/23/asset-2762923.jpg",
    "content": "200g",
    "walkRouteSequenceNumber": 2152,
    "price": {
      "basicPrice": 1.09,
      "recommendedQuantity": "1.0",
      "quantityPrice": 1.01,
      "quantityPriceQuantity": "4.0",
      "measurementUnitPrice": 5.45,
      "measurementUnitQuantityPrice": 5.05,
      "measurementUnit": "K",
      "isRedPrice": false,
      "pricePerUOM": 5.45,
      "activationDate": "20-03-2024",
      "recordSource": "Offline",
      "isPromoActive": "N",
      "priceChangeCode": "E",
      "quantityPricePerUOM": 5.05,
      "quantityActivationDate": "20-03-2024",
      "quantityPriceChangeCode": "E"
    },
    "isAvailable": true,
    "isPriceAvailable": true,
    "inPromo": false,
    "gtin": [
      "15400141052289",
      "05400141310948",
      "05400141052282",
      "05400141603798",
      "15400141603795"
    ],
    "topCategoryName": "Koeken/Chocolade/Snoep",
    "topCategoryId": "335",
    "businessDomain": "RETAIL_BE",
    "IsPrivateLabel": true,
    "IsBiffe": false,
    "WeightconversionFactor": "0",
    "IsWeightArticle": false,
    "nutriscoreLabel": "E",
    "IsBio": false,
    "CountryOfOrigin": "NEDERLAND",
    "IsExclusivelySoldInLuxembourg": false,
    "OrderUnit": "P",
    "ShortName": "BONI COOK WIT CRANB200G",
    "IsNew": false,
    "EcoscoreLabel": "B",
    "RecentQuanityOfStockUnits": "1,12",
    "LongName": "BONI Cookies cranberries 200g",
    "AlcoholVolume": "0",
    "FicCode": "I",
    "EcoscoreValue": "69"
  },
  {
    "productId": "625927",
    "technicalArticleNumber": "4308539",
    "commercialArticleNumber": "16701",
    "name": "mini speculoos chocolade",
    "brand": "CRUMBEL",
    "seoBrand": "Crumbel",
    "thumbNail": "https://static.colruytgroup.com/images/200x200/std.lang.all/50/83/asset-2525083.jpg",
    "fullImage": "https://static.colruytgroup.com/images/500x500/std.lang.all/50/83/asset-2525083.jpg",
    "squareImage": "https://static.colruytgroup.com/images/500x500sq/std.lang.all/50/83/asset-2525083.jpg",
    "content": "300g",
    "walkRouteSequenceNumber": 2039,
    "price": {
      "basicPrice": 3.65,
      "recommendedQuantity": "1.0",
      "measurementUnitPrice": 12.17,
      "measurementUnit": "K",
      "isRedPrice": false,
      "pricePerUOM": 12.17,
      "activationDate": "02-01-2024",
      "recordSource": "Offline",
      "isPromoActive": "N",
      "priceChangeCode": "E"
    },
    "isAvailable": true,
    "isPriceAvailable": true,
    "inPromo": false,
    "gtin": [
      "05425026052751",
      "05425026052713"
    ],
    "topCategoryName": "Brood/Ontbijt",
    "topCategoryId": "124",
    "businessDomain": "RETAIL_BE",
    "IsPrivateLabel": false,
    "IsBiffe": false,
    "WeightconversionFactor": "0",
    "IsWeightArticle": false,
    "IsBio": false,
    "CountryOfOrigin": "BELGIË",
    "IsExclusivelySoldInLuxembourg": false,
    "OrderUnit": "P",
    "ShortName": "CRUMB MINI SPEC.CHOC300",
    "IsNew": false,
    "RecentQuanityOfStockUnits": "1",
    "LongName": "CRUMBEL mini speculoos chocolade 300g",
    "FicCode": "E"
  },
  {
    "productId": "18404",
    "technicalArticleNumber": "1653478",
    "commercialArticleNumber": "19863",
    "name": "ontbijtkoekjes chocoladestuk.",
    "description": "*Individueel verpakt",
    "brand": "BONI",
    "seoBrand": "Boni Selection",
    "thumbNail": "https://static.colruytgroup.com/images/200x200/nl_be/45/36/asset-2274536.jpg",
    "fullImage": "https://static.colruytgroup.com/images/500x500/nl_be/45/36/asset-2274536.jpg",
    "squareImage": "https://static.colruytgroup.com/images/500x500sq/nl_be/45/36/asset-2274536.jpg",
    "content": "8x50g",
    "walkRouteSequenceNumber": 2326,
    "price": {
      "basicPrice": 2.09,
      "recommendedQuantity": "1.0",
      "quantityPrice": 1.98,
      "quantityPriceQuantity": "4.0",
      "measurementUnitPrice": 5.23,
      "measurementUnitQuantityPrice": 4.95,
      "measurementUnit": "K",
      "isRedPrice": false,
      "pricePerUOM": 5.23,
      "activationDate": "20-03-2024",
      "recordSource": "Offline",
      "isPromoActive": "N",
      "priceChangeCode": "E",
      "quantityPricePerUOM": 4.95,
      "quantityActivationDate": "20-03-2024",
      "quantityPriceChangeCode": "E"
    },
    "isAvailable": true,
    "isPriceAvailable": true,
    "inPromo": false,
    "gtin": [
      "05400141056945",
      "15400141330752",
      "15400141056942",
      "05400141330755",
      "05400141061208",
      "05400141193473",
      "05400141678741"
    ],
    "topCategoryName": "Brood/Ontbijt",
    "topCategoryId": "124",
    "businessDomain": "RETAIL_BE",
    "IsPrivateLabel": true,
    "IsBiffe": false,
    "WeightconversionFactor": "0",
    "IsWeightArticle": false,
    "nutriscoreLabel": "D",
    "IsBio": false,
    "CountryOfOrigin": "FRANKRIJK",
    "IsExclusivelySoldInLuxembourg": false,
    "OrderUnit": "P",
    "ShortName": "BONI ONTB.KOEK CHOC400G",
    "IsNew": false,
    "EcoscoreLabel": "C",
    "RecentQuanityOfStockUnits": "1,1,18",
    "LongName": "BONI ontbijtkoekjes chocoladestuk. 8x50g",
    "AlcoholVolume": "0",
    "FicCode": "I",
    "EcoscoreValue": "46"
  },
  {
    "productId": "826154",
    "technicalArticleNumber": "4663278",
    "commercialArticleNumber": "29960",
    "name": "matinettes melk",
    "description": "*Belgische chocolade",
    "brand": "JACQUES",
    "seoBrand": "Jacques",
    "thumbNail": "https://static.colruytgroup.com/images/200x200/std.lang.all/30/96/asset-2943096.jpg",
    "fullImage": "https://static.colruytgroup.com/images/500x500/std.lang.all/30/96/asset-2943096.jpg",
    "squareImage": "https://static.colruytgroup.com/images/500x500sq/std.lang.all/30/96/asset-2943096.jpg",
    "content": "224g",
    "walkRouteSequenceNumber": 17891,
    "price": {
      "basicPrice": 3.48,
      "recommendedQuantity": "1.0",
      "measurementUnitPrice": 15.54,
      "measurementUnit": "K",
      "isRedPrice": false,
      "pricePerUOM": 15.54,
      "activationDate": "19-03-2024",
      "recordSource": "Offline",
      "isPromoActive": "N",
      "priceChangeCode": "H"
    },
    "isAvailable": true,
    "isPriceAvailable": true,
    "inPromo": false,
    "gtin": [
      "05410059759913",
      "05410059465166"
    ],
    "topCategoryName": "Koeken/Chocolade/Snoep",
    "topCategoryId": "335",
    "businessDomain": "RETAIL_BE",
    "IsPrivateLabel": false,
    "IsBiffe": false,
    "WeightconversionFactor": "0",
    "IsWeightArticle": false,
    "nutriscoreLabel": "E",
    "IsBio": false,
    "CountryOfOrigin": "DUITSLAND",
    "IsExclusivelySoldInLuxembourg": false,
    "OrderUnit": "P",
    "ShortName": "JACQ MATINETTES MELK224",
    "IsNew": false,
    "EcoscoreLabel": "D",
    "RecentQuanityOfStockUnits": "1,8",
    "LongName": "JACQUES matinettes melk 224g",
    "FicCode": "E",
    "EcoscoreValue": "28"
  },
  {
    "productId": "1551",
    "technicalArticleNumber": "21982",
    "commercialArticleNumber": "21982",
    "name": "Cake Tijgerrol",
    "brand": "EVERYDAY",
    "seoBrand": "Everyday",
    "thumbNail": "https://static.colruytgroup.com/images/200x200/std.lang.all/13/08/asset-3421308.jpg",
    "fullImage": "https://static.colruytgroup.com/images/500x500/std.lang.all/13/08/asset-3421308.jpg",
    "squareImage": "https://static.colruytgroup.com/images/500x500sq/std.lang.all/13/08/asset-3421308.jpg",
    "content": "300g",
    "walkRouteSequenceNumber": 2120,
    "price": {
      "basicPrice": 1.23,
      "recommendedQuantity": "1.0",
      "measurementUnitPrice": 4.1,
      "measurementUnit": "K",
      "isRedPrice": false,
      "pricePerUOM": 4.1,
      "activationDate": "17-02-2024",
      "recordSource": "Offline",
      "isPromoActive": "N",
      "priceChangeCode": "E"
    },
    "isAvailable": true,
    "isPriceAvailable": true,
    "inPromo": false,
    "gtin": [
      "05400141057980",
      "15400141057987",
      "15400141219828"
    ],
    "topCategoryName": "Koeken/Chocolade/Snoep",
    "topCategoryId": "335",
    "businessDomain": "RETAIL_BE",
    "IsPrivateLabel": true,
    "IsBiffe": false,
    "WeightconversionFactor": "0",
    "IsWeightArticle": false,
    "nutriscoreLabel": "E",
    "IsBio": false,
    "CountryOfOrigin": "BELGIË",
    "IsExclusivelySoldInLuxembourg": false,
    "OrderUnit": "P",
    "ShortName": "EVD TIJGERROL 300G",
    "IsNew": false,
    "EcoscoreLabel": "B",
    "RecentQuanityOfStockUnits": "7,1",
    "LongName": "EVERYDAY Cake Tijgerrol 300g",
    "AlcoholVolume": "0",
    "FicCode": "I",
    "EcoscoreValue": "68"
  },
  {
    "productId": "1620",
    "technicalArticleNumber": "20964",
    "commercialArticleNumber": "20964",
    "name": "Surprise",
    "brand": "KINDER",
    "seoBrand": "Kinder Surprise",
    "thumbNail": "https://static.colruytgroup.com/images/200x200/std.lang.all/03/01/asset-3280301.jpg",
    "fullImage": "https://static.colruytgroup.com/images/500x500/std.lang.all/03/01/asset-3280301.jpg",
    "squareImage": "https://static.colruytgroup.com/images/500x500sq/std.lang.all/03/01/asset-3280301.jpg",
    "content": "60g",
    "walkRouteSequenceNumber": 1292,
    "price": {
      "basicPrice": 2.38,
      "recommendedQuantity": "1.0",
      "measurementUnitPrice": 39.67,
      "measurementUnit": "K",
      "isRedPrice": false,
      "pricePerUOM": 39.67,
      "activationDate": "23-03-2024",
      "recordSource": "Offline",
      "isPromoActive": "N",
      "priceChangeCode": "H"
    },
    "isAvailable": true,
    "isPriceAvailable": true,
    "inPromo": false,
    "gtin": [
      "00000080052166",
      "08000500026731",
      "08000500101759"
    ],
    "topCategoryName": "Koeken/Chocolade/Snoep",
    "topCategoryId": "335",
    "businessDomain": "RETAIL_BE",
    "IsPrivateLabel": false,
    "IsBiffe": false,
    "WeightconversionFactor": "0",
    "IsWeightArticle": false,
    "nutriscoreLabel": "E",
    "IsBio": false,
    "CountryOfOrigin": "BELGIË",
    "IsExclusivelySoldInLuxembourg": false,
    "OrderUnit": "P",
    "ShortName": "KIND SURPRIS.AVATAR3X20",
    "InSeason": true,
    "IsNew": false,
    "RecentQuanityOfStockUnits": "1,32",
    "LongName": "KINDER Surprise 60g",
    "AlcoholVolume": "0",
    "StartSeasonDate": "27/07/2022",
    "FicCode": "E"
  },
  {
    "productId": "461157",
    "technicalArticleNumber": "3954306",
    "commercialArticleNumber": "2029",
    "name": "melkchoc.gebr.hazelnoten",
    "brand": "EVERYDAY",
    "seoBrand": "Everyday",
    "thumbNail": "https://static.colruytgroup.com/images/200x200/std.lang.all/75/70/asset-1687570.jpg",
    "fullImage": "https://static.colruytgroup.com/images/500x500/std.lang.all/75/70/asset-1687570.jpg",
    "squareImage": "https://static.colruytgroup.com/images/500x500sq/std.lang.all/75/70/asset-1687570.jpg",
    "content": "200g",
    "walkRouteSequenceNumber": 1387,
    "price": {
      "basicPrice": 1.18,
      "recommendedQuantity": "1.0",
      "measurementUnitPrice": 5.9,
      "measurementUnit": "K",
      "isRedPrice": false,
      "pricePerUOM": 5.9,
      "activationDate": "28-11-2023",
      "recordSource": "Offline",
      "isPromoActive": "N",
      "priceChangeCode": "L"
    },
    "isAvailable": true,
    "isPriceAvailable": true,
    "inPromo": false,
    "gtin": [
      "05400141037531",
      "15400141037538"
    ],
    "topCategoryName": "Koeken/Chocolade/Snoep",
    "topCategoryId": "335",
    "businessDomain": "RETAIL_BE",
    "IsPrivateLabel": true,
    "IsBiffe": false,
    "WeightconversionFactor": "0",
    "IsWeightArticle": false,
    "nutriscoreLabel": "E",
    "IsBio": false,
    "CountryOfOrigin": "BELGIË",
    "IsExclusivelySoldInLuxembourg": false,
    "OrderUnit": "P",
    "ShortName": "EVD MELKCHOC.HAZEL200",
    "IsNew": false,
    "EcoscoreLabel": "C",
    "RecentQuanityOfStockUnits": "1,36",
    "LongName": "EVERYDAY melkchoc.gebr.hazelnoten 200g",
    "FicCode": "I",
    "EcoscoreValue": "42"
  },
  {
    "productId": "50624",
    "technicalArticleNumber": "2336215",
    "commercialArticleNumber": "18626",
    "name": "botergaletten",
    "brand": "BONI",
    "seoBrand": "Boni Selection",
    "thumbNail": "https://static.colruytgroup.com/images/200x200/std.lang.all/29/14/asset-2762914.jpg",
    "fullImage": "https://static.colruytgroup.com/images/500x500/std.lang.all/29/14/asset-2762914.jpg",
    "squareImage": "https://static.colruytgroup.com/images/500x500sq/std.lang.all/29/14/asset-2762914.jpg",
    "content": "20x12,5g",
    "walkRouteSequenceNumber": 2092,
    "price": {
      "basicPrice": 1.65,
      "recommendedQuantity": "1.0",
      "measurementUnitPrice": 6.6,
      "measurementUnit": "K",
      "isRedPrice": false,
      "pricePerUOM": 6.6,
      "activationDate": "02-01-2024",
      "recordSource": "Offline",
      "isPromoActive": "N",
      "priceChangeCode": "E"
    },
    "isAvailable": true,
    "isPriceAvailable": true,
    "inPromo": false,
    "gtin": [
      "05400141306743",
      "15400141306740",
      "05400141604535",
      "05400141138627",
      "05400141034455",
      "05400141610444",
      "15400141604532"
    ],
    "topCategoryName": "Koeken/Chocolade/Snoep",
    "topCategoryId": "335",
    "businessDomain": "RETAIL_BE",
    "IsPrivateLabel": true,
    "IsBiffe": false,
    "WeightconversionFactor": "0",
    "IsWeightArticle": false,
    "nutriscoreLabel": "E",
    "IsBio": false,
    "CountryOfOrigin": "BELGIË",
    "IsExclusivelySoldInLuxembourg": false,
    "OrderUnit": "P",
    "ShortName": "BONI BOTERGALETTEN 250G",
    "IsNew": false,
    "EcoscoreLabel": "B",
    "RecentQuanityOfStockUnits": "1,16",
    "LongName": "BONI botergaletten 20x12,5g",
    "AlcoholVolume": "0",
    "FicCode": "I",
    "EcoscoreValue": "69"
  },
  {
    "productId": "1408",
    "technicalArticleNumber": "20309",
    "commercialArticleNumber": "20309",
    "name": "Rocher 16st",
    "brand": "FERRERO",
    "seoBrand": "Ferrero Rocher",
    "thumbNail": "https://static.colruytgroup.com/images/200x200/std.lang.all/66/31/asset-3016631.jpg",
    "fullImage": "https://static.colruytgroup.com/images/500x500/std.lang.all/66/31/asset-3016631.jpg",
    "squareImage": "https://static.colruytgroup.com/images/500x500sq/std.lang.all/66/31/asset-3016631.jpg",
    "content": "200g",
    "walkRouteSequenceNumber": 1227,
    "price": {
      "basicPrice": 3.99,
      "recommendedQuantity": "1.0",
      "measurementUnitPrice": 19.95,
      "measurementUnit": "K",
      "isRedPrice": false,
      "pricePerUOM": 19.95,
      "activationDate": "15-02-2024",
      "recordSource": "Offline",
      "isPromoActive": "N",
      "priceChangeCode": "E"
    },
    "isAvailable": true,
    "isPriceAvailable": true,
    "inPromo": false,
    "gtin": [
      "03017621821669",
      "04008400163826",
      "08000500003787",
      "08000500246351"
    ],
    "topCategoryName": "Koeken/Chocolade/Snoep",
    "topCategoryId": "335",
    "businessDomain": "RETAIL_BE",
    "IsPrivateLabel": false,
    "IsBiffe": false,
    "WeightconversionFactor": "0",
    "IsWeightArticle": false,
    "nutriscoreLabel": "E",
    "IsBio": false,
    "CountryOfOrigin": "ITALIË",
    "IsExclusivelySoldInLuxembourg": false,
    "OrderUnit": "P",
    "ShortName": "FERRERO ROCHER T16 200G",
    "InSeason": true,
    "IsNew": false,
    "RecentQuanityOfStockUnits": "5,1",
    "LongName": "FERRERO Rocher 16st 200g",
    "AlcoholVolume": "0",
    "StartSeasonDate": "16/06/2023",
    "FicCode": "E"
  },
  {
    "productId": "94444",
    "technicalArticleNumber": "2892072",
    "commercialArticleNumber": "35026",
    "name": "LEO GO!",
    "brand": "MILKA",
    "seoBrand": "Milka Leo",
    "thumbNail": "https://ecgproductmw.colruytgroup.com/ecgproductmw/noPicForArticle_2.jpg",
    "fullImage": "https://ecgproductmw.colruytgroup.com/ecgproductmw/noPicForArticle_5.jpg",
    "squareImage": "https://ecgproductmw.colruytgroup.com/ecgproductmw/noPicForArticle_5.jpg",
    "content": "6x48g",
    "walkRouteSequenceNumber": 1392,
    "price": {
      "basicPrice": 5.79,
      "recommendedQuantity": "1.0",
      "measurementUnitPrice": 20.11,
      "measurementUnit": "K",
      "isRedPrice": false,
      "pricePerUOM": 20.11,
      "activationDate": "15-03-2024",
      "recordSource": "Offline",
      "isPromoActive": "N",
      "priceChangeCode": "E"
    },
    "isAvailable": true,
    "isPriceAvailable": true,
    "inPromo": false,
    "gtin": [
      "07622210052629",
      "07622210052612",
      "05400141113365"
    ],
    "topCategoryName": "Koeken/Chocolade/Snoep",
    "topCategoryId": "335",
    "businessDomain": "RETAIL_BE",
    "IsPrivateLabel": false,
    "IsBiffe": false,
    "WeightconversionFactor": "0",
    "IsWeightArticle": false,
    "nutriscoreLabel": "E",
    "IsBio": false,
    "CountryOfOrigin": "BELGIË",
    "IsExclusivelySoldInLuxembourg": false,
    "OrderUnit": "P",
    "ShortName": "MILKA LEO GO 6X48GR",
    "IsNew": false,
    "RecentQuanityOfStockUnits": "2,1",
    "LongName": "MILKA LEO GO! 6x48g",
    "AlcoholVolume": "0",
    "FicCode": "E"
  },
  {
    "productId": "300136",
    "technicalArticleNumber": "3721886",
    "commercialArticleNumber": "20121",
    "name": "tablet praliné Dessert 58",
    "brand": "CÔTE D'OR",
    "seoBrand": "Côte d'Or",
    "thumbNail": "https://static.colruytgroup.com/images/200x200/std.lang.all/31/23/asset-1323123.jpg",
    "fullImage": "https://static.colruytgroup.com/images/500x500/std.lang.all/31/23/asset-1323123.jpg",
    "squareImage": "https://static.colruytgroup.com/images/500x500sq/std.lang.all/31/23/asset-1323123.jpg",
    "content": "200g",
    "walkRouteSequenceNumber": 1417,
    "price": {
      "basicPrice": 3.15,
      "recommendedQuantity": "2.0",
      "measurementUnitPrice": 15.75,
      "measurementUnit": "K",
      "isRedPrice": false,
      "pricePerUOM": 15.75,
      "activationDate": "20-03-2024",
      "recordSource": "Offline",
      "isPromoActive": "N",
      "priceChangeCode": "H"
    },
    "isAvailable": true,
    "isPriceAvailable": true,
    "inPromo": false,
    "gtin": [
      "07622210678645",
      "07622210792594",
      "07622400010439",
      "07622200715411"
    ],
    "topCategoryName": "Koeken/Chocolade/Snoep",
    "topCategoryId": "335",
    "businessDomain": "RETAIL_BE",
    "IsPrivateLabel": false,
    "IsBiffe": false,
    "WeightconversionFactor": "0",
    "IsWeightArticle": false,
    "nutriscoreLabel": "E",
    "IsBio": false,
    "CountryOfOrigin": "BELGIË",
    "IsExclusivelySoldInLuxembourg": false,
    "OrderUnit": "P",
    "ShortName": "CDO TBL DESSERT 58 200G",
    "IsNew": false,
    "RecentQuanityOfStockUnits": "1,2",
    "LongName": "CÔTE D'OR tablet praliné Dessert 58 200g",
    "AlcoholVolume": "0",
    "FicCode": "E"
  },
  {
    "productId": "1465",
    "technicalArticleNumber": "20000",
    "commercialArticleNumber": "20000",
    "name": "noir de noir",
    "description": "*Min 54 %\ncacaobestanddelen\n*Belgische chocolade",
    "brand": "CÔTE D'OR",
    "seoBrand": "Côte d'Or L'Original",
    "thumbNail": "https://static.colruytgroup.com/images/200x200/std.lang.all/79/84/asset-2257984.jpg",
    "fullImage": "https://static.colruytgroup.com/images/500x500/std.lang.all/79/84/asset-2257984.jpg",
    "squareImage": "https://static.colruytgroup.com/images/500x500sq/std.lang.all/79/84/asset-2257984.jpg",
    "content": "2x200g",
    "walkRouteSequenceNumber": 1420,
    "price": {
      "basicPrice": 5.59,
      "recommendedQuantity": "2.0",
      "measurementUnitPrice": 13.98,
      "measurementUnit": "K",
      "isRedPrice": false,
      "pricePerUOM": 13.98,
      "activationDate": "13-03-2024",
      "recordSource": "Offline",
      "isPromoActive": "N",
      "priceChangeCode": "H"
    },
    "isAvailable": true,
    "isPriceAvailable": true,
    "inPromo": true,
    "promotion": [
      {
        "techPromoId": "100829COLR",
        "promotionId": "100829",
        "promotionType": "3",
        "isPersonalized": "N",
        "publicationStartDate": "13-03-2024",
        "publicationEndDate": "26-03-2024"
      }
    ],
    "gtin": [
      "07622210100320",
      "07622200909681",
      "07622210100092",
      "07622210187338",
      "07622210758293"
    ],
    "topCategoryName": "Koeken/Chocolade/Snoep",
    "topCategoryId": "335",
    "businessDomain": "RETAIL_BE",
    "IsPrivateLabel": false,
    "IsBiffe": false,
    "WeightconversionFactor": "0",
    "IsWeightArticle": false,
    "nutriscoreLabel": "E",
    "IsBio": false,
    "CountryOfOrigin": "BELGIË",
    "IsExclusivelySoldInLuxembourg": false,
    "OrderUnit": "P",
    "ShortName": "CD NOIR DE NOIR 400 GR",
    "InSeason": true,
    "IsNew": false,
    "RecentQuanityOfStockUnits": "1,2,32",
    "LongName": "CÔTE D'OR noir de noir 2x200g",
    "AlcoholVolume": "0",
    "StartSeasonDate": "30/03/2015",
    "FicCode": "E"
  },
  {
    "productId": "55008",
    "technicalArticleNumber": "2326723",
    "commercialArticleNumber": "18202",
    "name": "Melo-Cakes 30 stuks",
    "brand": "MILKA",
    "seoBrand": "Milka Melo-Cakes",
    "thumbNail": "https://static.colruytgroup.com/images/200x200/std.lang.all/34/20/asset-2843420.jpg",
    "fullImage": "https://static.colruytgroup.com/images/500x500/std.lang.all/34/20/asset-2843420.jpg",
    "squareImage": "https://static.colruytgroup.com/images/500x500sq/std.lang.all/34/20/asset-2843420.jpg",
    "content": "500g",
    "walkRouteSequenceNumber": 1396,
    "price": {
      "basicPrice": 5.98,
      "recommendedQuantity": "1.0",
      "measurementUnitPrice": 11.96,
      "measurementUnit": "K",
      "isRedPrice": false,
      "pricePerUOM": 11.96,
      "activationDate": "12-03-2024",
      "recordSource": "Offline",
      "isPromoActive": "N",
      "priceChangeCode": "H"
    },
    "isAvailable": true,
    "isPriceAvailable": true,
    "inPromo": false,
    "gtin": [
      "07622300748449",
      "07622300748456",
      "07622300424893",
      "07622300424886"
    ],
    "topCategoryName": "Koeken/Chocolade/Snoep",
    "topCategoryId": "335",
    "businessDomain": "RETAIL_BE",
    "IsPrivateLabel": false,
    "IsBiffe": false,
    "WeightconversionFactor": "0",
    "IsWeightArticle": false,
    "nutriscoreLabel": "E",
    "IsBio": false,
    "CountryOfOrigin": "BELGIË",
    "IsExclusivelySoldInLuxembourg": false,
    "OrderUnit": "P",
    "ShortName": "MELO CAKE 30 STUKS",
    "IsNew": false,
    "RecentQuanityOfStockUnits": "1,1,8",
    "LongName": "MILKA Melo-Cakes 30 stuks 500g",
    "AlcoholVolume": "0",
    "FicCode": "E"
  },
  {
    "productId": "1647",
    "technicalArticleNumber": "21266",
    "commercialArticleNumber": "21266",
    "name": "Véritable Petit Beurre",
    "brand": "LU",
    "seoBrand": "LU Véritable Petit Beurre",
    "thumbNail": "https://static.colruytgroup.com/images/200x200/std.lang.all/10/59/asset-2181059.jpg",
    "fullImage": "https://static.colruytgroup.com/images/500x500/std.lang.all/10/59/asset-2181059.jpg",
    "squareImage": "https://static.colruytgroup.com/images/500x500sq/std.lang.all/10/59/asset-2181059.jpg",
    "content": "200g",
    "walkRouteSequenceNumber": 2341,
    "price": {
      "basicPrice": 1.59,
      "recommendedQuantity": "2.0",
      "measurementUnitPrice": 7.95,
      "measurementUnit": "K",
      "isRedPrice": false,
      "pricePerUOM": 7.95,
      "activationDate": "31-01-2024",
      "recordSource": "Offline",
      "isPromoActive": "N",
      "priceChangeCode": "H"
    },
    "isAvailable": true,
    "isPriceAvailable": true,
    "inPromo": true,
    "promotion": [
      {
        "techPromoId": "100898COLR",
        "promotionId": "100898",
        "promotionType": "3",
        "isPersonalized": "N",
        "publicationStartDate": "13-03-2024",
        "publicationEndDate": "26-03-2024"
      }
    ],
    "gtin": [
      "00000024212663",
      "05400141148114",
      "07622210476081",
      "07622210476098",
      "07622210862488"
    ],
    "topCategoryName": "Koeken/Chocolade/Snoep",
    "topCategoryId": "335",
    "businessDomain": "RETAIL_BE",
    "IsPrivateLabel": false,
    "IsBiffe": false,
    "WeightconversionFactor": "0",
    "IsWeightArticle": false,
    "nutriscoreLabel": "E",
    "IsBio": false,
    "CountryOfOrigin": "FRANKRIJK",
    "IsExclusivelySoldInLuxembourg": false,
    "OrderUnit": "P",
    "ShortName": "LU LE PETIT BEURRE 200G",
    "InSeason": true,
    "IsNew": false,
    "RecentQuanityOfStockUnits": "2,20,1",
    "LongName": "LU Véritable Petit Beurre 200g",
    "AlcoholVolume": "0",
    "StartSeasonDate": "04/07/2016",
    "FicCode": "E"
  },
  {
    "productId": "595617",
    "technicalArticleNumber": "4257250",
    "commercialArticleNumber": "22487",
    "name": "speculoos gevuld vanillesm.",
    "brand": "LOTUS",
    "seoBrand": "Lotus",
    "thumbNail": "https://static.colruytgroup.com/images/200x200/std.lang.all/53/92/asset-3365392.jpg",
    "fullImage": "https://static.colruytgroup.com/images/500x500/std.lang.all/53/92/asset-3365392.jpg",
    "squareImage": "https://static.colruytgroup.com/images/500x500sq/std.lang.all/53/92/asset-3365392.jpg",
    "content": "15x10g",
    "walkRouteSequenceNumber": 2213,
    "price": {
      "basicPrice": 1.69,
      "recommendedQuantity": "1.0",
      "measurementUnitPrice": 11.27,
      "measurementUnit": "K",
      "isRedPrice": false,
      "pricePerUOM": 11.27,
      "activationDate": "15-03-2024",
      "recordSource": "Offline",
      "isPromoActive": "Y",
      "priceChangeCode": "E"
    },
    "isAvailable": true,
    "isPriceAvailable": true,
    "inPromo": true,
    "promotion": [
      {
        "techPromoId": "001928COLR",
        "promotionId": "001928",
        "promotionType": "4",
        "isPersonalized": "N",
        "publicationStartDate": "13-03-2024",
        "publicationEndDate": "26-03-2024"
      }
    ],
    "gtin": [
      "05410126006377",
      "15410126006374"
    ],
    "topCategoryName": "Brood/Ontbijt",
    "topCategoryId": "124",
    "businessDomain": "RETAIL_BE",
    "IsPrivateLabel": false,
    "IsBiffe": false,
    "WeightconversionFactor": "0",
    "IsWeightArticle": false,
    "nutriscoreLabel": "E",
    "IsBio": false,
    "CountryOfOrigin": "BELGIË",
    "IsExclusivelySoldInLuxembourg": false,
    "OrderUnit": "P",
    "ShortName": "LOTU SPECUL.VANILLE 150",
    "IsNew": false,
    "RecentQuanityOfStockUnits": "9,1",
    "LongName": "LOTUS speculoos gevuld vanillesm. 15x10g",
    "FicCode": "E"
  },
  {
    "productId": "155",
    "technicalArticleNumber": "15042",
    "commercialArticleNumber": "15042",
    "name": "koeken woudvruchten",
    "description": "*Individueel verpakt",
    "brand": "LU GRANY",
    "seoBrand": "LU Grany",
    "thumbNail": "https://static.colruytgroup.com/images/200x200/std.lang.all/04/30/asset-2060430.jpg",
    "fullImage": "https://static.colruytgroup.com/images/500x500/std.lang.all/04/30/asset-2060430.jpg",
    "squareImage": "https://static.colruytgroup.com/images/500x500sq/std.lang.all/04/30/asset-2060430.jpg",
    "content": "6x32,5g",
    "walkRouteSequenceNumber": 2314,
    "price": {
      "basicPrice": 3.49,
      "recommendedQuantity": "1.0",
      "measurementUnitPrice": 17.9,
      "measurementUnit": "K",
      "isRedPrice": false,
      "pricePerUOM": 17.9,
      "activationDate": "12-03-2024",
      "recordSource": "Offline",
      "isPromoActive": "N",
      "priceChangeCode": "H"
    },
    "isAvailable": true,
    "isPriceAvailable": true,
    "inPromo": false,
    "gtin": [
      "03017760568890",
      "05400141117042",
      "13017760568811",
      "15410041395300",
      "15410041405504"
    ],
    "topCategoryName": "Brood/Ontbijt",
    "topCategoryId": "124",
    "businessDomain": "RETAIL_BE",
    "IsPrivateLabel": false,
    "IsBiffe": false,
    "WeightconversionFactor": "0",
    "IsWeightArticle": false,
    "nutriscoreLabel": "E",
    "IsBio": false,
    "CountryOfOrigin": "BELGIË",
    "IsExclusivelySoldInLuxembourg": false,
    "OrderUnit": "P",
    "ShortName": "LU GRANY WOUDVRUCH.195G",
    "IsNew": false,
    "RecentQuanityOfStockUnits": "2,1,12",
    "LongName": "LU GRANY koeken woudvruchten 6x32,5g",
    "AlcoholVolume": "0",
    "FicCode": "E"
  },
  {
    "productId": "143052",
    "technicalArticleNumber": "3285221",
    "commercialArticleNumber": "22517",
    "name": "gevulde wafels",
    "description": "gevulde wafels",
    "brand": "SUCCÈS DU JOUR",
    "seoBrand": "Succès Du Jour",
    "thumbNail": "https://static.colruytgroup.com/images/200x200/std.lang.all/12/75/asset-711275.jpg",
    "fullImage": "https://static.colruytgroup.com/images/500x500/std.lang.all/12/75/asset-711275.jpg",
    "squareImage": "https://static.colruytgroup.com/images/500x500sq/std.lang.all/12/75/asset-711275.jpg",
    "content": "6x60g",
    "walkRouteSequenceNumber": 1847,
    "price": {
      "basicPrice": 3.1,
      "recommendedQuantity": "1.0",
      "measurementUnitPrice": 8.62,
      "measurementUnit": "K",
      "isRedPrice": false,
      "pricePerUOM": 8.62,
      "activationDate": "22-06-2023",
      "recordSource": "Offline",
      "isPromoActive": "N",
      "priceChangeCode": "H"
    },
    "isAvailable": true,
    "isPriceAvailable": true,
    "inPromo": false,
    "gtin": [
      "05411803060316",
      "05411803120614"
    ],
    "topCategoryName": "Koeken/Chocolade/Snoep",
    "topCategoryId": "335",
    "businessDomain": "RETAIL_BE",
    "IsPrivateLabel": false,
    "IsBiffe": false,
    "WeightconversionFactor": "0",
    "IsWeightArticle": false,
    "nutriscoreLabel": "E",
    "IsBio": false,
    "CountryOfOrigin": "BELGIË",
    "IsExclusivelySoldInLuxembourg": false,
    "OrderUnit": "P",
    "ShortName": "SUC DU JOUR VAN 360GR",
    "IsNew": false,
    "EcoscoreLabel": "C",
    "RecentQuanityOfStockUnits": "1,12",
    "LongName": "SUCCÈS DU JOUR gevulde wafels 6x60g",
    "AlcoholVolume": "0",
    "FicCode": "E",
    "EcoscoreValue": "56"
  },
  {
    "productId": "1636",
    "technicalArticleNumber": "21132",
    "commercialArticleNumber": "21132",
    "name": "Pure choclade",
    "brand": "LU MIKADO",
    "seoBrand": "LU Mikado",
    "thumbNail": "https://static.colruytgroup.com/images/200x200/std.lang.all/44/41/asset-1174441.jpg",
    "fullImage": "https://static.colruytgroup.com/images/500x500/std.lang.all/44/41/asset-1174441.jpg",
    "squareImage": "https://static.colruytgroup.com/images/500x500sq/std.lang.all/44/41/asset-1174441.jpg",
    "content": "75g",
    "walkRouteSequenceNumber": 2149,
    "price": {
      "basicPrice": 2.19,
      "recommendedQuantity": "1.0",
      "measurementUnitPrice": 29.2,
      "measurementUnit": "K",
      "isRedPrice": false,
      "pricePerUOM": 29.2,
      "activationDate": "13-03-2024",
      "recordSource": "Offline",
      "isPromoActive": "N",
      "priceChangeCode": "H"
    },
    "isAvailable": true,
    "isPriceAvailable": true,
    "inPromo": true,
    "promotion": [
      {
        "techPromoId": "100898COLR",
        "promotionId": "100898",
        "promotionType": "3",
        "isPersonalized": "N",
        "publicationStartDate": "13-03-2024",
        "publicationEndDate": "26-03-2024"
      }
    ],
    "gtin": [
      "13017760002711",
      "05400141211320",
      "00000024211321",
      "03017760002707"
    ],
    "topCategoryName": "Koeken/Chocolade/Snoep",
    "topCategoryId": "335",
    "businessDomain": "RETAIL_BE",
    "IsPrivateLabel": false,
    "IsBiffe": false,
    "WeightconversionFactor": "0",
    "IsWeightArticle": false,
    "nutriscoreLabel": "E",
    "IsBio": false,
    "CountryOfOrigin": "FRANKRIJK",
    "IsExclusivelySoldInLuxembourg": false,
    "OrderUnit": "P",
    "ShortName": "LU MIKADO PUUR 75 GR",
    "IsNew": false,
    "RecentQuanityOfStockUnits": "1,24,3",
    "LongName": "LU MIKADO Pure choclade 75g",
    "AlcoholVolume": "0",
    "FicCode": "E"
  },
  {
    "productId": "1470",
    "technicalArticleNumber": "20010",
    "commercialArticleNumber": "20010",
    "name": "puur",
    "description": "*Min. 48 %\ncacaobestanddelen\n*Belgische chocolade",
    "brand": "CÔTE D'OR",
    "seoBrand": "Côte d'Or",
    "thumbNail": "https://static.colruytgroup.com/images/200x200/std.lang.all/99/34/asset-379934.jpg",
    "fullImage": "https://static.colruytgroup.com/images/500x500/std.lang.all/99/34/asset-379934.jpg",
    "squareImage": "https://static.colruytgroup.com/images/500x500sq/std.lang.all/99/34/asset-379934.jpg",
    "content": "150g",
    "walkRouteSequenceNumber": 1410,
    "price": {
      "basicPrice": 2.49,
      "recommendedQuantity": "3.0",
      "measurementUnitPrice": 16.6,
      "measurementUnit": "K",
      "isRedPrice": false,
      "pricePerUOM": 16.6,
      "activationDate": "20-03-2024",
      "recordSource": "Offline",
      "isPromoActive": "N",
      "priceChangeCode": "H"
    },
    "isAvailable": true,
    "isPriceAvailable": true,
    "inPromo": false,
    "gtin": [
      "05410081200933",
      "05410081230930",
      "07622201030117",
      "07622201030216"
    ],
    "topCategoryName": "Koeken/Chocolade/Snoep",
    "topCategoryId": "335",
    "businessDomain": "RETAIL_BE",
    "IsPrivateLabel": false,
    "IsBiffe": false,
    "WeightconversionFactor": "0",
    "IsWeightArticle": false,
    "nutriscoreLabel": "E",
    "IsBio": false,
    "CountryOfOrigin": "BELGIË",
    "IsExclusivelySoldInLuxembourg": false,
    "OrderUnit": "P",
    "ShortName": "CD TABL PUUR 150GR",
    "IsNew": false,
    "RecentQuanityOfStockUnits": "3,1",
    "LongName": "CÔTE D'OR puur 150g",
    "AlcoholVolume": "0",
    "FicCode": "E"
  },
  {
    "productId": "461626",
    "technicalArticleNumber": "3957426",
    "commercialArticleNumber": "2247",
    "name": "Double Lait",
    "brand": "CÔTE D'OR",
    "seoBrand": "Côte d'Or",
    "thumbNail": "https://static.colruytgroup.com/images/200x200/std.lang.all/99/08/asset-1829908.jpg",
    "fullImage": "https://static.colruytgroup.com/images/500x500/std.lang.all/99/08/asset-1829908.jpg",
    "squareImage": "https://static.colruytgroup.com/images/500x500sq/std.lang.all/99/08/asset-1829908.jpg",
    "content": "4x46g",
    "walkRouteSequenceNumber": 1436,
    "price": {
      "basicPrice": 2.59,
      "recommendedQuantity": "2.0",
      "measurementUnitPrice": 14.08,
      "measurementUnit": "K",
      "isRedPrice": false,
      "pricePerUOM": 14.08,
      "activationDate": "19-03-2024",
      "recordSource": "Offline",
      "isPromoActive": "N",
      "priceChangeCode": "H"
    },
    "isAvailable": true,
    "isPriceAvailable": true,
    "inPromo": true,
    "promotion": [
      {
        "techPromoId": "100830COLR",
        "promotionId": "100830",
        "promotionType": "3",
        "isPersonalized": "N",
        "publicationStartDate": "13-03-2024",
        "publicationEndDate": "26-03-2024"
      }
    ],
    "gtin": [
      "05400141073997",
      "07622210926388",
      "07622210926371"
    ],
    "topCategoryName": "Koeken/Chocolade/Snoep",
    "topCategoryId": "335",
    "businessDomain": "RETAIL_BE",
    "IsPrivateLabel": false,
    "IsBiffe": false,
    "WeightconversionFactor": "0",
    "IsWeightArticle": false,
    "IsBio": false,
    "CountryOfOrigin": "BELGIË",
    "IsExclusivelySoldInLuxembourg": false,
    "OrderUnit": "P",
    "ShortName": "CDO DOUBLE LAIT 4X46G",
    "IsNew": false,
    "RecentQuanityOfStockUnits": "2,1,24",
    "LongName": "CÔTE D'OR Double Lait 4x46g",
    "FicCode": "E"
  },
  {
    "productId": "1111",
    "technicalArticleNumber": "16610",
    "commercialArticleNumber": "16610",
    "name": "peperkoek gesneden",
    "brand": "EVERYDAY",
    "seoBrand": "Everyday",
    "thumbNail": "https://static.colruytgroup.com/images/200x200/std.lang.all/79/20/asset-2847920.jpg",
    "fullImage": "https://static.colruytgroup.com/images/500x500/std.lang.all/79/20/asset-2847920.jpg",
    "squareImage": "https://static.colruytgroup.com/images/500x500sq/std.lang.all/79/20/asset-2847920.jpg",
    "content": "500g",
    "walkRouteSequenceNumber": 17577,
    "price": {
      "basicPrice": 1.25,
      "recommendedQuantity": "1.0",
      "measurementUnitPrice": 2.5,
      "measurementUnit": "K",
      "isRedPrice": false,
      "pricePerUOM": 2.5,
      "activationDate": "13-03-2024",
      "recordSource": "Offline",
      "isPromoActive": "N",
      "priceChangeCode": "L"
    },
    "isAvailable": true,
    "isPriceAvailable": true,
    "inPromo": false,
    "gtin": [
      "05400141043303",
      "05400141104417",
      "05400141166231",
      "15400141907374"
    ],
    "topCategoryName": "Brood/Ontbijt",
    "topCategoryId": "124",
    "businessDomain": "RETAIL_BE",
    "IsPrivateLabel": true,
    "IsBiffe": false,
    "WeightconversionFactor": "0",
    "IsWeightArticle": false,
    "nutriscoreLabel": "D",
    "IsBio": false,
    "CountryOfOrigin": "BELGIË",
    "IsExclusivelySoldInLuxembourg": false,
    "OrderUnit": "P",
    "ShortName": "EVD PEPERKOEK 500GR",
    "IsNew": false,
    "EcoscoreLabel": "B",
    "RecentQuanityOfStockUnits": "1,12",
    "LongName": "EVERYDAY peperkoek gesneden 500g",
    "AlcoholVolume": "0",
    "FicCode": "I",
    "EcoscoreValue": "74"
  },
  {
    "productId": "709544",
    "technicalArticleNumber": "4449457",
    "commercialArticleNumber": "26367",
    "name": "choc. ivoorkust 72% puur FT",
    "brand": "BONI",
    "seoBrand": "Boni Selection",
    "thumbNail": "https://static.colruytgroup.com/images/200x200/std.lang.all/32/46/asset-2703246.jpg",
    "fullImage": "https://static.colruytgroup.com/images/500x500/std.lang.all/32/46/asset-2703246.jpg",
    "squareImage": "https://static.colruytgroup.com/images/500x500sq/std.lang.all/32/46/asset-2703246.jpg",
    "content": "100g",
    "walkRouteSequenceNumber": 1333,
    "price": {
      "basicPrice": 1.19,
      "recommendedQuantity": "1.0",
      "measurementUnitPrice": 11.9,
      "measurementUnit": "K",
      "isRedPrice": false,
      "pricePerUOM": 11.9,
      "activationDate": "12-03-2024",
      "recordSource": "Offline",
      "isPromoActive": "N",
      "priceChangeCode": "H"
    },
    "isAvailable": true,
    "isPriceAvailable": true,
    "inPromo": false,
    "gtin": [
      "35400141778121",
      "05400141778120",
      "15400141778127"
    ],
    "topCategoryName": "Koeken/Chocolade/Snoep",
    "topCategoryId": "335",
    "businessDomain": "RETAIL_BE",
    "IsPrivateLabel": true,
    "IsBiffe": false,
    "WeightconversionFactor": "0",
    "IsWeightArticle": false,
    "nutriscoreLabel": "E",
    "IsBio": false,
    "CountryOfOrigin": "BELGIË",
    "IsExclusivelySoldInLuxembourg": false,
    "OrderUnit": "P",
    "ShortName": "BONI FT CH.IVO72% PU100",
    "IsNew": false,
    "EcoscoreLabel": "D",
    "RecentQuanityOfStockUnits": "5,1",
    "LongName": "BONI choc. ivoorkust 72% puur FT 100g",
    "FicCode": "I",
    "EcoscoreValue": "25"
  },
  {
    "productId": "63406",
    "technicalArticleNumber": "2761870",
    "commercialArticleNumber": "42694",
    "name": "snoep geel-roze perziken",
    "brand": "HARIBO",
    "seoBrand": "Haribo",
    "thumbNail": "https://static.colruytgroup.com/images/200x200/std.lang.all/18/01/asset-1721801.jpg",
    "fullImage": "https://static.colruytgroup.com/images/500x500/std.lang.all/18/01/asset-1721801.jpg",
    "squareImage": "https://static.colruytgroup.com/images/500x500sq/std.lang.all/18/01/asset-1721801.jpg",
    "content": "500g",
    "walkRouteSequenceNumber": 1832,
    "price": {
      "basicPrice": 2.38,
      "recommendedQuantity": "1.0",
      "measurementUnitPrice": 4.76,
      "measurementUnit": "K",
      "isRedPrice": false,
      "pricePerUOM": 4.76,
      "activationDate": "14-03-2024",
      "recordSource": "Folder",
      "isPromoActive": "N",
      "priceChangeCode": "L"
    },
    "isAvailable": true,
    "isPriceAvailable": true,
    "inPromo": false,
    "gtin": [
      "05996379380513",
      "04001686381847"
    ],
    "topCategoryName": "Koeken/Chocolade/Snoep",
    "topCategoryId": "335",
    "businessDomain": "RETAIL_BE",
    "IsPrivateLabel": false,
    "IsBiffe": false,
    "WeightconversionFactor": "0",
    "IsWeightArticle": false,
    "nutriscoreLabel": "E",
    "IsBio": false,
    "CountryOfOrigin": "HONGARIJE",
    "IsExclusivelySoldInLuxembourg": false,
    "OrderUnit": "P",
    "ShortName": "HARIBO PERZIKEN 500GR",
    "IsNew": false,
    "EcoscoreLabel": "B",
    "RecentQuanityOfStockUnits": "1",
    "LongName": "HARIBO snoep geel-roze perziken 500g",
    "AlcoholVolume": "0",
    "FicCode": "E",
    "EcoscoreValue": "67"
  },
  {
    "productId": "868779",
    "technicalArticleNumber": "4721406",
    "commercialArticleNumber": "15539",
    "name": "Peanut & Caramel",
    "brand": "CHOCO FUN",
    "seoBrand": "Choco Fun",
    "thumbNail": "https://static.colruytgroup.com/images/200x200/std.lang.all/30/22/asset-3273022.jpg",
    "fullImage": "https://static.colruytgroup.com/images/500x500/std.lang.all/30/22/asset-3273022.jpg",
    "squareImage": "https://static.colruytgroup.com/images/500x500sq/std.lang.all/30/22/asset-3273022.jpg",
    "content": "6x36g",
    "walkRouteSequenceNumber": 1098,
    "price": {
      "basicPrice": 1.39,
      "recommendedQuantity": "1.0",
      "measurementUnitPrice": 6.44,
      "measurementUnit": "K",
      "isRedPrice": false,
      "pricePerUOM": 6.44,
      "activationDate": "15-03-2024",
      "recordSource": "Offline",
      "isPromoActive": "N",
      "priceChangeCode": "L"
    },
    "isAvailable": true,
    "isPriceAvailable": true,
    "inPromo": false,
    "gtin": [
      "04000415440701",
      "04000415440602"
    ],
    "topCategoryName": "Koeken/Chocolade/Snoep",
    "topCategoryId": "335",
    "businessDomain": "RETAIL_BE",
    "IsPrivateLabel": false,
    "IsBiffe": false,
    "WeightconversionFactor": "0",
    "IsWeightArticle": false,
    "nutriscoreLabel": "E",
    "IsBio": false,
    "CountryOfOrigin": "BELGIË",
    "IsExclusivelySoldInLuxembourg": false,
    "OrderUnit": "P",
    "ShortName": "CHFU PEANUT&CARAMEL216",
    "IsNew": false,
    "EcoscoreLabel": "D",
    "RecentQuanityOfStockUnits": "1,24",
    "LongName": "CHOCO FUN Peanut & Caramel 6x36g",
    "AlcoholVolume": "0",
    "FicCode": "E",
    "EcoscoreValue": "33"
  },
  {
    "productId": "325063",
    "technicalArticleNumber": "3771022",
    "commercialArticleNumber": "16631",
    "name": "dragee eitjes",
    "description": "*Rainforest Alliance\ngecertificeerd",
    "brand": "BONI",
    "seoBrand": "Boni Selection",
    "thumbNail": "https://static.colruytgroup.com/images/200x200/std.lang.all/33/92/asset-2743392.jpg",
    "fullImage": "https://static.colruytgroup.com/images/500x500/std.lang.all/33/92/asset-2743392.jpg",
    "squareImage": "https://static.colruytgroup.com/images/500x500sq/std.lang.all/33/92/asset-2743392.jpg",
    "content": "250g",
    "walkRouteSequenceNumber": 1647,
    "price": {
      "basicPrice": 2.99,
      "recommendedQuantity": "1.0",
      "measurementUnitPrice": 11.96,
      "measurementUnit": "K",
      "isRedPrice": false,
      "pricePerUOM": 11.96,
      "activationDate": "30-01-2024",
      "recordSource": "Offline",
      "isPromoActive": "N",
      "priceChangeCode": "L"
    },
    "isAvailable": true,
    "isPriceAvailable": true,
    "inPromo": false,
    "gtin": [
      "35400141161534",
      "05400141345025",
      "15400141345022",
      "15400141471653",
      "05400141471656"
    ],
    "topCategoryName": "Koeken/Chocolade/Snoep",
    "topCategoryId": "335",
    "businessDomain": "RETAIL_BE",
    "IsPrivateLabel": true,
    "IsBiffe": false,
    "WeightconversionFactor": "0",
    "IsWeightArticle": false,
    "nutriscoreLabel": "E",
    "IsBio": false,
    "CountryOfOrigin": "BELGIË",
    "IsExclusivelySoldInLuxembourg": false,
    "OrderUnit": "P",
    "ShortName": "BONI DRAGEE EITJES 250G",
    "InSeason": true,
    "IsNew": false,
    "EcoscoreLabel": "C",
    "RecentQuanityOfStockUnits": "1,21",
    "LongName": "BONI dragee eitjes 250g",
    "AlcoholVolume": "0",
    "StartSeasonDate": "25/10/2023",
    "FicCode": "I",
    "EcoscoreValue": "45"
  },
  {
    "productId": "122249",
    "technicalArticleNumber": "3188214",
    "commercialArticleNumber": "24105",
    "name": "Luikse wafels mini chocol. 9st",
    "description": "*Individueel verpakt",
    "brand": "SUZY",
    "seoBrand": "Lotus Suzy",
    "thumbNail": "https://static.colruytgroup.com/images/200x200/std.lang.all/44/40/asset-2224440.jpg",
    "fullImage": "https://static.colruytgroup.com/images/500x500/std.lang.all/44/40/asset-2224440.jpg",
    "squareImage": "https://static.colruytgroup.com/images/500x500sq/std.lang.all/44/40/asset-2224440.jpg",
    "content": "292g",
    "walkRouteSequenceNumber": 2023,
    "price": {
      "basicPrice": 2.59,
      "recommendedQuantity": "1.0",
      "measurementUnitPrice": 8.87,
      "measurementUnit": "K",
      "isRedPrice": false,
      "pricePerUOM": 8.87,
      "activationDate": "18-01-2024",
      "recordSource": "Offline",
      "isPromoActive": "N",
      "priceChangeCode": "E"
    },
    "isAvailable": true,
    "isPriceAvailable": true,
    "inPromo": false,
    "gtin": [
      "05410126012453",
      "15410126012450"
    ],
    "topCategoryName": "Koeken/Chocolade/Snoep",
    "topCategoryId": "335",
    "businessDomain": "RETAIL_BE",
    "IsPrivateLabel": false,
    "IsBiffe": false,
    "WeightconversionFactor": "0",
    "IsWeightArticle": false,
    "nutriscoreLabel": "E",
    "IsBio": false,
    "CountryOfOrigin": "BELGIË",
    "IsExclusivelySoldInLuxembourg": false,
    "OrderUnit": "P",
    "ShortName": "LOTUS SU.MI.LU.W.CH.292",
    "IsNew": false,
    "RecentQuanityOfStockUnits": "1,10",
    "LongName": "SUZY Luikse wafels mini chocol. 9st 292g",
    "AlcoholVolume": "0",
    "FicCode": "E"
  },
  {
    "productId": "509911",
    "technicalArticleNumber": "4084052",
    "commercialArticleNumber": "7842",
    "name": "fresh mint 55st",
    "brand": "MENTOS PURE FRESH",
    "seoBrand": "Mentos",
    "thumbNail": "https://static.colruytgroup.com/images/200x200/std.lang.all/67/60/asset-1796760.jpg",
    "fullImage": "https://static.colruytgroup.com/images/500x500/std.lang.all/67/60/asset-1796760.jpg",
    "squareImage": "https://static.colruytgroup.com/images/500x500sq/std.lang.all/67/60/asset-1796760.jpg",
    "content": "110g",
    "walkRouteSequenceNumber": 18362,
    "price": {
      "basicPrice": 3.02,
      "recommendedQuantity": "1.0",
      "measurementUnitPrice": 0.055,
      "measurementUnit": "S",
      "isRedPrice": false,
      "pricePerUOM": 0.055,
      "activationDate": "23-03-2024",
      "recordSource": "Offline",
      "isPromoActive": "N",
      "priceChangeCode": "H"
    },
    "isAvailable": true,
    "isPriceAvailable": true,
    "inPromo": false,
    "gtin": [
      "08003440991787",
      "00000080801450"
    ],
    "topCategoryName": "Koeken/Chocolade/Snoep",
    "topCategoryId": "335",
    "businessDomain": "RETAIL_BE",
    "IsPrivateLabel": false,
    "IsBiffe": false,
    "WeightconversionFactor": "0",
    "IsWeightArticle": false,
    "nutriscoreLabel": "B",
    "IsBio": false,
    "CountryOfOrigin": "TURKIJE",
    "IsExclusivelySoldInLuxembourg": false,
    "OrderUnit": "P",
    "ShortName": "MENT PF GUM FRES.MINT55",
    "IsNew": false,
    "EcoscoreLabel": "C",
    "RecentQuanityOfStockUnits": "1,16",
    "LongName": "MENTOS PURE FRESH fresh mint 55st 110g",
    "FicCode": "E",
    "EcoscoreValue": "42"
  },
  {
    "productId": "645522",
    "technicalArticleNumber": "4341592",
    "commercialArticleNumber": "7346",
    "name": "wafels",
    "brand": "LOTUS SUZY",
    "seoBrand": "Lotus Suzy",
    "thumbNail": "https://static.colruytgroup.com/images/200x200/std.lang.all/01/74/asset-2730174.jpg",
    "fullImage": "https://static.colruytgroup.com/images/500x500/std.lang.all/01/74/asset-2730174.jpg",
    "squareImage": "https://static.colruytgroup.com/images/500x500sq/std.lang.all/01/74/asset-2730174.jpg",
    "content": "12x22g",
    "walkRouteSequenceNumber": 1854,
    "price": {
      "basicPrice": 2.69,
      "recommendedQuantity": "1.0",
      "measurementUnitPrice": 10.19,
      "measurementUnit": "K",
      "isRedPrice": false,
      "pricePerUOM": 10.19,
      "activationDate": "31-01-2024",
      "recordSource": "Offline",
      "isPromoActive": "N",
      "priceChangeCode": "E"
    },
    "isAvailable": true,
    "isPriceAvailable": true,
    "inPromo": false,
    "gtin": [
      "05410126052152",
      "15410126052159"
    ],
    "topCategoryName": "Koeken/Chocolade/Snoep",
    "topCategoryId": "335",
    "businessDomain": "RETAIL_BE",
    "IsPrivateLabel": false,
    "IsBiffe": false,
    "WeightconversionFactor": "0",
    "IsWeightArticle": false,
    "nutriscoreLabel": "E",
    "IsBio": false,
    "CountryOfOrigin": "BELGIË",
    "IsExclusivelySoldInLuxembourg": false,
    "OrderUnit": "P",
    "ShortName": "LOTU SUZY WAFEL 6X2 264",
    "IsNew": false,
    "RecentQuanityOfStockUnits": "1",
    "LongName": "LOTUS SUZY wafels 12x22g",
    "FicCode": "E"
  },
  {
    "productId": "1524",
    "technicalArticleNumber": "21516",
    "commercialArticleNumber": "21516",
    "name": "kokosrotsjes",
    "brand": "BONI",
    "seoBrand": "Boni Selection",
    "thumbNail": "https://static.colruytgroup.com/images/200x200/std.lang.all/25/39/asset-3452539.jpg",
    "fullImage": "https://static.colruytgroup.com/images/500x500/std.lang.all/25/39/asset-3452539.jpg",
    "squareImage": "https://static.colruytgroup.com/images/500x500sq/std.lang.all/25/39/asset-3452539.jpg",
    "content": "400g",
    "walkRouteSequenceNumber": 2330,
    "price": {
      "basicPrice": 1.75,
      "recommendedQuantity": "1.0",
      "measurementUnitPrice": 4.38,
      "measurementUnit": "K",
      "isRedPrice": false,
      "pricePerUOM": 4.38,
      "activationDate": "28-02-2024",
      "recordSource": "Offline",
      "isPromoActive": "N",
      "priceChangeCode": "H"
    },
    "isAvailable": true,
    "isPriceAvailable": true,
    "inPromo": false,
    "gtin": [
      "05400141472226",
      "05400141310535",
      "05400141341942",
      "15400141310532",
      "15400141993469"
    ],
    "topCategoryName": "Koeken/Chocolade/Snoep",
    "topCategoryId": "335",
    "businessDomain": "RETAIL_BE",
    "IsPrivateLabel": true,
    "IsBiffe": false,
    "WeightconversionFactor": "0",
    "IsWeightArticle": false,
    "nutriscoreLabel": "E",
    "IsBio": false,
    "CountryOfOrigin": "BELGIË",
    "IsExclusivelySoldInLuxembourg": false,
    "OrderUnit": "P",
    "ShortName": "BONI COCO ROCHER 400G",
    "IsNew": false,
    "EcoscoreLabel": "B",
    "RecentQuanityOfStockUnits": "9,1",
    "LongName": "BONI kokosrotsjes 400g",
    "AlcoholVolume": "0",
    "FicCode": "I",
    "EcoscoreValue": "60"
  },
  {
    "productId": "66521",
    "technicalArticleNumber": "2752579",
    "commercialArticleNumber": "42563",
    "name": "Tartélice appel 6st",
    "description": "*Individueel verpakt",
    "brand": "LOTUS",
    "seoBrand": "Lotus",
    "thumbNail": "https://static.colruytgroup.com/images/200x200/std.lang.all/21/05/asset-1822105.jpg",
    "fullImage": "https://static.colruytgroup.com/images/500x500/std.lang.all/21/05/asset-1822105.jpg",
    "squareImage": "https://static.colruytgroup.com/images/500x500sq/std.lang.all/21/05/asset-1822105.jpg",
    "content": "6x57,5g",
    "walkRouteSequenceNumber": 2108,
    "price": {
      "basicPrice": 3.79,
      "recommendedQuantity": "1.0",
      "quantityPrice": 3.06,
      "quantityPriceQuantity": "2.0",
      "measurementUnitPrice": 10.99,
      "measurementUnitQuantityPrice": 8.87,
      "measurementUnit": "K",
      "isRedPrice": false,
      "pricePerUOM": 10.99,
      "activationDate": "19-03-2024",
      "recordSource": "Offline",
      "isPromoActive": "N",
      "priceChangeCode": "E",
      "quantityPricePerUOM": 8.87,
      "quantityActivationDate": "19-03-2024",
      "quantityPriceChangeCode": "H"
    },
    "isAvailable": true,
    "isPriceAvailable": true,
    "inPromo": false,
    "gtin": [
      "05410126060836",
      "15410126060833"
    ],
    "topCategoryName": "Koeken/Chocolade/Snoep",
    "topCategoryId": "335",
    "businessDomain": "RETAIL_BE",
    "IsPrivateLabel": false,
    "IsBiffe": false,
    "WeightconversionFactor": "0",
    "IsWeightArticle": false,
    "nutriscoreLabel": "E",
    "IsBio": false,
    "CountryOfOrigin": "FRANKRIJK",
    "IsExclusivelySoldInLuxembourg": false,
    "OrderUnit": "P",
    "ShortName": "LOTU TARTLC. APPEL 345G",
    "IsNew": false,
    "RecentQuanityOfStockUnits": "8,1",
    "LongName": "LOTUS Tartélice appel 6st 6x57,5g",
    "AlcoholVolume": "0",
    "FicCode": "E"
  },
  {
    "productId": "1549",
    "technicalArticleNumber": "21933",
    "commercialArticleNumber": "21933",
    "name": "koeken Maria",
    "brand": "DELACRE",
    "seoBrand": "Delacre",
    "thumbNail": "https://static.colruytgroup.com/images/200x200/std.lang.all/41/20/asset-1114120.jpg",
    "fullImage": "https://static.colruytgroup.com/images/500x500/std.lang.all/41/20/asset-1114120.jpg",
    "squareImage": "https://static.colruytgroup.com/images/500x500sq/std.lang.all/41/20/asset-1114120.jpg",
    "content": "200g",
    "walkRouteSequenceNumber": 2327,
    "price": {
      "basicPrice": 1.79,
      "recommendedQuantity": "3.0",
      "measurementUnitPrice": 8.95,
      "measurementUnit": "K",
      "isRedPrice": false,
      "pricePerUOM": 8.95,
      "activationDate": "23-03-2024",
      "recordSource": "Offline",
      "isPromoActive": "N",
      "priceChangeCode": "H"
    },
    "isAvailable": true,
    "isPriceAvailable": true,
    "inPromo": false,
    "gtin": [
      "00000025219333",
      "08710412000865",
      "08710412036406",
      "08710412036413",
      "08710412625037"
    ],
    "topCategoryName": "Koeken/Chocolade/Snoep",
    "topCategoryId": "335",
    "businessDomain": "RETAIL_BE",
    "IsPrivateLabel": false,
    "IsBiffe": false,
    "WeightconversionFactor": "0",
    "IsWeightArticle": false,
    "nutriscoreLabel": "D",
    "IsBio": false,
    "CountryOfOrigin": "NEDERLAND",
    "IsExclusivelySoldInLuxembourg": false,
    "OrderUnit": "P",
    "ShortName": "DELACRE MARIA 200GR",
    "IsNew": false,
    "RecentQuanityOfStockUnits": "3,1,18",
    "LongName": "DELACRE koeken Maria 200g",
    "AlcoholVolume": "0",
    "FicCode": "E"
  },
  {
    "productId": "1586",
    "technicalArticleNumber": "20680",
    "commercialArticleNumber": "20680",
    "name": "snoep winegums",
    "brand": "BONI",
    "seoBrand": "Boni Selection",
    "thumbNail": "https://static.colruytgroup.com/images/200x200/std.lang.all/84/04/asset-3238404.jpg",
    "fullImage": "https://static.colruytgroup.com/images/500x500/std.lang.all/84/04/asset-3238404.jpg",
    "squareImage": "https://static.colruytgroup.com/images/500x500sq/std.lang.all/84/04/asset-3238404.jpg",
    "content": "1kg",
    "walkRouteSequenceNumber": 1970,
    "price": {
      "basicPrice": 3.98,
      "recommendedQuantity": "1.0",
      "measurementUnitPrice": 3.98,
      "measurementUnit": "K",
      "isRedPrice": false,
      "pricePerUOM": 3.98,
      "activationDate": "14-11-2023",
      "recordSource": "Offline",
      "isPromoActive": "N",
      "priceChangeCode": "E"
    },
    "isAvailable": true,
    "isPriceAvailable": true,
    "inPromo": false,
    "gtin": [
      "15400141763208",
      "05400141763201",
      "05400141057669",
      "05400141185775",
      "05400141191998",
      "05400141333251",
      "05400141370089",
      "15400141333258",
      "15400141370086"
    ],
    "topCategoryName": "Koeken/Chocolade/Snoep",
    "topCategoryId": "335",
    "businessDomain": "RETAIL_BE",
    "IsPrivateLabel": true,
    "IsBiffe": false,
    "WeightconversionFactor": "0",
    "IsWeightArticle": false,
    "nutriscoreLabel": "D",
    "IsBio": false,
    "CountryOfOrigin": "BELGIË",
    "IsExclusivelySoldInLuxembourg": false,
    "OrderUnit": "P",
    "ShortName": "BONI WINEGUM 1KG",
    "InSeason": true,
    "IsNew": false,
    "EcoscoreLabel": "B",
    "RecentQuanityOfStockUnits": "1",
    "LongName": "BONI snoep winegums 1kg",
    "AlcoholVolume": "0",
    "StartSeasonDate": "02/05/2023",
    "FicCode": "I",
    "EcoscoreValue": "72"
  },
  {
    "productId": "140059",
    "technicalArticleNumber": "3189666",
    "commercialArticleNumber": "2286",
    "name": "koeken chocolade",
    "description": "*Individueel verpakt",
    "brand": "BN MINI",
    "seoBrand": "BN",
    "thumbNail": "https://static.colruytgroup.com/images/200x200/std.lang.all/87/85/asset-2758785.jpg",
    "fullImage": "https://static.colruytgroup.com/images/500x500/std.lang.all/87/85/asset-2758785.jpg",
    "squareImage": "https://static.colruytgroup.com/images/500x500sq/std.lang.all/87/85/asset-2758785.jpg",
    "content": "5x35g",
    "walkRouteSequenceNumber": 2297,
    "price": {
      "basicPrice": 2.24,
      "recommendedQuantity": "2.0",
      "measurementUnitPrice": 12.8,
      "measurementUnit": "K",
      "isRedPrice": false,
      "pricePerUOM": 12.8,
      "activationDate": "22-03-2024",
      "recordSource": "Offline",
      "isPromoActive": "N",
      "priceChangeCode": "L"
    },
    "isAvailable": true,
    "isPriceAvailable": true,
    "inPromo": false,
    "gtin": [
      "03061990142139",
      "03061990141101",
      "03061990044549",
      "03061990042804"
    ],
    "topCategoryName": "Koeken/Chocolade/Snoep",
    "topCategoryId": "335",
    "businessDomain": "RETAIL_BE",
    "IsPrivateLabel": false,
    "IsBiffe": false,
    "WeightconversionFactor": "0",
    "IsWeightArticle": false,
    "nutriscoreLabel": "E",
    "IsBio": false,
    "CountryOfOrigin": "BELGIË",
    "IsExclusivelySoldInLuxembourg": false,
    "OrderUnit": "P",
    "ShortName": "BN MINI 175G CHOC.5 POC",
    "IsNew": false,
    "EcoscoreLabel": "D",
    "RecentQuanityOfStockUnits": "2,1",
    "LongName": "BN MINI koeken chocolade 5x35g",
    "AlcoholVolume": "0",
    "FicCode": "E",
    "EcoscoreValue": "36"
  },
  {
    "productId": "547442",
    "technicalArticleNumber": "4175584",
    "commercialArticleNumber": "10998",
    "name": "K Cards",
    "brand": "KINDER",
    "seoBrand": "Kinder",
    "thumbNail": "https://static.colruytgroup.com/images/200x200/std.lang.all/75/60/asset-3457560.jpg",
    "fullImage": "https://static.colruytgroup.com/images/500x500/std.lang.all/75/60/asset-3457560.jpg",
    "squareImage": "https://static.colruytgroup.com/images/500x500sq/std.lang.all/75/60/asset-3457560.jpg",
    "content": "128g",
    "walkRouteSequenceNumber": 2303,
    "price": {
      "basicPrice": 2.99,
      "recommendedQuantity": "1.0",
      "measurementUnitPrice": 23.36,
      "measurementUnit": "K",
      "isRedPrice": false,
      "pricePerUOM": 23.36,
      "activationDate": "28-02-2024",
      "recordSource": "Offline",
      "isPromoActive": "N",
      "priceChangeCode": "E"
    },
    "isAvailable": true,
    "isPriceAvailable": true,
    "inPromo": false,
    "gtin": [
      "08000500269183",
      "08000500269169"
    ],
    "topCategoryName": "Koeken/Chocolade/Snoep",
    "topCategoryId": "335",
    "businessDomain": "RETAIL_BE",
    "IsPrivateLabel": false,
    "IsBiffe": false,
    "WeightconversionFactor": "0",
    "IsWeightArticle": false,
    "nutriscoreLabel": "E",
    "IsBio": false,
    "CountryOfOrigin": "ITALIË",
    "IsExclusivelySoldInLuxembourg": false,
    "OrderUnit": "P",
    "ShortName": "KIND K CARDS 128G",
    "IsNew": false,
    "RecentQuanityOfStockUnits": "1",
    "LongName": "KINDER K Cards 128g",
    "FicCode": "E"
  },
  {
    "productId": "533639",
    "technicalArticleNumber": "4126720",
    "commercialArticleNumber": "9351",
    "name": "munt",
    "brand": "MENTOS",
    "seoBrand": "Mentos",
    "thumbNail": "https://static.colruytgroup.com/images/200x200/std.lang.all/33/85/asset-2203385.jpg",
    "fullImage": "https://static.colruytgroup.com/images/500x500/std.lang.all/33/85/asset-2203385.jpg",
    "squareImage": "https://static.colruytgroup.com/images/500x500sq/std.lang.all/33/85/asset-2203385.jpg",
    "content": "4x37,5g",
    "walkRouteSequenceNumber": 18401,
    "price": {
      "basicPrice": 1.34,
      "recommendedQuantity": "1.0",
      "measurementUnitPrice": 8.94,
      "measurementUnit": "K",
      "isRedPrice": false,
      "pricePerUOM": 8.94,
      "activationDate": "12-03-2024",
      "recordSource": "Offline",
      "isPromoActive": "N",
      "priceChangeCode": "H"
    },
    "isAvailable": true,
    "isPriceAvailable": true,
    "inPromo": false,
    "gtin": [
      "08723400785521",
      "08713600920648",
      "08723400785538",
      "08713600020645"
    ],
    "topCategoryName": "Koeken/Chocolade/Snoep",
    "topCategoryId": "335",
    "businessDomain": "RETAIL_BE",
    "IsPrivateLabel": false,
    "IsBiffe": false,
    "WeightconversionFactor": "0",
    "IsWeightArticle": false,
    "nutriscoreLabel": "E",
    "IsBio": false,
    "CountryOfOrigin": "NEDERLAND",
    "IsExclusivelySoldInLuxembourg": false,
    "OrderUnit": "P",
    "ShortName": "MENT MUNT 4X37.5G",
    "IsNew": false,
    "EcoscoreLabel": "C",
    "RecentQuanityOfStockUnits": "1",
    "LongName": "MENTOS munt 4x37,5g",
    "AlcoholVolume": "0",
    "FicCode": "E",
    "EcoscoreValue": "42"
  },
  {
    "productId": "102060",
    "technicalArticleNumber": "3068172",
    "commercialArticleNumber": "15041",
    "name": "Fizzy Snakes zuur",
    "description": "*Vegetarisch",
    "brand": "BONI",
    "seoBrand": "Boni Selection",
    "thumbNail": "https://static.colruytgroup.com/images/200x200/std.lang.all/34/03/asset-2093403.jpg",
    "fullImage": "https://static.colruytgroup.com/images/500x500/std.lang.all/34/03/asset-2093403.jpg",
    "squareImage": "https://static.colruytgroup.com/images/500x500sq/std.lang.all/34/03/asset-2093403.jpg",
    "content": "600g",
    "walkRouteSequenceNumber": 1967,
    "price": {
      "basicPrice": 3.99,
      "recommendedQuantity": "1.0",
      "measurementUnitPrice": 6.65,
      "measurementUnit": "K",
      "isRedPrice": false,
      "pricePerUOM": 6.65,
      "activationDate": "13-03-2024",
      "isPromoActive": "N",
      "priceChangeCode": "H"
    },
    "isAvailable": true,
    "isPriceAvailable": true,
    "inPromo": false,
    "gtin": [
      "05400141353167",
      "05400141370072",
      "15400141370079",
      "05400141185782",
      "05400141083453",
      "15400141185789"
    ],
    "topCategoryName": "Koeken/Chocolade/Snoep",
    "topCategoryId": "335",
    "businessDomain": "RETAIL_BE",
    "IsPrivateLabel": true,
    "IsBiffe": false,
    "WeightconversionFactor": "0",
    "IsWeightArticle": false,
    "nutriscoreLabel": "E",
    "IsBio": false,
    "CountryOfOrigin": "BELGIË",
    "IsExclusivelySoldInLuxembourg": false,
    "OrderUnit": "P",
    "ShortName": "BONI FIZZY SNAK.ZUUR600",
    "IsNew": false,
    "EcoscoreLabel": "C",
    "RecentQuanityOfStockUnits": "1",
    "LongName": "BONI Fizzy Snakes zuur 600g",
    "AlcoholVolume": "0",
    "FicCode": "I",
    "EcoscoreValue": "47"
  },
  {
    "productId": "386030",
    "technicalArticleNumber": "3839184",
    "commercialArticleNumber": "51277",
    "name": "wafels",
    "brand": "MAYA",
    "seoBrand": "Maya",
    "thumbNail": "https://static.colruytgroup.com/images/200x200/std.lang.all/52/20/asset-1525220.jpg",
    "fullImage": "https://static.colruytgroup.com/images/500x500/std.lang.all/52/20/asset-1525220.jpg",
    "squareImage": "https://static.colruytgroup.com/images/500x500sq/std.lang.all/52/20/asset-1525220.jpg",
    "content": "189g",
    "walkRouteSequenceNumber": 2291,
    "price": {
      "basicPrice": 1.85,
      "recommendedQuantity": "1.0",
      "measurementUnitPrice": 9.79,
      "measurementUnit": "K",
      "isRedPrice": false,
      "pricePerUOM": 9.79,
      "activationDate": "17-02-2024",
      "isPromoActive": "N",
      "priceChangeCode": "E"
    },
    "isAvailable": true,
    "isPriceAvailable": true,
    "inPromo": false,
    "gtin": [
      "15411423101991",
      "05411423101994"
    ],
    "topCategoryName": "Koeken/Chocolade/Snoep",
    "topCategoryId": "335",
    "businessDomain": "RETAIL_BE",
    "IsPrivateLabel": false,
    "IsBiffe": false,
    "WeightconversionFactor": "0",
    "IsWeightArticle": false,
    "IsBio": false,
    "CountryOfOrigin": "BELGIË",
    "IsExclusivelySoldInLuxembourg": false,
    "OrderUnit": "P",
    "ShortName": "MAYA WAFELS 189G",
    "IsNew": false,
    "EcoscoreLabel": "A",
    "RecentQuanityOfStockUnits": "1,14",
    "LongName": "MAYA wafels 189g",
    "AlcoholVolume": "0",
    "FicCode": "E",
    "EcoscoreValue": "87"
  },
  {
    "productId": "32865",
    "technicalArticleNumber": "1776883",
    "commercialArticleNumber": "21142",
    "name": "honingwafels gevuld",
    "description": "*Individueel verpakt",
    "brand": "MELI",
    "seoBrand": "Meli",
    "thumbNail": "https://static.colruytgroup.com/images/200x200/std.lang.all/93/57/asset-3009357.jpg",
    "fullImage": "https://static.colruytgroup.com/images/500x500/std.lang.all/93/57/asset-3009357.jpg",
    "squareImage": "https://static.colruytgroup.com/images/500x500sq/std.lang.all/93/57/asset-3009357.jpg",
    "content": "8x30g",
    "walkRouteSequenceNumber": 1845,
    "price": {
      "basicPrice": 3.19,
      "recommendedQuantity": "2.0",
      "measurementUnitPrice": 13.3,
      "measurementUnit": "K",
      "isRedPrice": false,
      "pricePerUOM": 13.3,
      "activationDate": "21-03-2024",
      "recordSource": "Folder",
      "isPromoActive": "Y",
      "priceChangeCode": "L"
    },
    "isAvailable": true,
    "isPriceAvailable": true,
    "inPromo": true,
    "promotion": [
      {
        "techPromoId": "100900COLR",
        "promotionId": "100900",
        "promotionType": "3",
        "isPersonalized": "N",
        "publicationStartDate": "13-03-2024",
        "publicationEndDate": "26-03-2024"
      }
    ],
    "gtin": [
      "15410038507013",
      "05410038507047",
      "05410038506309"
    ],
    "topCategoryName": "Koeken/Chocolade/Snoep",
    "topCategoryId": "335",
    "businessDomain": "RETAIL_BE",
    "IsPrivateLabel": false,
    "IsBiffe": false,
    "WeightconversionFactor": "0",
    "IsWeightArticle": false,
    "nutriscoreLabel": "E",
    "IsBio": false,
    "CountryOfOrigin": "BELGIË",
    "IsExclusivelySoldInLuxembourg": false,
    "OrderUnit": "P",
    "ShortName": "MELI HONING WAF 8X1 240",
    "IsNew": false,
    "EcoscoreLabel": "C",
    "RecentQuanityOfStockUnits": "2,1",
    "LongName": "MELI honingwafels gevuld 8x30g",
    "AlcoholVolume": "0",
    "FicCode": "E",
    "EcoscoreValue": "56"
  },
  {
    "productId": "100655",
    "technicalArticleNumber": "2854663",
    "commercialArticleNumber": "34402",
    "name": "koeken Choco Suprême",
    "description": "*Individueel verpakt",
    "brand": "MILKA",
    "seoBrand": "Milka",
    "thumbNail": "https://static.colruytgroup.com/images/200x200/std.lang.all/24/58/asset-1052458.jpg",
    "fullImage": "https://static.colruytgroup.com/images/500x500/std.lang.all/24/58/asset-1052458.jpg",
    "squareImage": "https://static.colruytgroup.com/images/500x500sq/std.lang.all/24/58/asset-1052458.jpg",
    "content": "6x30g",
    "walkRouteSequenceNumber": 1493,
    "price": {
      "basicPrice": 2.79,
      "recommendedQuantity": "1.0",
      "quantityPrice": 2.09,
      "quantityPriceQuantity": "2.0",
      "measurementUnitPrice": 15.5,
      "measurementUnitQuantityPrice": 11.62,
      "measurementUnit": "K",
      "isRedPrice": false,
      "pricePerUOM": 15.5,
      "activationDate": "23-03-2024",
      "recordSource": "Offline",
      "isPromoActive": "N",
      "priceChangeCode": "E",
      "quantityPricePerUOM": 11.62,
      "quantityActivationDate": "23-03-2024",
      "quantityPriceChangeCode": "E"
    },
    "isAvailable": true,
    "isPriceAvailable": true,
    "inPromo": false,
    "gtin": [
      "07622300784874",
      "07622300292508"
    ],
    "topCategoryName": "Koeken/Chocolade/Snoep",
    "topCategoryId": "335",
    "businessDomain": "RETAIL_BE",
    "IsPrivateLabel": false,
    "IsBiffe": false,
    "WeightconversionFactor": "0",
    "IsWeightArticle": false,
    "nutriscoreLabel": "E",
    "IsBio": false,
    "CountryOfOrigin": "TSJECHIË (REPUBLIEK)",
    "IsExclusivelySoldInLuxembourg": false,
    "OrderUnit": "P",
    "ShortName": "MILKA CHOCO SUPREME180G",
    "InSeason": true,
    "IsNew": false,
    "RecentQuanityOfStockUnits": "1,18",
    "LongName": "MILKA koeken Choco Suprême 6x30g",
    "AlcoholVolume": "0",
    "StartSeasonDate": "01/03/2019",
    "FicCode": "E"
  },
  {
    "productId": "121669",
    "technicalArticleNumber": "3055226",
    "commercialArticleNumber": "24897",
    "name": "eitjes praliné mix",
    "brand": "MILKA",
    "seoBrand": "Milka",
    "thumbNail": "https://static.colruytgroup.com/images/200x200/std.lang.all/65/16/asset-2366516.jpg",
    "fullImage": "https://static.colruytgroup.com/images/500x500/std.lang.all/65/16/asset-2366516.jpg",
    "squareImage": "https://static.colruytgroup.com/images/500x500sq/std.lang.all/65/16/asset-2366516.jpg",
    "content": "1kg",
    "walkRouteSequenceNumber": 1591,
    "price": {
      "basicPrice": 12.32,
      "recommendedQuantity": "1.0",
      "measurementUnitPrice": 12.32,
      "measurementUnit": "K",
      "isRedPrice": false,
      "pricePerUOM": 12.32,
      "activationDate": "19-03-2024",
      "recordSource": "Folder",
      "isPromoActive": "N",
      "priceChangeCode": "L"
    },
    "isAvailable": true,
    "isPriceAvailable": true,
    "inPromo": true,
    "promotion": [
      {
        "techPromoId": "100832COLR",
        "promotionId": "100832",
        "promotionType": "4",
        "isPersonalized": "N",
        "publicationStartDate": "13-03-2024",
        "publicationEndDate": "26-03-2024"
      }
    ],
    "gtin": [
      "07622210463876",
      "07622210463869"
    ],
    "topCategoryName": "Koeken/Chocolade/Snoep",
    "topCategoryId": "335",
    "businessDomain": "RETAIL_BE",
    "IsPrivateLabel": false,
    "IsBiffe": false,
    "WeightconversionFactor": "0",
    "IsWeightArticle": false,
    "nutriscoreLabel": "E",
    "IsBio": false,
    "CountryOfOrigin": "BELGIË",
    "IsExclusivelySoldInLuxembourg": false,
    "OrderUnit": "P",
    "ShortName": "MILKA EI PRALINE MIX 1K",
    "InSeason": true,
    "IsNew": false,
    "RecentQuanityOfStockUnits": "1,10",
    "LongName": "MILKA eitjes praliné mix 1kg",
    "AlcoholVolume": "0",
    "StartSeasonDate": "25/10/2023",
    "FicCode": "E"
  },
  {
    "productId": "8099",
    "technicalArticleNumber": "1176401",
    "commercialArticleNumber": "21658",
    "name": "Start Naturel",
    "description": "*Individueel verpakt",
    "brand": "LU PRINCE",
    "seoBrand": "LU Prince",
    "thumbNail": "https://static.colruytgroup.com/images/200x200/std.lang.all/17/49/asset-1691749.jpg",
    "fullImage": "https://static.colruytgroup.com/images/500x500/std.lang.all/17/49/asset-1691749.jpg",
    "squareImage": "https://static.colruytgroup.com/images/500x500sq/std.lang.all/17/49/asset-1691749.jpg",
    "content": "6x50g",
    "walkRouteSequenceNumber": 2323,
    "price": {
      "basicPrice": 2.79,
      "recommendedQuantity": "1.0",
      "measurementUnitPrice": 9.3,
      "measurementUnit": "K",
      "isRedPrice": false,
      "pricePerUOM": 9.3,
      "activationDate": "13-03-2024",
      "recordSource": "Offline",
      "isPromoActive": "N",
      "priceChangeCode": "H"
    },
    "isAvailable": true,
    "isPriceAvailable": true,
    "inPromo": false,
    "gtin": [
      "05410041169607",
      "05400141216585",
      "13017760734612"
    ],
    "topCategoryName": "Koeken/Chocolade/Snoep",
    "topCategoryId": "335",
    "businessDomain": "RETAIL_BE",
    "IsPrivateLabel": false,
    "IsBiffe": false,
    "WeightconversionFactor": "0",
    "IsWeightArticle": false,
    "nutriscoreLabel": "E",
    "IsBio": false,
    "CountryOfOrigin": "PORTUGAL",
    "IsExclusivelySoldInLuxembourg": false,
    "OrderUnit": "P",
    "ShortName": "LU PRINCE START 300 GR",
    "InSeason": true,
    "IsNew": false,
    "RecentQuanityOfStockUnits": "1",
    "LongName": "LU PRINCE Start Naturel 6x50g",
    "AlcoholVolume": "0",
    "StartSeasonDate": "12/12/2019",
    "FicCode": "E"
  },
  {
    "productId": "68453",
    "technicalArticleNumber": "2742440",
    "commercialArticleNumber": "40911",
    "name": "Zakje eieren melk",
    "brand": "LIBEERT",
    "seoBrand": "Libeert",
    "thumbNail": "https://static.colruytgroup.com/images/200x200/std.lang.all/21/25/asset-3142125.jpg",
    "fullImage": "https://static.colruytgroup.com/images/500x500/std.lang.all/21/25/asset-3142125.jpg",
    "squareImage": "https://static.colruytgroup.com/images/500x500sq/std.lang.all/21/25/asset-3142125.jpg",
    "content": "120g",
    "walkRouteSequenceNumber": 1479,
    "price": {
      "basicPrice": 3.59,
      "recommendedQuantity": "1.0",
      "measurementUnitPrice": 29.92,
      "measurementUnit": "K",
      "isRedPrice": false,
      "pricePerUOM": 29.92,
      "activationDate": "20-03-2024",
      "recordSource": "Offline",
      "isPromoActive": "N",
      "priceChangeCode": "H"
    },
    "isAvailable": true,
    "isPriceAvailable": true,
    "inPromo": false,
    "gtin": [
      "05411901927900",
      "05411901913880",
      "05411901060089"
    ],
    "topCategoryName": "Koeken/Chocolade/Snoep",
    "topCategoryId": "335",
    "businessDomain": "RETAIL_BE",
    "IsPrivateLabel": false,
    "IsBiffe": false,
    "WeightconversionFactor": "0",
    "IsWeightArticle": false,
    "nutriscoreLabel": "E",
    "IsBio": false,
    "CountryOfOrigin": "BELGIË",
    "IsExclusivelySoldInLuxembourg": false,
    "OrderUnit": "P",
    "ShortName": "LIB PASEN EI MELK 120G",
    "InSeason": true,
    "IsNew": false,
    "EcoscoreLabel": "C",
    "RecentQuanityOfStockUnits": "1,20",
    "LongName": "LIBEERT Zakje eieren melk 120g",
    "StartSeasonDate": "25/10/2023",
    "FicCode": "E",
    "EcoscoreValue": "43"
  },
  {
    "productId": "463459",
    "technicalArticleNumber": "3957450",
    "commercialArticleNumber": "2268",
    "name": "bar melk banaan",
    "brand": "CÔTE D'OR",
    "seoBrand": "Côte d'Or",
    "thumbNail": "https://static.colruytgroup.com/images/200x200/std.lang.all/38/69/asset-1613869.jpg",
    "fullImage": "https://static.colruytgroup.com/images/500x500/std.lang.all/38/69/asset-1613869.jpg",
    "squareImage": "https://static.colruytgroup.com/images/500x500sq/std.lang.all/38/69/asset-1613869.jpg",
    "content": "4x47,5g",
    "walkRouteSequenceNumber": 1434,
    "price": {
      "basicPrice": 2.59,
      "recommendedQuantity": "2.0",
      "measurementUnitPrice": 13.64,
      "measurementUnit": "K",
      "isRedPrice": false,
      "pricePerUOM": 13.64,
      "activationDate": "13-03-2024",
      "recordSource": "Offline",
      "isPromoActive": "N",
      "priceChangeCode": "H"
    },
    "isAvailable": true,
    "isPriceAvailable": true,
    "inPromo": true,
    "promotion": [
      {
        "techPromoId": "100830COLR",
        "promotionId": "100830",
        "promotionType": "3",
        "isPersonalized": "N",
        "publicationStartDate": "13-03-2024",
        "publicationEndDate": "26-03-2024"
      }
    ],
    "gtin": [
      "45400141999240",
      "07622210926524",
      "07622210926760"
    ],
    "topCategoryName": "Koeken/Chocolade/Snoep",
    "topCategoryId": "335",
    "businessDomain": "RETAIL_BE",
    "IsPrivateLabel": false,
    "IsBiffe": false,
    "WeightconversionFactor": "0",
    "IsWeightArticle": false,
    "IsBio": false,
    "CountryOfOrigin": "BELGIË",
    "IsExclusivelySoldInLuxembourg": false,
    "OrderUnit": "P",
    "ShortName": "CDO MLK BANAAN 4X47.5G",
    "IsNew": false,
    "RecentQuanityOfStockUnits": "2,1,24",
    "LongName": "CÔTE D'OR bar melk banaan 4x47,5g",
    "FicCode": "E"
  },
  {
    "productId": "1528",
    "technicalArticleNumber": "21536",
    "commercialArticleNumber": "21536",
    "name": "speculoos",
    "brand": "LU BASTOGNE!",
    "seoBrand": "LU Bastogne",
    "thumbNail": "https://static.colruytgroup.com/images/200x200/std.lang.all/63/19/asset-3216319.jpg",
    "fullImage": "https://static.colruytgroup.com/images/500x500/std.lang.all/63/19/asset-3216319.jpg",
    "squareImage": "https://static.colruytgroup.com/images/500x500sq/std.lang.all/63/19/asset-3216319.jpg",
    "content": "260g",
    "walkRouteSequenceNumber": 2131,
    "price": {
      "basicPrice": 2.19,
      "recommendedQuantity": "2.0",
      "measurementUnitPrice": 8.43,
      "measurementUnit": "K",
      "isRedPrice": false,
      "pricePerUOM": 8.43,
      "activationDate": "19-01-2024",
      "recordSource": "Offline",
      "isPromoActive": "N",
      "priceChangeCode": "L"
    },
    "isAvailable": true,
    "isPriceAvailable": true,
    "inPromo": true,
    "promotion": [
      {
        "techPromoId": "100898COLR",
        "promotionId": "100898",
        "promotionType": "3",
        "isPersonalized": "N",
        "publicationStartDate": "13-03-2024",
        "publicationEndDate": "26-03-2024"
      }
    ],
    "gtin": [
      "00694990083626",
      "03056440070827",
      "03056440070896",
      "05400141148053",
      "05400141215625",
      "00000025515367",
      "07622210993656",
      "07622210993687"
    ],
    "topCategoryName": "Brood/Ontbijt",
    "topCategoryId": "124",
    "businessDomain": "RETAIL_BE",
    "IsPrivateLabel": false,
    "IsBiffe": false,
    "WeightconversionFactor": "0",
    "IsWeightArticle": false,
    "nutriscoreLabel": "E",
    "IsBio": false,
    "CountryOfOrigin": "BELGIË",
    "IsExclusivelySoldInLuxembourg": false,
    "OrderUnit": "P",
    "ShortName": "LU BASTOGNE SPEC 260 GR",
    "IsNew": false,
    "RecentQuanityOfStockUnits": "21,2,1",
    "LongName": "LU BASTOGNE! speculoos 260g",
    "AlcoholVolume": "0",
    "FicCode": "E"
  },
  {
    "productId": "209364",
    "technicalArticleNumber": "3497029",
    "commercialArticleNumber": "10416",
    "brand": "NESTLÉ KITKAT",
    "seoBrand": "Nestlé Kitkat",
    "thumbNail": "https://static.colruytgroup.com/images/200x200/std.lang.all/48/98/asset-2314898.jpg",
    "fullImage": "https://static.colruytgroup.com/images/500x500/std.lang.all/48/98/asset-2314898.jpg",
    "squareImage": "https://static.colruytgroup.com/images/500x500sq/std.lang.all/48/98/asset-2314898.jpg",
    "content": "10x41,5g",
    "walkRouteSequenceNumber": 1306,
    "price": {
      "basicPrice": 5.65,
      "recommendedQuantity": "1.0",
      "measurementUnitPrice": 13.62,
      "measurementUnit": "K",
      "isRedPrice": false,
      "pricePerUOM": 13.62,
      "activationDate": "22-03-2024",
      "recordSource": "Offline",
      "isPromoActive": "N",
      "priceChangeCode": "H"
    },
    "isAvailable": true,
    "isPriceAvailable": true,
    "inPromo": false,
    "gtin": [
      "07613035366749",
      "07613035366756"
    ],
    "topCategoryName": "Koeken/Chocolade/Snoep",
    "topCategoryId": "335",
    "businessDomain": "RETAIL_BE",
    "IsPrivateLabel": false,
    "IsBiffe": false,
    "WeightconversionFactor": "0",
    "IsWeightArticle": false,
    "nutriscoreLabel": "E",
    "IsBio": false,
    "CountryOfOrigin": "DUITSLAND",
    "IsExclusivelySoldInLuxembourg": false,
    "OrderUnit": "P",
    "ShortName": "NESTLE KIT KAT 10X41.5G",
    "IsNew": false,
    "RecentQuanityOfStockUnits": "1,24",
    "LongName": "NESTLÉ KITKAT 10x41,5g",
    "AlcoholVolume": "0",
    "FicCode": "E"
  },
  {
    "productId": "86926",
    "technicalArticleNumber": "3022296",
    "commercialArticleNumber": "38723",
    "name": "honingkoek parelsuiker",
    "brand": "BONI",
    "seoBrand": "Boni Selection",
    "thumbNail": "https://static.colruytgroup.com/images/200x200/std.lang.all/24/91/asset-1372491.jpg",
    "fullImage": "https://static.colruytgroup.com/images/500x500/std.lang.all/24/91/asset-1372491.jpg",
    "squareImage": "https://static.colruytgroup.com/images/500x500sq/std.lang.all/24/91/asset-1372491.jpg",
    "content": "500g",
    "walkRouteSequenceNumber": 17544,
    "price": {
      "basicPrice": 1.75,
      "recommendedQuantity": "1.0",
      "measurementUnitPrice": 3.5,
      "measurementUnit": "K",
      "isRedPrice": false,
      "pricePerUOM": 3.5,
      "activationDate": "03-02-2024",
      "recordSource": "Offline",
      "isPromoActive": "N",
      "priceChangeCode": "H"
    },
    "isAvailable": true,
    "isPriceAvailable": true,
    "inPromo": false,
    "gtin": [
      "15400141331810",
      "05400141331813",
      "15400141938361",
      "05400141251975",
      "05400141043853"
    ],
    "topCategoryName": "Brood/Ontbijt",
    "topCategoryId": "124",
    "businessDomain": "RETAIL_BE",
    "IsPrivateLabel": true,
    "IsBiffe": false,
    "WeightconversionFactor": "0",
    "IsWeightArticle": false,
    "nutriscoreLabel": "D",
    "IsBio": false,
    "CountryOfOrigin": "BELGIË",
    "IsExclusivelySoldInLuxembourg": false,
    "OrderUnit": "P",
    "ShortName": "BONI HONING PAREL 500G",
    "IsNew": false,
    "EcoscoreLabel": "B",
    "RecentQuanityOfStockUnits": "1,12",
    "LongName": "BONI honingkoek parelsuiker 500g",
    "AlcoholVolume": "0",
    "FicCode": "I",
    "EcoscoreValue": "75"
  },
  {
    "productId": "868361",
    "technicalArticleNumber": "4721387",
    "commercialArticleNumber": "15399",
    "name": "Smooth Caramel",
    "brand": "CHOCO FUN",
    "seoBrand": "Choco Fun",
    "thumbNail": "https://static.colruytgroup.com/images/200x200/std.lang.all/62/66/asset-3346266.jpg",
    "fullImage": "https://static.colruytgroup.com/images/500x500/std.lang.all/62/66/asset-3346266.jpg",
    "squareImage": "https://static.colruytgroup.com/images/500x500sq/std.lang.all/62/66/asset-3346266.jpg",
    "content": "216g",
    "walkRouteSequenceNumber": 1101,
    "price": {
      "basicPrice": 1.39,
      "recommendedQuantity": "1.0",
      "measurementUnitPrice": 6.44,
      "measurementUnit": "K",
      "isRedPrice": false,
      "pricePerUOM": 6.44,
      "activationDate": "24-02-2024",
      "recordSource": "Offline",
      "isPromoActive": "N",
      "priceChangeCode": "L"
    },
    "isAvailable": true,
    "isPriceAvailable": true,
    "inPromo": false,
    "gtin": [
      "04000415440800",
      "04000415440909"
    ],
    "topCategoryName": "Koeken/Chocolade/Snoep",
    "topCategoryId": "335",
    "businessDomain": "RETAIL_BE",
    "IsPrivateLabel": false,
    "IsBiffe": false,
    "WeightconversionFactor": "0",
    "IsWeightArticle": false,
    "nutriscoreLabel": "E",
    "IsBio": false,
    "CountryOfOrigin": "BELGIË",
    "IsExclusivelySoldInLuxembourg": false,
    "OrderUnit": "P",
    "ShortName": "CHFU SMOOTH CARAMEL 216",
    "IsNew": false,
    "EcoscoreLabel": "C",
    "RecentQuanityOfStockUnits": "1",
    "LongName": "CHOCO FUN Smooth Caramel 216g",
    "AlcoholVolume": "0",
    "FicCode": "E",
    "EcoscoreValue": "42"
  },
  {
    "productId": "868367",
    "technicalArticleNumber": "4721399",
    "commercialArticleNumber": "15536",
    "name": "Coolchoc Coconut",
    "brand": "CHOCO FUN",
    "seoBrand": "Choco Fun",
    "thumbNail": "https://static.colruytgroup.com/images/200x200/std.lang.all/62/67/asset-3346267.jpg",
    "fullImage": "https://static.colruytgroup.com/images/500x500/std.lang.all/62/67/asset-3346267.jpg",
    "squareImage": "https://static.colruytgroup.com/images/500x500sq/std.lang.all/62/67/asset-3346267.jpg",
    "content": "175g",
    "walkRouteSequenceNumber": 1099,
    "price": {
      "basicPrice": 1.49,
      "recommendedQuantity": "1.0",
      "measurementUnitPrice": 8.52,
      "measurementUnit": "K",
      "isRedPrice": false,
      "pricePerUOM": 8.52,
      "activationDate": "01-09-2023",
      "isPromoActive": "N",
      "priceChangeCode": "H"
    },
    "isAvailable": true,
    "isPriceAvailable": true,
    "inPromo": false,
    "gtin": [
      "04000415360900",
      "04000415358501"
    ],
    "topCategoryName": "Koeken/Chocolade/Snoep",
    "topCategoryId": "335",
    "businessDomain": "RETAIL_BE",
    "IsPrivateLabel": false,
    "IsBiffe": false,
    "WeightconversionFactor": "0",
    "IsWeightArticle": false,
    "nutriscoreLabel": "E",
    "IsBio": false,
    "CountryOfOrigin": "BELGIË",
    "IsExclusivelySoldInLuxembourg": false,
    "OrderUnit": "P",
    "ShortName": "CHFU COOLCHOC COCONU175",
    "IsNew": false,
    "EcoscoreLabel": "E",
    "RecentQuanityOfStockUnits": "1,28",
    "LongName": "CHOCO FUN Coolchoc Coconut 175g",
    "AlcoholVolume": "0",
    "FicCode": "E",
    "EcoscoreValue": "18"
  },
  {
    "productId": "595630",
    "technicalArticleNumber": "4257263",
    "commercialArticleNumber": "22495",
    "name": "speculoos gev. specul.crème",
    "brand": "LOTUS",
    "seoBrand": "Lotus",
    "thumbNail": "https://static.colruytgroup.com/images/200x200/std.lang.all/53/93/asset-3365393.jpg",
    "fullImage": "https://static.colruytgroup.com/images/500x500/std.lang.all/53/93/asset-3365393.jpg",
    "squareImage": "https://static.colruytgroup.com/images/500x500sq/std.lang.all/53/93/asset-3365393.jpg",
    "content": "15x10g",
    "walkRouteSequenceNumber": 1516,
    "price": {
      "basicPrice": 1.69,
      "recommendedQuantity": "1.0",
      "measurementUnitPrice": 11.27,
      "measurementUnit": "K",
      "isRedPrice": false,
      "pricePerUOM": 11.27,
      "activationDate": "15-03-2024",
      "recordSource": "Offline",
      "isPromoActive": "N",
      "priceChangeCode": "E"
    },
    "isAvailable": true,
    "isPriceAvailable": true,
    "inPromo": true,
    "promotion": [
      {
        "techPromoId": "001928COLR",
        "promotionId": "001928",
        "promotionType": "4",
        "isPersonalized": "N",
        "publicationStartDate": "13-03-2024",
        "publicationEndDate": "26-03-2024"
      }
    ],
    "gtin": [
      "05410126006360",
      "15410126006367"
    ],
    "topCategoryName": "Brood/Ontbijt",
    "topCategoryId": "124",
    "businessDomain": "RETAIL_BE",
    "IsPrivateLabel": false,
    "IsBiffe": false,
    "WeightconversionFactor": "0",
    "IsWeightArticle": false,
    "nutriscoreLabel": "E",
    "IsBio": false,
    "CountryOfOrigin": "BELGIË",
    "IsExclusivelySoldInLuxembourg": false,
    "OrderUnit": "P",
    "ShortName": "LOTU SPECUL.GEV.S.CR150",
    "IsNew": false,
    "RecentQuanityOfStockUnits": "1,9",
    "LongName": "LOTUS speculoos gev. specul.crème 15x10g",
    "FicCode": "E"
  },
  {
    "productId": "1569",
    "technicalArticleNumber": "20613",
    "commercialArticleNumber": "20613",
    "name": "pastille citroen munt sv",
    "brand": "RICOLA",
    "seoBrand": "Ricola",
    "thumbNail": "https://static.colruytgroup.com/images/200x200/std.lang.all/84/81/asset-3028481.jpg",
    "fullImage": "https://static.colruytgroup.com/images/500x500/std.lang.all/84/81/asset-3028481.jpg",
    "squareImage": "https://static.colruytgroup.com/images/500x500sq/std.lang.all/84/81/asset-3028481.jpg",
    "content": "50g",
    "walkRouteSequenceNumber": 18325,
    "price": {
      "basicPrice": 1.49,
      "recommendedQuantity": "2.0",
      "measurementUnitPrice": 29.8,
      "measurementUnit": "K",
      "isRedPrice": false,
      "pricePerUOM": 29.8,
      "activationDate": "01-12-2023",
      "recordSource": "Offline",
      "isPromoActive": "N",
      "priceChangeCode": "H"
    },
    "isAvailable": true,
    "isPriceAvailable": true,
    "inPromo": false,
    "gtin": [
      "07610700947425",
      "07610700947432",
      "07610700607046",
      "07610700947388"
    ],
    "topCategoryName": "Koeken/Chocolade/Snoep",
    "topCategoryId": "335",
    "businessDomain": "RETAIL_BE",
    "IsPrivateLabel": false,
    "IsBiffe": false,
    "WeightconversionFactor": "0",
    "IsWeightArticle": false,
    "nutriscoreLabel": "B",
    "IsBio": false,
    "CountryOfOrigin": "ZWITSERLAND",
    "IsExclusivelySoldInLuxembourg": false,
    "OrderUnit": "P",
    "ShortName": "RICOLA LEM.MUNT Z.SU.50",
    "IsNew": false,
    "EcoscoreLabel": "B",
    "RecentQuanityOfStockUnits": "1,2,20",
    "LongName": "RICOLA pastille citroen munt sv 50g",
    "AlcoholVolume": "0",
    "FicCode": "E",
    "EcoscoreValue": "66"
  },
  {
    "productId": "200675",
    "technicalArticleNumber": "3425095",
    "commercialArticleNumber": "13049",
    "name": "melkchocolade",
    "brand": "DÉLICHOC",
    "seoBrand": "Delacre Délichoc",
    "thumbNail": "https://static.colruytgroup.com/images/200x200/std.lang.all/17/78/asset-761778.jpg",
    "fullImage": "https://static.colruytgroup.com/images/500x500/std.lang.all/17/78/asset-761778.jpg",
    "squareImage": "https://static.colruytgroup.com/images/500x500sq/std.lang.all/17/78/asset-761778.jpg",
    "content": "150g",
    "walkRouteSequenceNumber": 2146,
    "price": {
      "basicPrice": 1.99,
      "recommendedQuantity": "2.0",
      "measurementUnitPrice": 13.27,
      "measurementUnit": "K",
      "isRedPrice": false,
      "pricePerUOM": 13.27,
      "activationDate": "13-03-2024",
      "recordSource": "Offline",
      "isPromoActive": "N",
      "priceChangeCode": "E"
    },
    "isAvailable": true,
    "isPriceAvailable": true,
    "inPromo": false,
    "gtin": [
      "03116430519405",
      "03116430517210",
      "03116430210425",
      "03116430208934"
    ],
    "topCategoryName": "Koeken/Chocolade/Snoep",
    "topCategoryId": "335",
    "businessDomain": "RETAIL_BE",
    "IsPrivateLabel": false,
    "IsBiffe": false,
    "WeightconversionFactor": "0",
    "IsWeightArticle": false,
    "nutriscoreLabel": "E",
    "IsBio": false,
    "CountryOfOrigin": "BELGIË",
    "IsExclusivelySoldInLuxembourg": false,
    "OrderUnit": "P",
    "ShortName": "DEL DELICHOC MELK 150G",
    "IsNew": false,
    "RecentQuanityOfStockUnits": "1,2",
    "LongName": "DÉLICHOC melkchocolade 150g",
    "AlcoholVolume": "0",
    "FicCode": "E"
  },
  {
    "productId": "130298",
    "technicalArticleNumber": "3243372",
    "commercialArticleNumber": "37469",
    "name": "snoep hosties zuur",
    "brand": "BONI",
    "seoBrand": "Boni Selection",
    "thumbNail": "https://static.colruytgroup.com/images/200x200/std.lang.all/87/21/asset-3038721.jpg",
    "fullImage": "https://static.colruytgroup.com/images/500x500/std.lang.all/87/21/asset-3038721.jpg",
    "squareImage": "https://static.colruytgroup.com/images/500x500sq/std.lang.all/87/21/asset-3038721.jpg",
    "content": "125g",
    "walkRouteSequenceNumber": 1980,
    "price": {
      "basicPrice": 2.89,
      "recommendedQuantity": "1.0",
      "measurementUnitPrice": 23.12,
      "measurementUnit": "K",
      "isRedPrice": false,
      "pricePerUOM": 23.12,
      "activationDate": "17-02-2024",
      "recordSource": "Offline",
      "isPromoActive": "N",
      "priceChangeCode": "E"
    },
    "isAvailable": true,
    "isPriceAvailable": true,
    "inPromo": false,
    "gtin": [
      "15400141282082",
      "05400141224160",
      "05400141282085",
      "05400141370058",
      "15400141370055"
    ],
    "topCategoryName": "Koeken/Chocolade/Snoep",
    "topCategoryId": "335",
    "businessDomain": "RETAIL_BE",
    "IsPrivateLabel": true,
    "IsBiffe": false,
    "WeightconversionFactor": "0",
    "IsWeightArticle": false,
    "nutriscoreLabel": "E",
    "IsBio": false,
    "CountryOfOrigin": "BELGIË",
    "IsExclusivelySoldInLuxembourg": false,
    "OrderUnit": "P",
    "ShortName": "BONI HOSTIES ZUUR 125G",
    "IsNew": false,
    "EcoscoreLabel": "C",
    "RecentQuanityOfStockUnits": "1,12",
    "LongName": "BONI snoep hosties zuur 125g",
    "AlcoholVolume": "0",
    "FicCode": "I",
    "EcoscoreValue": "57"
  },
  {
    "productId": "89300",
    "technicalArticleNumber": "2989495",
    "commercialArticleNumber": "3079",
    "name": "gebak Safari",
    "description": "*Individueel verpakt",
    "brand": "BONI",
    "seoBrand": "Boni Selection",
    "thumbNail": "https://static.colruytgroup.com/images/200x200/std.lang.all/28/38/asset-3452838.jpg",
    "fullImage": "https://static.colruytgroup.com/images/500x500/std.lang.all/28/38/asset-3452838.jpg",
    "squareImage": "https://static.colruytgroup.com/images/500x500sq/std.lang.all/28/38/asset-3452838.jpg",
    "content": "6x32g",
    "walkRouteSequenceNumber": 2103,
    "price": {
      "basicPrice": 1.88,
      "recommendedQuantity": "1.0",
      "measurementUnitPrice": 9.8,
      "measurementUnit": "K",
      "isRedPrice": false,
      "pricePerUOM": 9.8,
      "activationDate": "14-03-2024",
      "recordSource": "Offline",
      "isPromoActive": "N",
      "priceChangeCode": "L"
    },
    "isAvailable": true,
    "isPriceAvailable": true,
    "inPromo": false,
    "gtin": [
      "05400141052312",
      "05400141307634",
      "15400141052319",
      "15400141307631"
    ],
    "topCategoryName": "Koeken/Chocolade/Snoep",
    "topCategoryId": "335",
    "businessDomain": "RETAIL_BE",
    "IsPrivateLabel": true,
    "IsBiffe": false,
    "WeightconversionFactor": "0",
    "IsWeightArticle": false,
    "nutriscoreLabel": "E",
    "IsBio": false,
    "CountryOfOrigin": "BELGIË",
    "IsExclusivelySoldInLuxembourg": false,
    "OrderUnit": "P",
    "ShortName": "BONI SAFARI 6ST 192G",
    "IsNew": false,
    "EcoscoreLabel": "B",
    "RecentQuanityOfStockUnits": "1,16",
    "LongName": "BONI gebak Safari 6x32g",
    "AlcoholVolume": "0",
    "FicCode": "I",
    "EcoscoreValue": "60"
  },
  {
    "productId": "14974",
    "technicalArticleNumber": "1465064",
    "commercialArticleNumber": "20715",
    "name": "snoep colaflesjes",
    "brand": "HARIBO",
    "seoBrand": "Haribo",
    "thumbNail": "https://static.colruytgroup.com/images/200x200/std.lang.all/17/99/asset-1721799.jpg",
    "fullImage": "https://static.colruytgroup.com/images/500x500/std.lang.all/17/99/asset-1721799.jpg",
    "squareImage": "https://static.colruytgroup.com/images/500x500sq/std.lang.all/17/99/asset-1721799.jpg",
    "content": "500g",
    "walkRouteSequenceNumber": 1827,
    "price": {
      "basicPrice": 2.32,
      "recommendedQuantity": "1.0",
      "measurementUnitPrice": 4.64,
      "measurementUnit": "K",
      "isRedPrice": false,
      "pricePerUOM": 4.64,
      "activationDate": "14-03-2024",
      "recordSource": "Folder",
      "isPromoActive": "N",
      "priceChangeCode": "L"
    },
    "isAvailable": true,
    "isPriceAvailable": true,
    "inPromo": false,
    "gtin": [
      "04001686323953",
      "04001686315682"
    ],
    "topCategoryName": "Koeken/Chocolade/Snoep",
    "topCategoryId": "335",
    "businessDomain": "RETAIL_BE",
    "IsPrivateLabel": false,
    "IsBiffe": false,
    "WeightconversionFactor": "0",
    "IsWeightArticle": false,
    "nutriscoreLabel": "D",
    "IsBio": false,
    "CountryOfOrigin": "DUITSLAND",
    "IsExclusivelySoldInLuxembourg": false,
    "OrderUnit": "P",
    "ShortName": "HARIBO HAPPY COLA 500GR",
    "IsNew": false,
    "EcoscoreLabel": "C",
    "RecentQuanityOfStockUnits": "1",
    "LongName": "HARIBO snoep colaflesjes 500g",
    "AlcoholVolume": "0",
    "FicCode": "E",
    "EcoscoreValue": "42"
  },
  {
    "productId": "219555",
    "technicalArticleNumber": "3482706",
    "commercialArticleNumber": "50490",
    "name": "vanille wafels 8st",
    "brand": "SUZY",
    "seoBrand": "Lotus Suzy",
    "thumbNail": "https://static.colruytgroup.com/images/200x200/std.lang.all/29/63/asset-1892963.jpg",
    "fullImage": "https://static.colruytgroup.com/images/500x500/std.lang.all/29/63/asset-1892963.jpg",
    "squareImage": "https://static.colruytgroup.com/images/500x500sq/std.lang.all/29/63/asset-1892963.jpg",
    "content": "8x28g",
    "walkRouteSequenceNumber": 1849,
    "price": {
      "basicPrice": 2.69,
      "recommendedQuantity": "1.0",
      "measurementUnitPrice": 12.01,
      "measurementUnit": "K",
      "isRedPrice": false,
      "pricePerUOM": 12.01,
      "activationDate": "31-01-2024",
      "recordSource": "Offline",
      "isPromoActive": "N",
      "priceChangeCode": "E"
    },
    "isAvailable": true,
    "isPriceAvailable": true,
    "inPromo": false,
    "gtin": [
      "15410126012283",
      "05410126012286"
    ],
    "topCategoryName": "Koeken/Chocolade/Snoep",
    "topCategoryId": "335",
    "businessDomain": "RETAIL_BE",
    "IsPrivateLabel": false,
    "IsBiffe": false,
    "WeightconversionFactor": "0",
    "IsWeightArticle": false,
    "nutriscoreLabel": "E",
    "IsBio": false,
    "CountryOfOrigin": "BELGIË",
    "IsExclusivelySoldInLuxembourg": false,
    "OrderUnit": "P",
    "ShortName": "SUZY VANILLEWAFEL 224G",
    "IsNew": false,
    "RecentQuanityOfStockUnits": "8,1",
    "LongName": "SUZY vanille wafels 8st 8x28g",
    "AlcoholVolume": "0",
    "FicCode": "E"
  },
  {
    "productId": "32934",
    "technicalArticleNumber": "1821391",
    "commercialArticleNumber": "21622",
    "name": "koeken Penny",
    "description": "*Individueel verpakt",
    "brand": "DE BEUKELAER",
    "seoBrand": "De Beukelaer",
    "thumbNail": "https://static.colruytgroup.com/images/200x200/std.lang.all/54/43/asset-365443.jpg",
    "fullImage": "https://static.colruytgroup.com/images/500x500/std.lang.all/54/43/asset-365443.jpg",
    "squareImage": "https://static.colruytgroup.com/images/500x500sq/std.lang.all/54/43/asset-365443.jpg",
    "content": "10x20g",
    "walkRouteSequenceNumber": 2048,
    "price": {
      "basicPrice": 3.99,
      "recommendedQuantity": "2.0",
      "measurementUnitPrice": 19.95,
      "measurementUnit": "K",
      "isRedPrice": false,
      "pricePerUOM": 19.95,
      "activationDate": "19-03-2024",
      "recordSource": "Offline",
      "isPromoActive": "N",
      "priceChangeCode": "H"
    },
    "isAvailable": true,
    "isPriceAvailable": true,
    "inPromo": true,
    "promotion": [
      {
        "techPromoId": "100898COLR",
        "promotionId": "100898",
        "promotionType": "3",
        "isPersonalized": "N",
        "publicationStartDate": "13-03-2024",
        "publicationEndDate": "26-03-2024"
      }
    ],
    "gtin": [
      "05400141464207",
      "15410041005001",
      "05410041005004"
    ],
    "topCategoryName": "Koeken/Chocolade/Snoep",
    "topCategoryId": "335",
    "businessDomain": "RETAIL_BE",
    "IsPrivateLabel": false,
    "IsBiffe": false,
    "WeightconversionFactor": "0",
    "IsWeightArticle": false,
    "nutriscoreLabel": "E",
    "IsBio": false,
    "CountryOfOrigin": "TSJECHIË (REPUBLIEK)",
    "IsExclusivelySoldInLuxembourg": false,
    "OrderUnit": "P",
    "ShortName": "LU PENNY WAFER 10X20GR",
    "IsNew": false,
    "RecentQuanityOfStockUnits": "2,1,20",
    "LongName": "DE BEUKELAER koeken Penny 10x20g",
    "AlcoholVolume": "0",
    "FicCode": "E"
  },
  {
    "productId": "584269",
    "technicalArticleNumber": "4238978",
    "commercialArticleNumber": "19075",
    "name": "choco",
    "brand": "LU BELVITA",
    "seoBrand": "LU belVita",
    "thumbNail": "https://static.colruytgroup.com/images/200x200/std.lang.all/21/39/asset-2372139.jpg",
    "fullImage": "https://static.colruytgroup.com/images/500x500/std.lang.all/21/39/asset-2372139.jpg",
    "squareImage": "https://static.colruytgroup.com/images/500x500sq/std.lang.all/21/39/asset-2372139.jpg",
    "content": "400g",
    "walkRouteSequenceNumber": 2324,
    "price": {
      "basicPrice": 2.92,
      "recommendedQuantity": "1.0",
      "measurementUnitPrice": 7.3,
      "measurementUnit": "K",
      "isRedPrice": false,
      "pricePerUOM": 7.3,
      "activationDate": "06-03-2024",
      "recordSource": "Offline",
      "isPromoActive": "N",
      "priceChangeCode": "H"
    },
    "isAvailable": true,
    "isPriceAvailable": true,
    "inPromo": false,
    "gtin": [
      "07622210713797",
      "07622210713780"
    ],
    "topCategoryName": "Brood/Ontbijt",
    "topCategoryId": "124",
    "businessDomain": "RETAIL_BE",
    "IsPrivateLabel": false,
    "IsBiffe": false,
    "WeightconversionFactor": "0",
    "IsWeightArticle": false,
    "nutriscoreLabel": "D",
    "IsBio": false,
    "CountryOfOrigin": "FRANKRIJK",
    "IsExclusivelySoldInLuxembourg": false,
    "OrderUnit": "P",
    "ShortName": "LU BELVITA CHOCO 400G",
    "IsNew": false,
    "RecentQuanityOfStockUnits": "1",
    "LongName": "LU BELVITA choco 400g",
    "FicCode": "E"
  },
  {
    "productId": "1645",
    "technicalArticleNumber": "21248",
    "commercialArticleNumber": "21248",
    "name": "Gâteau",
    "brand": "DELACRE",
    "seoBrand": "Delacre Gâteau",
    "thumbNail": "https://static.colruytgroup.com/images/200x200/std.lang.all/96/26/asset-2839626.jpg",
    "fullImage": "https://static.colruytgroup.com/images/500x500/std.lang.all/96/26/asset-2839626.jpg",
    "squareImage": "https://static.colruytgroup.com/images/500x500sq/std.lang.all/96/26/asset-2839626.jpg",
    "content": "500g",
    "walkRouteSequenceNumber": 2337,
    "price": {
      "basicPrice": 2.89,
      "recommendedQuantity": "2.0",
      "measurementUnitPrice": 5.78,
      "measurementUnit": "K",
      "isRedPrice": false,
      "pricePerUOM": 5.78,
      "activationDate": "29-02-2024",
      "recordSource": "Offline",
      "isPromoActive": "N",
      "priceChangeCode": "H"
    },
    "isAvailable": true,
    "isPriceAvailable": true,
    "inPromo": false,
    "gtin": [
      "03116430210593",
      "03116430211316",
      "03116430519849",
      "03116430521637"
    ],
    "topCategoryName": "Koeken/Chocolade/Snoep",
    "topCategoryId": "335",
    "businessDomain": "RETAIL_BE",
    "IsPrivateLabel": false,
    "IsBiffe": false,
    "WeightconversionFactor": "0",
    "IsWeightArticle": false,
    "nutriscoreLabel": "D",
    "IsBio": false,
    "CountryOfOrigin": "NEDERLAND",
    "IsExclusivelySoldInLuxembourg": false,
    "OrderUnit": "P",
    "ShortName": "DELACRE GATEAU 500 GR",
    "IsNew": false,
    "RecentQuanityOfStockUnits": "1,2,12",
    "LongName": "DELACRE Gâteau 500g",
    "AlcoholVolume": "0",
    "FicCode": "E"
  },
  {
    "productId": "9629",
    "technicalArticleNumber": "1123845",
    "commercialArticleNumber": "20012",
    "name": "Mignonnette Noir de Noir",
    "description": "*Min. 54 %\ncacaobestanddelen\n*Belgische chocolade",
    "brand": "COTE D'OR",
    "seoBrand": "Côte d'Or Mignonnette",
    "thumbNail": "https://static.colruytgroup.com/images/200x200/std.lang.all/96/43/asset-3309643.jpg",
    "fullImage": "https://static.colruytgroup.com/images/500x500/std.lang.all/96/43/asset-3309643.jpg",
    "squareImage": "https://static.colruytgroup.com/images/500x500sq/std.lang.all/96/43/asset-3309643.jpg",
    "content": "240g",
    "walkRouteSequenceNumber": 1223,
    "price": {
      "basicPrice": 4.19,
      "recommendedQuantity": "2.0",
      "measurementUnitPrice": 17.46,
      "measurementUnit": "K",
      "isRedPrice": false,
      "pricePerUOM": 17.46,
      "activationDate": "20-03-2024",
      "recordSource": "Offline",
      "isPromoActive": "N",
      "priceChangeCode": "E"
    },
    "isAvailable": true,
    "isPriceAvailable": true,
    "inPromo": false,
    "gtin": [
      "05400141140514",
      "07622200002290",
      "07622200326174",
      "07622200326228",
      "07622210644732",
      "07622210644879"
    ],
    "topCategoryName": "Koeken/Chocolade/Snoep",
    "topCategoryId": "335",
    "businessDomain": "RETAIL_BE",
    "IsPrivateLabel": false,
    "IsBiffe": false,
    "WeightconversionFactor": "0",
    "IsWeightArticle": false,
    "nutriscoreLabel": "E",
    "IsBio": false,
    "CountryOfOrigin": "POLEN",
    "IsExclusivelySoldInLuxembourg": false,
    "OrderUnit": "P",
    "ShortName": "CD 24MIGNONET NOIR NOIR",
    "IsNew": false,
    "RecentQuanityOfStockUnits": "1,12",
    "LongName": "COTE D'OR Mignonnette Noir de Noir 240g",
    "AlcoholVolume": "0",
    "FicCode": "E"
  },
  {
    "productId": "638086",
    "technicalArticleNumber": "4329284",
    "commercialArticleNumber": "7022",
    "name": "fruitkoekjes",
    "brand": "BONI",
    "seoBrand": "Boni Selection",
    "thumbNail": "https://static.colruytgroup.com/images/200x200/std.lang.all/37/04/asset-2843704.jpg",
    "fullImage": "https://static.colruytgroup.com/images/500x500/std.lang.all/37/04/asset-2843704.jpg",
    "squareImage": "https://static.colruytgroup.com/images/500x500sq/std.lang.all/37/04/asset-2843704.jpg",
    "content": "6x3st 262g",
    "walkRouteSequenceNumber": 2305,
    "price": {
      "basicPrice": 1.69,
      "recommendedQuantity": "1.0",
      "measurementUnitPrice": 6.46,
      "measurementUnit": "K",
      "isRedPrice": false,
      "pricePerUOM": 6.46,
      "activationDate": "29-12-2023",
      "recordSource": "Offline",
      "isPromoActive": "N",
      "priceChangeCode": "H"
    },
    "isAvailable": true,
    "isPriceAvailable": true,
    "inPromo": false,
    "gtin": [
      "05400141740905",
      "15400141740902"
    ],
    "topCategoryName": "Koeken/Chocolade/Snoep",
    "topCategoryId": "335",
    "businessDomain": "RETAIL_BE",
    "IsPrivateLabel": true,
    "IsBiffe": false,
    "WeightconversionFactor": "0",
    "IsWeightArticle": false,
    "nutriscoreLabel": "D",
    "IsBio": false,
    "CountryOfOrigin": "NEDERLAND",
    "IsExclusivelySoldInLuxembourg": false,
    "OrderUnit": "P",
    "ShortName": "BONI FRUITBISCUIT 262G",
    "IsNew": false,
    "EcoscoreLabel": "C",
    "RecentQuanityOfStockUnits": "1",
    "LongName": "BONI fruitkoekjes 6x3st 262g",
    "FicCode": "I",
    "EcoscoreValue": "55"
  },
  {
    "productId": "193299",
    "technicalArticleNumber": "3438711",
    "commercialArticleNumber": "50138",
    "name": "Petit Beukelaer",
    "brand": "LU",
    "seoBrand": "LU Petit Beukelaer",
    "thumbNail": "https://static.colruytgroup.com/images/200x200/std.lang.all/49/86/asset-3164986.jpg",
    "fullImage": "https://static.colruytgroup.com/images/500x500/std.lang.all/49/86/asset-3164986.jpg",
    "squareImage": "https://static.colruytgroup.com/images/500x500sq/std.lang.all/49/86/asset-3164986.jpg",
    "content": "330g",
    "walkRouteSequenceNumber": 2347,
    "price": {
      "basicPrice": 2.36,
      "recommendedQuantity": "2.0",
      "measurementUnitPrice": 7.16,
      "measurementUnit": "K",
      "isRedPrice": false,
      "pricePerUOM": 7.16,
      "activationDate": "19-03-2024",
      "recordSource": "Folder",
      "isPromoActive": "N",
      "priceChangeCode": "L"
    },
    "isAvailable": true,
    "isPriceAvailable": true,
    "inPromo": true,
    "promotion": [
      {
        "techPromoId": "100898COLR",
        "promotionId": "100898",
        "promotionType": "3",
        "isPersonalized": "N",
        "publicationStartDate": "13-03-2024",
        "publicationEndDate": "26-03-2024"
      }
    ],
    "gtin": [
      "07622210478511",
      "05400141220285",
      "07622210478474"
    ],
    "topCategoryName": "Koeken/Chocolade/Snoep",
    "topCategoryId": "335",
    "businessDomain": "RETAIL_BE",
    "IsPrivateLabel": false,
    "IsBiffe": false,
    "WeightconversionFactor": "0",
    "IsWeightArticle": false,
    "nutriscoreLabel": "E",
    "IsBio": false,
    "CountryOfOrigin": "FRANKRIJK",
    "IsExclusivelySoldInLuxembourg": false,
    "OrderUnit": "P",
    "ShortName": "LU PETIT BEUKELAER 330G",
    "IsNew": false,
    "RecentQuanityOfStockUnits": "10,1,2",
    "LongName": "LU Petit Beukelaer 330g",
    "AlcoholVolume": "0",
    "FicCode": "E"
  },
  {
    "productId": "167367",
    "technicalArticleNumber": "3378806",
    "commercialArticleNumber": "8420",
    "name": "speculoos",
    "description": "*Individueel verpakt",
    "brand": "BONI",
    "seoBrand": "Boni Selection",
    "thumbNail": "https://static.colruytgroup.com/images/200x200/std.lang.all/25/48/asset-3452548.jpg",
    "fullImage": "https://static.colruytgroup.com/images/500x500/std.lang.all/25/48/asset-3452548.jpg",
    "squareImage": "https://static.colruytgroup.com/images/500x500sq/std.lang.all/25/48/asset-3452548.jpg",
    "content": "10x25g",
    "walkRouteSequenceNumber": 2127,
    "price": {
      "basicPrice": 1.85,
      "recommendedQuantity": "1.0",
      "measurementUnitPrice": 7.4,
      "measurementUnit": "K",
      "isRedPrice": false,
      "pricePerUOM": 7.4,
      "activationDate": "31-01-2024",
      "isPromoActive": "N",
      "priceChangeCode": "E"
    },
    "isAvailable": true,
    "isPriceAvailable": true,
    "inPromo": false,
    "gtin": [
      "35400141535939",
      "05400141306767",
      "15400141828242",
      "05400141352689",
      "25400141306761",
      "05400141535938"
    ],
    "topCategoryName": "Brood/Ontbijt",
    "topCategoryId": "124",
    "businessDomain": "RETAIL_BE",
    "IsPrivateLabel": true,
    "IsBiffe": false,
    "WeightconversionFactor": "0",
    "IsWeightArticle": false,
    "nutriscoreLabel": "E",
    "IsBio": false,
    "CountryOfOrigin": "BELGIË",
    "IsExclusivelySoldInLuxembourg": false,
    "OrderUnit": "P",
    "ShortName": "BONI SPECUL2SX10 250",
    "IsNew": false,
    "EcoscoreLabel": "C",
    "RecentQuanityOfStockUnits": "1",
    "LongName": "BONI speculoos 10x25g",
    "AlcoholVolume": "0",
    "FicCode": "I",
    "EcoscoreValue": "56"
  },
  {
    "productId": "1638",
    "technicalArticleNumber": "21200",
    "commercialArticleNumber": "21200",
    "name": "Nic-Nac suiker",
    "brand": "BONI",
    "seoBrand": "Boni Selection",
    "thumbNail": "https://static.colruytgroup.com/images/200x200/std.lang.all/25/38/asset-3452538.jpg",
    "fullImage": "https://static.colruytgroup.com/images/500x500/std.lang.all/25/38/asset-3452538.jpg",
    "squareImage": "https://static.colruytgroup.com/images/500x500sq/std.lang.all/25/38/asset-3452538.jpg",
    "content": "500g",
    "walkRouteSequenceNumber": 2346,
    "price": {
      "basicPrice": 2.45,
      "recommendedQuantity": "1.0",
      "measurementUnitPrice": 4.9,
      "measurementUnit": "K",
      "isRedPrice": false,
      "pricePerUOM": 4.9,
      "activationDate": "16-01-2024",
      "recordSource": "Offline",
      "isPromoActive": "N",
      "priceChangeCode": "E"
    },
    "isAvailable": true,
    "isPriceAvailable": true,
    "inPromo": false,
    "gtin": [
      "15400141564904",
      "05400141037197",
      "05400141083750",
      "05400141128857",
      "05400141212006",
      "05400141306774",
      "15400141306771",
      "15400141933229",
      "05400141564907"
    ],
    "topCategoryName": "Koeken/Chocolade/Snoep",
    "topCategoryId": "335",
    "businessDomain": "RETAIL_BE",
    "IsPrivateLabel": true,
    "IsBiffe": false,
    "WeightconversionFactor": "0",
    "IsWeightArticle": false,
    "nutriscoreLabel": "E",
    "IsBio": false,
    "CountryOfOrigin": "BELGIË",
    "IsExclusivelySoldInLuxembourg": false,
    "OrderUnit": "P",
    "ShortName": "BONI NICNAC SUIKER 500",
    "InSeason": true,
    "IsNew": false,
    "EcoscoreLabel": "C",
    "RecentQuanityOfStockUnits": "12,1",
    "LongName": "BONI Nic-Nac suiker 500g",
    "AlcoholVolume": "0",
    "StartSeasonDate": "04/09/2013",
    "FicCode": "I",
    "EcoscoreValue": "49"
  },
  {
    "productId": "1026672",
    "technicalArticleNumber": "4791918",
    "commercialArticleNumber": "33672",
    "name": "Biscoff speculoos",
    "brand": "LOTUS",
    "seoBrand": "Lotus Biscoff",
    "thumbNail": "https://static.colruytgroup.com/images/200x200/std.lang.all/36/58/asset-3363658.jpg",
    "fullImage": "https://static.colruytgroup.com/images/500x500/std.lang.all/36/58/asset-3363658.jpg",
    "squareImage": "https://static.colruytgroup.com/images/500x500sq/std.lang.all/36/58/asset-3363658.jpg",
    "content": "525g",
    "walkRouteSequenceNumber": 4475,
    "price": {
      "basicPrice": 3.29,
      "recommendedQuantity": "1.0",
      "measurementUnitPrice": 6.27,
      "measurementUnit": "K",
      "isRedPrice": false,
      "pricePerUOM": 6.27,
      "activationDate": "21-03-2024",
      "recordSource": "Offline",
      "isPromoActive": "N",
      "priceChangeCode": "E"
    },
    "isAvailable": true,
    "isPriceAvailable": true,
    "inPromo": true,
    "promotion": [
      {
        "techPromoId": "001928COLR",
        "promotionId": "001928",
        "promotionType": "4",
        "isPersonalized": "N",
        "publicationStartDate": "13-03-2024",
        "publicationEndDate": "26-03-2024"
      }
    ],
    "gtin": [
      "15410126146254",
      "05410126806250"
    ],
    "topCategoryName": "Brood/Ontbijt",
    "topCategoryId": "124",
    "businessDomain": "RETAIL_BE",
    "IsPrivateLabel": false,
    "IsBiffe": false,
    "WeightconversionFactor": "0",
    "IsWeightArticle": false,
    "nutriscoreLabel": "E",
    "IsBio": false,
    "CountryOfOrigin": "BELGIË",
    "IsExclusivelySoldInLuxembourg": false,
    "OrderUnit": "P",
    "ShortName": "LOTU BISCO.SPECULOOS525",
    "IsNew": true,
    "RecentQuanityOfStockUnits": "1,14",
    "LongName": "LOTUS Biscoff speculoos 525g",
    "FicCode": "E"
  },
  {
    "productId": "10892",
    "technicalArticleNumber": "1345112",
    "commercialArticleNumber": "21137",
    "name": "Melkchocolade gevuld",
    "description": "*Individueel verpakt",
    "brand": "PICK UP!",
    "seoBrand": "Bahlsen Pick Up!",
    "thumbNail": "https://static.colruytgroup.com/images/200x200/std.lang.all/61/04/asset-3176104.jpg",
    "fullImage": "https://static.colruytgroup.com/images/500x500/std.lang.all/61/04/asset-3176104.jpg",
    "squareImage": "https://static.colruytgroup.com/images/500x500sq/std.lang.all/61/04/asset-3176104.jpg",
    "content": "10x28g",
    "walkRouteSequenceNumber": 2060,
    "price": {
      "basicPrice": 3.44,
      "recommendedQuantity": "1.0",
      "measurementUnitPrice": 12.29,
      "measurementUnit": "K",
      "isRedPrice": false,
      "pricePerUOM": 12.29,
      "activationDate": "12-03-2024",
      "recordSource": "Online",
      "isPromoActive": "N",
      "priceChangeCode": "E"
    },
    "isAvailable": true,
    "isPriceAvailable": true,
    "inPromo": false,
    "gtin": [
      "04017100024986",
      "04017100250118",
      "04017100625015",
      "04017100249983"
    ],
    "topCategoryName": "Koeken/Chocolade/Snoep",
    "topCategoryId": "335",
    "businessDomain": "RETAIL_BE",
    "IsPrivateLabel": false,
    "IsBiffe": false,
    "WeightconversionFactor": "0",
    "IsWeightArticle": false,
    "nutriscoreLabel": "E",
    "IsBio": false,
    "CountryOfOrigin": "DUITSLAND",
    "IsExclusivelySoldInLuxembourg": false,
    "OrderUnit": "P",
    "ShortName": "BAHL PICK UP MELKV10X28",
    "IsNew": false,
    "EcoscoreLabel": "D",
    "RecentQuanityOfStockUnits": "1,22",
    "LongName": "PICK UP! Melkchocolade gevuld 10x28g",
    "AlcoholVolume": "0",
    "FicCode": "E",
    "EcoscoreValue": "36"
  },
  {
    "productId": "226238",
    "technicalArticleNumber": "3564949",
    "commercialArticleNumber": "12843",
    "name": "85% cacao",
    "description": "*85 % cacao",
    "brand": "LINDT EXCELLENCE",
    "seoBrand": "Lindt",
    "thumbNail": "https://static.colruytgroup.com/images/200x200/std.lang.all/87/11/asset-1118711.jpg",
    "fullImage": "https://static.colruytgroup.com/images/500x500/std.lang.all/87/11/asset-1118711.jpg",
    "squareImage": "https://static.colruytgroup.com/images/500x500sq/std.lang.all/87/11/asset-1118711.jpg",
    "content": "100g",
    "walkRouteSequenceNumber": 1383,
    "price": {
      "basicPrice": 2.09,
      "recommendedQuantity": "1.0",
      "measurementUnitPrice": 20.9,
      "measurementUnit": "K",
      "isRedPrice": false,
      "pricePerUOM": 20.9,
      "activationDate": "20-02-2024",
      "recordSource": "Offline",
      "isPromoActive": "N",
      "priceChangeCode": "E"
    },
    "isAvailable": true,
    "isPriceAvailable": true,
    "inPromo": false,
    "gtin": [
      "03046920178532",
      "03046920028363"
    ],
    "topCategoryName": "Koeken/Chocolade/Snoep",
    "topCategoryId": "335",
    "businessDomain": "RETAIL_BE",
    "IsPrivateLabel": false,
    "IsBiffe": false,
    "WeightconversionFactor": "0",
    "IsWeightArticle": false,
    "nutriscoreLabel": "E",
    "IsBio": false,
    "CountryOfOrigin": "ZWITSERLAND",
    "IsExclusivelySoldInLuxembourg": false,
    "OrderUnit": "P",
    "ShortName": "LINDT EXCELLENCE85%100G",
    "IsNew": false,
    "EcoscoreLabel": "E",
    "RecentQuanityOfStockUnits": "1,20",
    "LongName": "LINDT EXCELLENCE 85% cacao 100g",
    "AlcoholVolume": "0",
    "FicCode": "E",
    "EcoscoreValue": "15"
  },
  {
    "productId": "3984",
    "technicalArticleNumber": "1106549",
    "commercialArticleNumber": "21760",
    "name": "koeken Bokkenpootjes",
    "brand": "BONI",
    "seoBrand": "Boni Selection",
    "thumbNail": "https://static.colruytgroup.com/images/200x200/std.lang.all/25/40/asset-3452540.jpg",
    "fullImage": "https://static.colruytgroup.com/images/500x500/std.lang.all/25/40/asset-3452540.jpg",
    "squareImage": "https://static.colruytgroup.com/images/500x500sq/std.lang.all/25/40/asset-3452540.jpg",
    "content": "12x12,5g",
    "walkRouteSequenceNumber": 2142,
    "price": {
      "basicPrice": 1.34,
      "recommendedQuantity": "1.0",
      "quantityPrice": 1.19,
      "quantityPriceQuantity": "4.0",
      "measurementUnitPrice": 8.94,
      "measurementUnitQuantityPrice": 7.94,
      "measurementUnit": "K",
      "isRedPrice": false,
      "pricePerUOM": 8.94,
      "activationDate": "20-03-2024",
      "recordSource": "Offline",
      "isPromoActive": "N",
      "priceChangeCode": "E",
      "quantityPricePerUOM": 7.94,
      "quantityActivationDate": "20-03-2024",
      "quantityPriceChangeCode": "E"
    },
    "isAvailable": true,
    "isPriceAvailable": true,
    "inPromo": false,
    "gtin": [
      "15400141796770",
      "05400141796773",
      "15400141823599",
      "05400141054675",
      "05400141387599"
    ],
    "topCategoryName": "Koeken/Chocolade/Snoep",
    "topCategoryId": "335",
    "businessDomain": "RETAIL_BE",
    "IsPrivateLabel": true,
    "IsBiffe": false,
    "WeightconversionFactor": "0",
    "IsWeightArticle": false,
    "nutriscoreLabel": "E",
    "IsBio": false,
    "CountryOfOrigin": "NEDERLAND",
    "IsExclusivelySoldInLuxembourg": false,
    "OrderUnit": "P",
    "ShortName": "BONI BOKKENPOOTJES 150G",
    "IsNew": false,
    "EcoscoreLabel": "C",
    "RecentQuanityOfStockUnits": "1,20",
    "LongName": "BONI koeken Bokkenpootjes 12x12,5g",
    "AlcoholVolume": "0",
    "FicCode": "I",
    "EcoscoreValue": "49"
  },
  {
    "productId": "1536",
    "technicalArticleNumber": "21676",
    "commercialArticleNumber": "21676",
    "name": "Cake Sterren met Boter",
    "brand": "BONI",
    "seoBrand": "Boni Selection",
    "thumbNail": "https://static.colruytgroup.com/images/200x200/std.lang.all/65/86/asset-3336586.jpg",
    "fullImage": "https://static.colruytgroup.com/images/500x500/std.lang.all/65/86/asset-3336586.jpg",
    "squareImage": "https://static.colruytgroup.com/images/500x500sq/std.lang.all/65/86/asset-3336586.jpg",
    "content": "250g",
    "walkRouteSequenceNumber": 2068,
    "price": {
      "basicPrice": 1.99,
      "recommendedQuantity": "1.0",
      "measurementUnitPrice": 7.96,
      "measurementUnit": "K",
      "isRedPrice": false,
      "pricePerUOM": 7.96,
      "activationDate": "21-03-2024",
      "recordSource": "Offline",
      "isPromoActive": "N",
      "priceChangeCode": "H"
    },
    "isAvailable": true,
    "isPriceAvailable": true,
    "inPromo": false,
    "gtin": [
      "05400141636628",
      "15400141636625",
      "05400141660289",
      "15400141660286",
      "05400141051667",
      "05400141127492",
      "05400141215533",
      "05400141357639",
      "05400141408744",
      "15400141127499",
      "15400141357636",
      "25400141127496",
      "25400141357633",
      "05400141015898",
      "05400141448498"
    ],
    "topCategoryName": "Koeken/Chocolade/Snoep",
    "topCategoryId": "335",
    "businessDomain": "RETAIL_BE",
    "IsPrivateLabel": true,
    "IsBiffe": false,
    "WeightconversionFactor": "0",
    "IsWeightArticle": false,
    "nutriscoreLabel": "E",
    "IsBio": false,
    "CountryOfOrigin": "FRANKRIJK",
    "IsExclusivelySoldInLuxembourg": false,
    "OrderUnit": "P",
    "ShortName": "BONI 8 STER NATUUR 250G",
    "IsNew": false,
    "EcoscoreLabel": "C",
    "RecentQuanityOfStockUnits": "1,12",
    "LongName": "BONI Cake Sterren met Boter 250g",
    "AlcoholVolume": "0",
    "FicCode": "I",
    "EcoscoreValue": "50"
  },
  {
    "productId": "1533",
    "technicalArticleNumber": "21645",
    "commercialArticleNumber": "21645",
    "name": "cake Trancetto",
    "description": "*Individueel verpakt",
    "brand": "BALCONI",
    "seoBrand": "Balconi",
    "thumbNail": "https://static.colruytgroup.com/images/200x200/std.lang.all/57/50/asset-1755750.jpg",
    "fullImage": "https://static.colruytgroup.com/images/500x500/std.lang.all/57/50/asset-1755750.jpg",
    "squareImage": "https://static.colruytgroup.com/images/500x500sq/std.lang.all/57/50/asset-1755750.jpg",
    "content": "10x28g",
    "walkRouteSequenceNumber": 2115,
    "price": {
      "basicPrice": 2.49,
      "recommendedQuantity": "1.0",
      "measurementUnitPrice": 8.9,
      "measurementUnit": "K",
      "isRedPrice": false,
      "pricePerUOM": 8.9,
      "activationDate": "22-11-2023",
      "recordSource": "Offline",
      "isPromoActive": "N",
      "priceChangeCode": "H"
    },
    "isAvailable": true,
    "isPriceAvailable": true,
    "inPromo": false,
    "gtin": [
      "08001585001224",
      "08001585012329"
    ],
    "topCategoryName": "Koeken/Chocolade/Snoep",
    "topCategoryId": "335",
    "businessDomain": "RETAIL_BE",
    "IsPrivateLabel": false,
    "IsBiffe": false,
    "WeightconversionFactor": "0",
    "IsWeightArticle": false,
    "nutriscoreLabel": "E",
    "IsBio": false,
    "CountryOfOrigin": "ITALIË",
    "IsExclusivelySoldInLuxembourg": false,
    "OrderUnit": "P",
    "ShortName": "BALCONI TRANCETTO 10 ST",
    "IsNew": false,
    "EcoscoreLabel": "D",
    "RecentQuanityOfStockUnits": "1,15",
    "LongName": "BALCONI cake Trancetto 10x28g",
    "AlcoholVolume": "0",
    "FicCode": "E",
    "EcoscoreValue": "26"
  },
  {
    "productId": "340416",
    "technicalArticleNumber": "3822005",
    "commercialArticleNumber": "19988",
    "name": "Finest Selection crispy",
    "brand": "MERCI",
    "seoBrand": "Merci",
    "thumbNail": "https://static.colruytgroup.com/images/200x200/std.lang.all/12/06/asset-2201206.jpg",
    "fullImage": "https://static.colruytgroup.com/images/500x500/std.lang.all/12/06/asset-2201206.jpg",
    "squareImage": "https://static.colruytgroup.com/images/500x500sq/std.lang.all/12/06/asset-2201206.jpg",
    "content": "250g",
    "walkRouteSequenceNumber": 1285,
    "price": {
      "basicPrice": 3.49,
      "recommendedQuantity": "1.0",
      "measurementUnitPrice": 13.96,
      "measurementUnit": "K",
      "isRedPrice": false,
      "pricePerUOM": 13.96,
      "activationDate": "13-03-2024",
      "recordSource": "Offline",
      "isPromoActive": "N",
      "priceChangeCode": "E"
    },
    "isAvailable": true,
    "isPriceAvailable": true,
    "inPromo": false,
    "gtin": [
      "04014400014457",
      "04014400917956"
    ],
    "topCategoryName": "Koeken/Chocolade/Snoep",
    "topCategoryId": "335",
    "businessDomain": "RETAIL_BE",
    "IsPrivateLabel": false,
    "IsBiffe": false,
    "WeightconversionFactor": "0",
    "IsWeightArticle": false,
    "nutriscoreLabel": "E",
    "IsBio": false,
    "CountryOfOrigin": "DUITSLAND",
    "IsExclusivelySoldInLuxembourg": false,
    "OrderUnit": "P",
    "ShortName": "MERC FIN.SELEC.CRISP250",
    "IsNew": false,
    "EcoscoreLabel": "E",
    "RecentQuanityOfStockUnits": "1,10",
    "LongName": "MERCI Finest Selection crispy 250g",
    "AlcoholVolume": "0",
    "FicCode": "E",
    "EcoscoreValue": "15"
  },
  {
    "productId": "32225",
    "technicalArticleNumber": "1857391",
    "commercialArticleNumber": "20389",
    "name": "snoep dragibus Soft",
    "description": "*Zonder dierlijke\ngelatine",
    "brand": "HARIBO",
    "seoBrand": "Haribo",
    "thumbNail": "https://static.colruytgroup.com/images/200x200/std.lang.all/73/95/asset-337395.jpg",
    "fullImage": "https://static.colruytgroup.com/images/500x500/std.lang.all/73/95/asset-337395.jpg",
    "squareImage": "https://static.colruytgroup.com/images/500x500sq/std.lang.all/73/95/asset-337395.jpg",
    "content": "400g",
    "walkRouteSequenceNumber": 1816,
    "price": {
      "basicPrice": 3.6,
      "recommendedQuantity": "1.0",
      "measurementUnitPrice": 9,
      "measurementUnit": "K",
      "isRedPrice": false,
      "pricePerUOM": 9,
      "activationDate": "14-03-2024",
      "recordSource": "Folder",
      "isPromoActive": "N",
      "priceChangeCode": "L"
    },
    "isAvailable": true,
    "isPriceAvailable": true,
    "inPromo": false,
    "gtin": [
      "03103221030126",
      "03103220030127"
    ],
    "topCategoryName": "Koeken/Chocolade/Snoep",
    "topCategoryId": "335",
    "businessDomain": "RETAIL_BE",
    "IsPrivateLabel": false,
    "IsBiffe": false,
    "WeightconversionFactor": "0",
    "IsWeightArticle": false,
    "nutriscoreLabel": "E",
    "IsBio": false,
    "CountryOfOrigin": "BELGIË",
    "IsExclusivelySoldInLuxembourg": false,
    "OrderUnit": "P",
    "ShortName": "HARI.DRAGIBUS SOFT 400G",
    "IsNew": false,
    "EcoscoreLabel": "B",
    "RecentQuanityOfStockUnits": "1",
    "LongName": "HARIBO snoep dragibus Soft 400g",
    "AlcoholVolume": "0",
    "FicCode": "E",
    "EcoscoreValue": "67"
  },
  {
    "productId": "1550",
    "technicalArticleNumber": "21941",
    "commercialArticleNumber": "21941",
    "name": "Beertje Aardbei",
    "description": "*Individueel verpakt",
    "brand": "LU LULU",
    "seoBrand": "LU LULU",
    "thumbNail": "https://static.colruytgroup.com/images/200x200/std.lang.all/25/95/asset-372595.jpg",
    "fullImage": "https://static.colruytgroup.com/images/500x500/std.lang.all/25/95/asset-372595.jpg",
    "squareImage": "https://static.colruytgroup.com/images/500x500sq/std.lang.all/25/95/asset-372595.jpg",
    "content": "5x30g",
    "walkRouteSequenceNumber": 1522,
    "price": {
      "basicPrice": 2.69,
      "recommendedQuantity": "2.0",
      "measurementUnitPrice": 17.94,
      "measurementUnit": "K",
      "isRedPrice": false,
      "pricePerUOM": 17.94,
      "activationDate": "21-03-2024",
      "recordSource": "Offline",
      "isPromoActive": "N",
      "priceChangeCode": "H"
    },
    "isAvailable": true,
    "isPriceAvailable": true,
    "inPromo": false,
    "gtin": [
      "03048289048259",
      "05410041396508",
      "05410041406306",
      "05410041407709",
      "05410041418606",
      "05410041432305",
      "05410041441208",
      "25410041138607",
      "05410041331202",
      "05410041391602",
      "00000025219418",
      "05400141219418",
      "05410041138603",
      "05410041149203",
      "03048282332645"
    ],
    "topCategoryName": "Koeken/Chocolade/Snoep",
    "topCategoryId": "335",
    "businessDomain": "RETAIL_BE",
    "IsPrivateLabel": false,
    "IsBiffe": false,
    "WeightconversionFactor": "0",
    "IsWeightArticle": false,
    "nutriscoreLabel": "D",
    "IsBio": false,
    "CountryOfOrigin": "FRANKRIJK",
    "IsExclusivelySoldInLuxembourg": false,
    "OrderUnit": "P",
    "ShortName": "LU BEERTJES AARDB.5X30G",
    "IsNew": false,
    "RecentQuanityOfStockUnits": "1,2,20",
    "LongName": "LU LULU Beertje Aardbei 5x30g",
    "AlcoholVolume": "0",
    "FicCode": "E"
  },
  {
    "productId": "304663",
    "technicalArticleNumber": "3725266",
    "commercialArticleNumber": "21512",
    "name": "Peppermint",
    "brand": "FRISK",
    "seoBrand": "Frisk",
    "thumbNail": "https://static.colruytgroup.com/images/200x200/std.lang.all/15/48/asset-1301548.jpg",
    "fullImage": "https://static.colruytgroup.com/images/500x500/std.lang.all/15/48/asset-1301548.jpg",
    "squareImage": "https://static.colruytgroup.com/images/500x500sq/std.lang.all/15/48/asset-1301548.jpg",
    "content": "35g",
    "walkRouteSequenceNumber": 18328,
    "price": {
      "basicPrice": 1.29,
      "recommendedQuantity": "1.0",
      "measurementUnitPrice": 36.86,
      "measurementUnit": "K",
      "isRedPrice": false,
      "pricePerUOM": 36.86,
      "activationDate": "15-01-2024",
      "recordSource": "Offline",
      "isPromoActive": "N",
      "priceChangeCode": "E"
    },
    "isAvailable": true,
    "isPriceAvailable": true,
    "inPromo": false,
    "gtin": [
      "08723400757252",
      "08723400757245",
      "00000087311495"
    ],
    "topCategoryName": "Koeken/Chocolade/Snoep",
    "topCategoryId": "335",
    "businessDomain": "RETAIL_BE",
    "IsPrivateLabel": false,
    "IsBiffe": false,
    "WeightconversionFactor": "0",
    "IsWeightArticle": false,
    "nutriscoreLabel": "C",
    "IsBio": false,
    "CountryOfOrigin": "SPANJE",
    "IsExclusivelySoldInLuxembourg": false,
    "OrderUnit": "P",
    "ShortName": "FRIS PEPPERMINT 35G",
    "IsNew": false,
    "EcoscoreLabel": "B",
    "RecentQuanityOfStockUnits": "12,1",
    "LongName": "FRISK Peppermint 35g",
    "AlcoholVolume": "0",
    "FicCode": "E",
    "EcoscoreValue": "66"
  },
  {
    "productId": "44694",
    "technicalArticleNumber": "2508071",
    "commercialArticleNumber": "8306",
    "name": "speculoos 6 granen",
    "description": "*Individueel verpakt",
    "brand": "LOTUS",
    "seoBrand": "Lotus",
    "thumbNail": "https://static.colruytgroup.com/images/200x200/std.lang.all/50/29/asset-1715029.jpg",
    "fullImage": "https://static.colruytgroup.com/images/500x500/std.lang.all/50/29/asset-1715029.jpg",
    "squareImage": "https://static.colruytgroup.com/images/500x500sq/std.lang.all/50/29/asset-1715029.jpg",
    "content": "450g",
    "walkRouteSequenceNumber": 2135,
    "price": {
      "basicPrice": 4.01,
      "recommendedQuantity": "1.0",
      "measurementUnitPrice": 8.92,
      "measurementUnit": "K",
      "isRedPrice": false,
      "pricePerUOM": 8.92,
      "activationDate": "21-03-2024",
      "recordSource": "Folder",
      "isPromoActive": "N",
      "priceChangeCode": "H"
    },
    "isAvailable": true,
    "isPriceAvailable": true,
    "inPromo": true,
    "promotion": [
      {
        "techPromoId": "001928COLR",
        "promotionId": "001928",
        "promotionType": "4",
        "isPersonalized": "N",
        "publicationStartDate": "13-03-2024",
        "publicationEndDate": "26-03-2024"
      }
    ],
    "gtin": [
      "15410126126881",
      "05410126026887",
      "05400141083064",
      "05410126726886"
    ],
    "topCategoryName": "Brood/Ontbijt",
    "topCategoryId": "124",
    "businessDomain": "RETAIL_BE",
    "IsPrivateLabel": false,
    "IsBiffe": false,
    "WeightconversionFactor": "0",
    "IsWeightArticle": false,
    "nutriscoreLabel": "E",
    "IsBio": false,
    "CountryOfOrigin": "BELGIË",
    "IsExclusivelySoldInLuxembourg": false,
    "OrderUnit": "P",
    "ShortName": "LOTUS 6 GRA.18X2ST 450G",
    "IsNew": false,
    "RecentQuanityOfStockUnits": "1,10",
    "LongName": "LOTUS speculoos 6 granen 450g",
    "AlcoholVolume": "0",
    "FicCode": "E"
  },
  {
    "productId": "262571",
    "technicalArticleNumber": "3582772",
    "commercialArticleNumber": "50994",
    "name": "melk biscuit",
    "brand": "MILKA",
    "seoBrand": "Milka",
    "thumbNail": "https://static.colruytgroup.com/images/200x200/std.lang.all/65/23/asset-2366523.jpg",
    "fullImage": "https://static.colruytgroup.com/images/500x500/std.lang.all/65/23/asset-2366523.jpg",
    "squareImage": "https://static.colruytgroup.com/images/500x500sq/std.lang.all/65/23/asset-2366523.jpg",
    "content": "600g",
    "walkRouteSequenceNumber": 1595,
    "price": {
      "basicPrice": 9.24,
      "recommendedQuantity": "1.0",
      "measurementUnitPrice": 15.4,
      "measurementUnit": "K",
      "isRedPrice": false,
      "pricePerUOM": 15.4,
      "activationDate": "19-03-2024",
      "recordSource": "Folder",
      "isPromoActive": "Y",
      "priceChangeCode": "L"
    },
    "isAvailable": true,
    "isPriceAvailable": true,
    "inPromo": true,
    "promotion": [
      {
        "techPromoId": "100832COLR",
        "promotionId": "100832",
        "promotionType": "4",
        "isPersonalized": "N",
        "publicationStartDate": "13-03-2024",
        "publicationEndDate": "26-03-2024"
      }
    ],
    "gtin": [
      "07622210655905",
      "07622210655899"
    ],
    "topCategoryName": "Koeken/Chocolade/Snoep",
    "topCategoryId": "335",
    "businessDomain": "RETAIL_BE",
    "IsPrivateLabel": false,
    "IsBiffe": false,
    "WeightconversionFactor": "0",
    "IsWeightArticle": false,
    "nutriscoreLabel": "E",
    "IsBio": false,
    "CountryOfOrigin": "BELGIË",
    "IsExclusivelySoldInLuxembourg": false,
    "OrderUnit": "P",
    "ShortName": "MILKA EI MELK BISC.600G",
    "InSeason": true,
    "IsNew": false,
    "RecentQuanityOfStockUnits": "1",
    "LongName": "MILKA melk biscuit 600g",
    "AlcoholVolume": "0",
    "StartSeasonDate": "25/10/2023",
    "FicCode": "E"
  },
  {
    "productId": "7154",
    "technicalArticleNumber": "1160202",
    "commercialArticleNumber": "21531",
    "name": "speculoos chocolade",
    "description": "*Individueel verpakt",
    "brand": "LOTUS",
    "seoBrand": "Lotus",
    "thumbNail": "https://static.colruytgroup.com/images/200x200/std.lang.all/53/86/asset-3365386.jpg",
    "fullImage": "https://static.colruytgroup.com/images/500x500/std.lang.all/53/86/asset-3365386.jpg",
    "squareImage": "https://static.colruytgroup.com/images/500x500sq/std.lang.all/53/86/asset-3365386.jpg",
    "content": "7x22g",
    "walkRouteSequenceNumber": 2130,
    "price": {
      "basicPrice": 1.99,
      "recommendedQuantity": "1.0",
      "measurementUnitPrice": 12.93,
      "measurementUnit": "K",
      "isRedPrice": false,
      "pricePerUOM": 12.93,
      "activationDate": "15-03-2024",
      "recordSource": "Offline",
      "isPromoActive": "N",
      "priceChangeCode": "E"
    },
    "isAvailable": true,
    "isPriceAvailable": true,
    "inPromo": true,
    "promotion": [
      {
        "techPromoId": "001928COLR",
        "promotionId": "001928",
        "promotionType": "4",
        "isPersonalized": "N",
        "publicationStartDate": "13-03-2024",
        "publicationEndDate": "26-03-2024"
      }
    ],
    "gtin": [
      "05410126006766",
      "15410126006763"
    ],
    "topCategoryName": "Brood/Ontbijt",
    "topCategoryId": "124",
    "businessDomain": "RETAIL_BE",
    "IsPrivateLabel": false,
    "IsBiffe": false,
    "WeightconversionFactor": "0",
    "IsWeightArticle": false,
    "nutriscoreLabel": "E",
    "IsBio": false,
    "CountryOfOrigin": "BELGIË",
    "IsExclusivelySoldInLuxembourg": false,
    "OrderUnit": "P",
    "ShortName": "LOTUS SPE.CHOCOL.7X3ST",
    "IsNew": false,
    "RecentQuanityOfStockUnits": "1,12",
    "LongName": "LOTUS speculoos chocolade 7x22g",
    "AlcoholVolume": "0",
    "FicCode": "E"
  },
  {
    "productId": "1426",
    "technicalArticleNumber": "20456",
    "commercialArticleNumber": "20456",
    "name": "Nougatti",
    "brand": "CÔTE D'OR",
    "seoBrand": "Côte d'Or Nougatti",
    "thumbNail": "https://static.colruytgroup.com/images/200x200/std.lang.all/69/59/asset-1846959.jpg",
    "fullImage": "https://static.colruytgroup.com/images/500x500/std.lang.all/69/59/asset-1846959.jpg",
    "squareImage": "https://static.colruytgroup.com/images/500x500sq/std.lang.all/69/59/asset-1846959.jpg",
    "content": "9x30g",
    "walkRouteSequenceNumber": 1303,
    "price": {
      "basicPrice": 4.49,
      "recommendedQuantity": "1.0",
      "measurementUnitPrice": 16.63,
      "measurementUnit": "K",
      "isRedPrice": false,
      "pricePerUOM": 16.63,
      "activationDate": "13-03-2024",
      "isPromoActive": "Y",
      "priceChangeCode": "H"
    },
    "isAvailable": true,
    "isPriceAvailable": true,
    "inPromo": true,
    "promotion": [
      {
        "techPromoId": "100831COLR",
        "promotionId": "100831",
        "promotionType": "3",
        "isPersonalized": "N",
        "publicationStartDate": "13-03-2024",
        "publicationEndDate": "26-03-2024"
      }
    ],
    "gtin": [
      "07622200348084",
      "07622210409287"
    ],
    "topCategoryName": "Koeken/Chocolade/Snoep",
    "topCategoryId": "335",
    "businessDomain": "RETAIL_BE",
    "IsPrivateLabel": false,
    "IsBiffe": false,
    "WeightconversionFactor": "0",
    "IsWeightArticle": false,
    "nutriscoreLabel": "E",
    "IsBio": false,
    "CountryOfOrigin": "BELGIË",
    "IsExclusivelySoldInLuxembourg": false,
    "OrderUnit": "P",
    "ShortName": "CD NOUGATTI 9X30GR",
    "IsNew": false,
    "RecentQuanityOfStockUnits": "1",
    "LongName": "CÔTE D'OR Nougatti 9x30g",
    "AlcoholVolume": "0",
    "FicCode": "E"
  },
  {
    "productId": "1556",
    "technicalArticleNumber": "20560",
    "commercialArticleNumber": "20560",
    "name": "Puur",
    "brand": "CHOKOTOFF",
    "seoBrand": "Côte d'Or Chokotoff",
    "thumbNail": "https://static.colruytgroup.com/images/200x200/std.lang.all/50/73/asset-1135073.jpg",
    "fullImage": "https://static.colruytgroup.com/images/500x500/std.lang.all/50/73/asset-1135073.jpg",
    "squareImage": "https://static.colruytgroup.com/images/500x500sq/std.lang.all/50/73/asset-1135073.jpg",
    "content": "1kg",
    "walkRouteSequenceNumber": 2012,
    "price": {
      "basicPrice": 7.98,
      "recommendedQuantity": "1.0",
      "measurementUnitPrice": 7.98,
      "measurementUnit": "K",
      "isRedPrice": false,
      "pricePerUOM": 7.98,
      "activationDate": "24-02-2024",
      "recordSource": "Offline",
      "isPromoActive": "N",
      "priceChangeCode": "H"
    },
    "isAvailable": true,
    "isPriceAvailable": true,
    "inPromo": false,
    "gtin": [
      "07622200885381",
      "05410081210628",
      "07622200352081"
    ],
    "topCategoryName": "Koeken/Chocolade/Snoep",
    "topCategoryId": "335",
    "businessDomain": "RETAIL_BE",
    "IsPrivateLabel": false,
    "IsBiffe": false,
    "WeightconversionFactor": "0",
    "IsWeightArticle": false,
    "nutriscoreLabel": "E",
    "IsBio": false,
    "CountryOfOrigin": "BELGIË",
    "IsExclusivelySoldInLuxembourg": false,
    "OrderUnit": "P",
    "ShortName": "CD CHOKOTOFF 1 KG",
    "InSeason": true,
    "IsNew": false,
    "RecentQuanityOfStockUnits": "1,8",
    "LongName": "CHOKOTOFF Puur 1kg",
    "AlcoholVolume": "0",
    "StartSeasonDate": "27/11/2023",
    "FicCode": "E"
  },
  {
    "productId": "1544",
    "technicalArticleNumber": "21852",
    "commercialArticleNumber": "21852",
    "name": "boterwafels",
    "brand": "BONI",
    "seoBrand": "Boni Selection",
    "thumbNail": "https://static.colruytgroup.com/images/200x200/std.lang.all/57/64/asset-3245764.jpg",
    "fullImage": "https://static.colruytgroup.com/images/500x500/std.lang.all/57/64/asset-3245764.jpg",
    "squareImage": "https://static.colruytgroup.com/images/500x500sq/std.lang.all/57/64/asset-3245764.jpg",
    "content": "500g",
    "walkRouteSequenceNumber": 1800,
    "price": {
      "basicPrice": 4.95,
      "recommendedQuantity": "1.0",
      "measurementUnitPrice": 9.9,
      "measurementUnit": "K",
      "isRedPrice": false,
      "pricePerUOM": 9.9,
      "activationDate": "20-03-2024",
      "recordSource": "Folder",
      "isPromoActive": "N",
      "priceChangeCode": "L"
    },
    "isAvailable": true,
    "isPriceAvailable": true,
    "inPromo": false,
    "gtin": [
      "05400141444292",
      "15400141444299",
      "15400141218524",
      "15400141307815",
      "05400141138726",
      "05400141307818"
    ],
    "topCategoryName": "Koeken/Chocolade/Snoep",
    "topCategoryId": "335",
    "businessDomain": "RETAIL_BE",
    "IsPrivateLabel": true,
    "IsBiffe": false,
    "WeightconversionFactor": "0",
    "IsWeightArticle": false,
    "nutriscoreLabel": "E",
    "IsBio": false,
    "CountryOfOrigin": "BELGIË",
    "IsExclusivelySoldInLuxembourg": false,
    "OrderUnit": "P",
    "ShortName": "BONI BOTERWAFELS 500G",
    "IsNew": false,
    "EcoscoreLabel": "B",
    "RecentQuanityOfStockUnits": "1,8",
    "LongName": "BONI boterwafels 500g",
    "AlcoholVolume": "0",
    "FicCode": "I",
    "EcoscoreValue": "73"
  },
  {
    "productId": "286240",
    "technicalArticleNumber": "3694606",
    "commercialArticleNumber": "51103",
    "name": "chocolade paashaas",
    "description": "*Belgische\nchocolade\n*Rainforest Alliance\ngecertificeerd",
    "brand": "BONI",
    "seoBrand": "Boni Selection",
    "thumbNail": "https://static.colruytgroup.com/images/200x200/std.lang.all/52/03/asset-2755203.jpg",
    "fullImage": "https://static.colruytgroup.com/images/500x500/std.lang.all/52/03/asset-2755203.jpg",
    "squareImage": "https://static.colruytgroup.com/images/500x500sq/std.lang.all/52/03/asset-2755203.jpg",
    "content": "150g",
    "walkRouteSequenceNumber": 1648,
    "price": {
      "basicPrice": 1.99,
      "recommendedQuantity": "1.0",
      "measurementUnitPrice": 13.27,
      "measurementUnit": "K",
      "isRedPrice": false,
      "pricePerUOM": 13.27,
      "activationDate": "20-03-2024",
      "recordSource": "Offline",
      "isPromoActive": "N",
      "priceChangeCode": "H"
    },
    "isAvailable": true,
    "isPriceAvailable": true,
    "inPromo": false,
    "gtin": [
      "05400141602685",
      "15400141602682",
      "25400141602689",
      "15400141358244",
      "05400141358247",
      "05400141058178"
    ],
    "topCategoryName": "Koeken/Chocolade/Snoep",
    "topCategoryId": "335",
    "businessDomain": "RETAIL_BE",
    "IsPrivateLabel": true,
    "IsBiffe": false,
    "WeightconversionFactor": "0",
    "IsWeightArticle": false,
    "nutriscoreLabel": "E",
    "IsBio": false,
    "CountryOfOrigin": "BELGIË",
    "IsExclusivelySoldInLuxembourg": false,
    "OrderUnit": "P",
    "ShortName": "BONI FIGUUR HAAS 150G",
    "InSeason": true,
    "IsNew": false,
    "EcoscoreLabel": "C",
    "RecentQuanityOfStockUnits": "1,21",
    "LongName": "BONI chocolade paashaas 150g",
    "AlcoholVolume": "0",
    "StartSeasonDate": "25/10/2023",
    "FicCode": "I",
    "EcoscoreValue": "41"
  },
  {
    "productId": "866324",
    "technicalArticleNumber": "4718781",
    "commercialArticleNumber": "7283",
    "name": "Cookies Sensations",
    "brand": "MILKA",
    "seoBrand": "Milka",
    "thumbNail": "https://static.colruytgroup.com/images/200x200/std.lang.all/70/33/asset-3387033.jpg",
    "fullImage": "https://static.colruytgroup.com/images/500x500/std.lang.all/70/33/asset-3387033.jpg",
    "squareImage": "https://static.colruytgroup.com/images/500x500sq/std.lang.all/70/33/asset-3387033.jpg",
    "content": "208g",
    "walkRouteSequenceNumber": 2209,
    "price": {
      "basicPrice": 3.49,
      "recommendedQuantity": "1.0",
      "quantityPrice": 2.61,
      "quantityPriceQuantity": "2.0",
      "measurementUnitPrice": 16.78,
      "measurementUnitQuantityPrice": 12.55,
      "measurementUnit": "K",
      "isRedPrice": false,
      "pricePerUOM": 16.78,
      "activationDate": "23-03-2024",
      "recordSource": "Offline",
      "isPromoActive": "N",
      "priceChangeCode": "E",
      "quantityPricePerUOM": 12.55,
      "quantityActivationDate": "23-03-2024",
      "quantityPriceChangeCode": "E"
    },
    "isAvailable": true,
    "isPriceAvailable": true,
    "inPromo": false,
    "gtin": [
      "07622201751708",
      "07622201751692"
    ],
    "topCategoryName": "Koeken/Chocolade/Snoep",
    "topCategoryId": "335",
    "businessDomain": "RETAIL_BE",
    "IsPrivateLabel": false,
    "IsBiffe": false,
    "WeightconversionFactor": "0",
    "IsWeightArticle": false,
    "nutriscoreLabel": "E",
    "IsBio": false,
    "CountryOfOrigin": "POLEN",
    "IsExclusivelySoldInLuxembourg": false,
    "OrderUnit": "P",
    "ShortName": "MILKA COOKIE SENS.208GR",
    "IsNew": false,
    "RecentQuanityOfStockUnits": "10,1",
    "LongName": "MILKA Cookies Sensations 208g",
    "AlcoholVolume": "0",
    "FicCode": "E"
  },
  {
    "productId": "39998",
    "technicalArticleNumber": "1820356",
    "commercialArticleNumber": "20285",
    "name": "gummies mix",
    "brand": "BONI",
    "seoBrand": "Boni Selection",
    "thumbNail": "https://static.colruytgroup.com/images/200x200/std.lang.all/85/79/asset-2478579.jpg",
    "fullImage": "https://static.colruytgroup.com/images/500x500/std.lang.all/85/79/asset-2478579.jpg",
    "squareImage": "https://static.colruytgroup.com/images/500x500sq/std.lang.all/85/79/asset-2478579.jpg",
    "content": "600g",
    "walkRouteSequenceNumber": 1808,
    "price": {
      "basicPrice": 3.99,
      "recommendedQuantity": "1.0",
      "measurementUnitPrice": 6.65,
      "measurementUnit": "K",
      "isRedPrice": false,
      "pricePerUOM": 6.65,
      "activationDate": "23-03-2024",
      "recordSource": "Offline",
      "isPromoActive": "N",
      "priceChangeCode": "H"
    },
    "isAvailable": true,
    "isPriceAvailable": true,
    "inPromo": false,
    "gtin": [
      "15400141244370",
      "05400141370096",
      "15400141370093",
      "05400141138863",
      "05400141244373"
    ],
    "topCategoryName": "Koeken/Chocolade/Snoep",
    "topCategoryId": "335",
    "businessDomain": "RETAIL_BE",
    "IsPrivateLabel": true,
    "IsBiffe": false,
    "WeightconversionFactor": "0",
    "IsWeightArticle": false,
    "nutriscoreLabel": "E",
    "IsBio": false,
    "CountryOfOrigin": "BELGIË",
    "IsExclusivelySoldInLuxembourg": false,
    "OrderUnit": "P",
    "ShortName": "BONI GUMMIES MIX 600",
    "IsNew": false,
    "EcoscoreLabel": "B",
    "RecentQuanityOfStockUnits": "1",
    "LongName": "BONI gummies mix 600g",
    "AlcoholVolume": "0",
    "FicCode": "I",
    "EcoscoreValue": "79"
  },
  {
    "productId": "27836",
    "technicalArticleNumber": "2242493",
    "commercialArticleNumber": "20069",
    "name": "verrassing",
    "brand": "KINDER JOY",
    "seoBrand": "Kinder Joy",
    "thumbNail": "https://static.colruytgroup.com/images/200x200/std.lang.all/79/28/asset-2847928.jpg",
    "fullImage": "https://static.colruytgroup.com/images/500x500/std.lang.all/79/28/asset-2847928.jpg",
    "squareImage": "https://static.colruytgroup.com/images/500x500sq/std.lang.all/79/28/asset-2847928.jpg",
    "content": "3x20g",
    "walkRouteSequenceNumber": 1291,
    "price": {
      "basicPrice": 3.19,
      "recommendedQuantity": "1.0",
      "measurementUnitPrice": 53.17,
      "measurementUnit": "K",
      "isRedPrice": false,
      "pricePerUOM": 53.17,
      "activationDate": "22-03-2024",
      "recordSource": "Offline",
      "isPromoActive": "N",
      "priceChangeCode": "H"
    },
    "isAvailable": true,
    "isPriceAvailable": true,
    "inPromo": false,
    "gtin": [
      "08000500134658",
      "08000500101308"
    ],
    "topCategoryName": "Koeken/Chocolade/Snoep",
    "topCategoryId": "335",
    "businessDomain": "RETAIL_BE",
    "IsPrivateLabel": false,
    "IsBiffe": false,
    "WeightconversionFactor": "0",
    "IsWeightArticle": false,
    "nutriscoreLabel": "E",
    "IsBio": false,
    "CountryOfOrigin": "POLEN",
    "IsExclusivelySoldInLuxembourg": false,
    "OrderUnit": "P",
    "ShortName": "KINDER JOY T3 60GR .",
    "InSeason": true,
    "IsNew": false,
    "RecentQuanityOfStockUnits": "1",
    "LongName": "KINDER JOY verrassing 3x20g",
    "AlcoholVolume": "0",
    "StartSeasonDate": "23/09/2019",
    "FicCode": "E"
  },
  {
    "productId": "55018",
    "technicalArticleNumber": "2291415",
    "commercialArticleNumber": "21168",
    "name": "ambachtelijke wafels",
    "brand": "EIGENBAK",
    "seoBrand": "Eigenbak",
    "thumbNail": "https://static.colruytgroup.com/images/200x200/std.lang.all/48/57/asset-344857.jpg",
    "fullImage": "https://static.colruytgroup.com/images/500x500/std.lang.all/48/57/asset-344857.jpg",
    "squareImage": "https://static.colruytgroup.com/images/500x500sq/std.lang.all/48/57/asset-344857.jpg",
    "content": "340g",
    "walkRouteSequenceNumber": 1797,
    "price": {
      "basicPrice": 2.04,
      "recommendedQuantity": "1.0",
      "measurementUnitPrice": 6,
      "measurementUnit": "K",
      "isRedPrice": false,
      "pricePerUOM": 6,
      "activationDate": "17-03-2023",
      "isPromoActive": "N",
      "priceChangeCode": "L"
    },
    "isAvailable": true,
    "isPriceAvailable": true,
    "inPromo": false,
    "gtin": [
      "15411113014822",
      "05411113014825"
    ],
    "topCategoryName": "Koeken/Chocolade/Snoep",
    "topCategoryId": "335",
    "businessDomain": "RETAIL_BE",
    "IsPrivateLabel": false,
    "IsBiffe": false,
    "WeightconversionFactor": "0",
    "IsWeightArticle": false,
    "nutriscoreLabel": "E",
    "IsBio": false,
    "CountryOfOrigin": "BELGIË",
    "IsExclusivelySoldInLuxembourg": false,
    "OrderUnit": "P",
    "ShortName": "RE EIGENBAK WAFELS 340G",
    "IsNew": false,
    "EcoscoreLabel": "A",
    "RecentQuanityOfStockUnits": "1,10",
    "LongName": "EIGENBAK ambachtelijke wafels 340g",
    "AlcoholVolume": "0",
    "FicCode": "E",
    "EcoscoreValue": "90"
  },
  {
    "productId": "51764",
    "technicalArticleNumber": "2215146",
    "commercialArticleNumber": "21428",
    "name": "chocoladereep",
    "brand": "KOETJESREEP",
    "seoBrand": "Koetjesreep",
    "thumbNail": "https://static.colruytgroup.com/images/200x200/std.lang.all/98/49/asset-339849.jpg",
    "fullImage": "https://static.colruytgroup.com/images/500x500/std.lang.all/98/49/asset-339849.jpg",
    "squareImage": "https://static.colruytgroup.com/images/500x500sq/std.lang.all/98/49/asset-339849.jpg",
    "content": "12x15g",
    "walkRouteSequenceNumber": 1286,
    "price": {
      "basicPrice": 1.49,
      "recommendedQuantity": "1.0",
      "measurementUnitPrice": 8.28,
      "measurementUnit": "K",
      "isRedPrice": false,
      "pricePerUOM": 8.28,
      "activationDate": "13-03-2024",
      "recordSource": "Offline",
      "isPromoActive": "N",
      "priceChangeCode": "E"
    },
    "isAvailable": true,
    "isPriceAvailable": true,
    "inPromo": false,
    "gtin": [
      "05413121105168",
      "05413121101160"
    ],
    "topCategoryName": "Koeken/Chocolade/Snoep",
    "topCategoryId": "335",
    "businessDomain": "RETAIL_BE",
    "IsPrivateLabel": false,
    "IsBiffe": false,
    "WeightconversionFactor": "0",
    "IsWeightArticle": false,
    "nutriscoreLabel": "E",
    "IsBio": false,
    "CountryOfOrigin": "BELGIË",
    "IsExclusivelySoldInLuxembourg": false,
    "OrderUnit": "P",
    "ShortName": "RE KOETJESREEP 12X15GR",
    "IsNew": false,
    "EcoscoreLabel": "E",
    "RecentQuanityOfStockUnits": "1,24",
    "LongName": "KOETJESREEP chocoladereep 12x15g",
    "AlcoholVolume": "0",
    "FicCode": "E",
    "EcoscoreValue": "18"
  },
  {
    "productId": "262584",
    "technicalArticleNumber": "3582789",
    "commercialArticleNumber": "51001",
    "name": "wit",
    "brand": "MILKA",
    "seoBrand": "Milka",
    "thumbNail": "https://static.colruytgroup.com/images/200x200/std.lang.all/65/26/asset-2366526.jpg",
    "fullImage": "https://static.colruytgroup.com/images/500x500/std.lang.all/65/26/asset-2366526.jpg",
    "squareImage": "https://static.colruytgroup.com/images/500x500sq/std.lang.all/65/26/asset-2366526.jpg",
    "content": "600g",
    "walkRouteSequenceNumber": 1600,
    "price": {
      "basicPrice": 11.75,
      "recommendedQuantity": "1.0",
      "measurementUnitPrice": 19.59,
      "measurementUnit": "K",
      "isRedPrice": false,
      "pricePerUOM": 19.59,
      "activationDate": "19-03-2024",
      "recordSource": "Online",
      "isPromoActive": "N",
      "priceChangeCode": "E"
    },
    "isAvailable": true,
    "isPriceAvailable": true,
    "inPromo": true,
    "promotion": [
      {
        "techPromoId": "100832COLR",
        "promotionId": "100832",
        "promotionType": "4",
        "isPersonalized": "N",
        "publicationStartDate": "13-03-2024",
        "publicationEndDate": "26-03-2024"
      }
    ],
    "gtin": [
      "07622210655806",
      "07622210655813"
    ],
    "topCategoryName": "Koeken/Chocolade/Snoep",
    "topCategoryId": "335",
    "businessDomain": "RETAIL_BE",
    "IsPrivateLabel": false,
    "IsBiffe": false,
    "WeightconversionFactor": "0",
    "IsWeightArticle": false,
    "nutriscoreLabel": "E",
    "IsBio": false,
    "CountryOfOrigin": "BELGIË",
    "IsExclusivelySoldInLuxembourg": false,
    "OrderUnit": "P",
    "ShortName": "MILKA EI WIT 600G",
    "InSeason": true,
    "IsNew": false,
    "RecentQuanityOfStockUnits": "1",
    "LongName": "MILKA wit 600g",
    "AlcoholVolume": "0",
    "StartSeasonDate": "25/10/2023",
    "FicCode": "E"
  },
  {
    "productId": "700593",
    "technicalArticleNumber": "4433083",
    "commercialArticleNumber": "15392",
    "name": "rosette chocolade",
    "brand": "ALISA'S COOKIES",
    "seoBrand": "Alisa's cookies",
    "thumbNail": "https://static.colruytgroup.com/images/200x200/std.lang.all/70/67/asset-2787067.jpg",
    "fullImage": "https://static.colruytgroup.com/images/500x500/std.lang.all/70/67/asset-2787067.jpg",
    "squareImage": "https://static.colruytgroup.com/images/500x500sq/std.lang.all/70/67/asset-2787067.jpg",
    "content": "200g",
    "walkRouteSequenceNumber": 2044,
    "price": {
      "basicPrice": 2.99,
      "recommendedQuantity": "1.0",
      "measurementUnitPrice": 14.95,
      "measurementUnit": "K",
      "isRedPrice": false,
      "pricePerUOM": 14.95,
      "activationDate": "13-03-2024",
      "isPromoActive": "Y",
      "priceChangeCode": "E"
    },
    "isAvailable": true,
    "isPriceAvailable": true,
    "inPromo": true,
    "promotion": [
      {
        "techPromoId": "100928COLR",
        "promotionId": "100928",
        "promotionType": "3",
        "isPersonalized": "N",
        "publicationStartDate": "13-03-2024",
        "publicationEndDate": "26-03-2024"
      }
    ],
    "gtin": [
      "05407008810023",
      "15407008810020"
    ],
    "topCategoryName": "Koeken/Chocolade/Snoep",
    "topCategoryId": "335",
    "businessDomain": "RETAIL_BE",
    "IsPrivateLabel": false,
    "IsBiffe": false,
    "WeightconversionFactor": "0",
    "IsWeightArticle": false,
    "nutriscoreLabel": "E",
    "IsBio": false,
    "CountryOfOrigin": "BELGIË",
    "IsExclusivelySoldInLuxembourg": false,
    "OrderUnit": "P",
    "ShortName": "ALCO ROSET.CHOCOL.200G",
    "IsNew": false,
    "EcoscoreLabel": "D",
    "RecentQuanityOfStockUnits": "1",
    "LongName": "ALISA'S COOKIES rosette chocolade 200g",
    "FicCode": "E",
    "EcoscoreValue": "32"
  },
  {
    "productId": "332987",
    "technicalArticleNumber": "3817155",
    "commercialArticleNumber": "15680",
    "name": "petit moelleux nature",
    "brand": "LU",
    "seoBrand": "LU",
    "thumbNail": "https://static.colruytgroup.com/images/200x200/std.lang.all/14/42/asset-3131442.jpg",
    "fullImage": "https://static.colruytgroup.com/images/500x500/std.lang.all/14/42/asset-3131442.jpg",
    "squareImage": "https://static.colruytgroup.com/images/500x500sq/std.lang.all/14/42/asset-3131442.jpg",
    "content": "140g",
    "walkRouteSequenceNumber": 2122,
    "price": {
      "basicPrice": 2.49,
      "recommendedQuantity": "2.0",
      "quantityPrice": 1.92,
      "quantityPriceQuantity": "3.0",
      "measurementUnitPrice": 17.79,
      "measurementUnitQuantityPrice": 13.72,
      "measurementUnit": "K",
      "isRedPrice": false,
      "pricePerUOM": 17.79,
      "activationDate": "14-03-2024",
      "recordSource": "Offline",
      "isPromoActive": "N",
      "priceChangeCode": "H",
      "quantityPricePerUOM": 13.72,
      "quantityActivationDate": "14-03-2024",
      "quantityPriceChangeCode": "H"
    },
    "isAvailable": true,
    "isPriceAvailable": true,
    "inPromo": false,
    "gtin": [
      "07622201513771",
      "07622201513788",
      "07622210774101",
      "55400141420598",
      "07622210774071"
    ],
    "topCategoryName": "Koeken/Chocolade/Snoep",
    "topCategoryId": "335",
    "businessDomain": "RETAIL_BE",
    "IsPrivateLabel": false,
    "IsBiffe": false,
    "WeightconversionFactor": "0",
    "IsWeightArticle": false,
    "nutriscoreLabel": "E",
    "IsBio": false,
    "CountryOfOrigin": "POLEN",
    "IsExclusivelySoldInLuxembourg": false,
    "OrderUnit": "P",
    "ShortName": "LU PETIT MOELL.NATUR140",
    "IsNew": false,
    "RecentQuanityOfStockUnits": "2,7,1",
    "LongName": "LU petit moelleux nature 140g",
    "AlcoholVolume": "0",
    "FicCode": "E"
  },
  {
    "productId": "30137",
    "technicalArticleNumber": "1660533",
    "commercialArticleNumber": "19529",
    "name": "alpenmelk",
    "brand": "MILKA",
    "seoBrand": "Milka",
    "thumbNail": "https://static.colruytgroup.com/images/200x200/std.lang.all/68/07/asset-2956807.jpg",
    "fullImage": "https://static.colruytgroup.com/images/500x500/std.lang.all/68/07/asset-2956807.jpg",
    "squareImage": "https://static.colruytgroup.com/images/500x500sq/std.lang.all/68/07/asset-2956807.jpg",
    "content": "100g",
    "walkRouteSequenceNumber": 1374,
    "price": {
      "basicPrice": 1.11,
      "recommendedQuantity": "2.0",
      "measurementUnitPrice": 11.1,
      "measurementUnit": "K",
      "isRedPrice": false,
      "pricePerUOM": 11.1,
      "activationDate": "23-03-2024",
      "recordSource": "Folder",
      "isPromoActive": "N",
      "priceChangeCode": "E"
    },
    "isAvailable": true,
    "isPriceAvailable": true,
    "inPromo": false,
    "gtin": [
      "07622210368997",
      "07622210656599",
      "35400141277518",
      "03045140105502",
      "07622210656605",
      "07622210726827"
    ],
    "topCategoryName": "Koeken/Chocolade/Snoep",
    "topCategoryId": "335",
    "businessDomain": "RETAIL_BE",
    "IsPrivateLabel": false,
    "IsBiffe": false,
    "WeightconversionFactor": "0",
    "IsWeightArticle": false,
    "nutriscoreLabel": "E",
    "IsBio": false,
    "CountryOfOrigin": "DUITSLAND",
    "IsExclusivelySoldInLuxembourg": false,
    "OrderUnit": "P",
    "ShortName": "MILKA ALPENMELK 100GR",
    "IsNew": false,
    "RecentQuanityOfStockUnits": "1,2,24",
    "LongName": "MILKA alpenmelk 100g",
    "AlcoholVolume": "0",
    "FicCode": "E"
  },
  {
    "productId": "589799",
    "technicalArticleNumber": "4247774",
    "commercialArticleNumber": "1354",
    "name": "white",
    "brand": "KINDER BUENO",
    "seoBrand": "Kinder Bueno",
    "thumbNail": "https://static.colruytgroup.com/images/200x200/std.lang.all/23/28/asset-2062328.jpg",
    "fullImage": "https://static.colruytgroup.com/images/500x500/std.lang.all/23/28/asset-2062328.jpg",
    "squareImage": "https://static.colruytgroup.com/images/500x500sq/std.lang.all/23/28/asset-2062328.jpg",
    "content": "8x39g",
    "walkRouteSequenceNumber": 1524,
    "price": {
      "basicPrice": 5.84,
      "recommendedQuantity": "1.0",
      "measurementUnitPrice": 18.72,
      "measurementUnit": "K",
      "isRedPrice": false,
      "pricePerUOM": 18.72,
      "activationDate": "06-03-2024",
      "recordSource": "Offline",
      "isPromoActive": "N",
      "priceChangeCode": "L"
    },
    "isAvailable": true,
    "isPriceAvailable": true,
    "inPromo": false,
    "gtin": [
      "08000500290507",
      "08000500292099"
    ],
    "topCategoryName": "Koeken/Chocolade/Snoep",
    "topCategoryId": "335",
    "businessDomain": "RETAIL_BE",
    "IsPrivateLabel": false,
    "IsBiffe": false,
    "WeightconversionFactor": "0",
    "IsWeightArticle": false,
    "nutriscoreLabel": "E",
    "IsBio": false,
    "CountryOfOrigin": "POLEN",
    "IsExclusivelySoldInLuxembourg": false,
    "OrderUnit": "P",
    "ShortName": "KIND BUENO WHITE 8X39G",
    "InSeason": true,
    "IsNew": false,
    "RecentQuanityOfStockUnits": "1,16",
    "LongName": "KINDER BUENO white 8x39g",
    "StartSeasonDate": "12/03/2021",
    "FicCode": "E"
  },
  {
    "productId": "51499",
    "technicalArticleNumber": "2401746",
    "commercialArticleNumber": "26803",
    "name": "chocokoeken vanille",
    "description": "*Individueel verpakt",
    "brand": "BONI",
    "seoBrand": "Boni Selection",
    "thumbNail": "https://static.colruytgroup.com/images/200x200/std.lang.all/69/85/asset-3166985.jpg",
    "fullImage": "https://static.colruytgroup.com/images/500x500/std.lang.all/69/85/asset-3166985.jpg",
    "squareImage": "https://static.colruytgroup.com/images/500x500sq/std.lang.all/69/85/asset-3166985.jpg",
    "content": "9x25g",
    "walkRouteSequenceNumber": 2278,
    "price": {
      "basicPrice": 1.49,
      "recommendedQuantity": "2.0",
      "measurementUnitPrice": 6.63,
      "measurementUnit": "K",
      "isRedPrice": false,
      "pricePerUOM": 6.63,
      "activationDate": "09-03-2024",
      "recordSource": "Offline",
      "isPromoActive": "N",
      "priceChangeCode": "L"
    },
    "isAvailable": true,
    "isPriceAvailable": true,
    "inPromo": false,
    "gtin": [
      "15400141430612",
      "05400141430615",
      "15400141750765",
      "05400141041736",
      "05400141138658",
      "05400141138665",
      "05400141268034",
      "05400141286151",
      "05400141382006",
      "15400141286158",
      "05400141052787",
      "05400141054880",
      "05400141750768"
    ],
    "topCategoryName": "Koeken/Chocolade/Snoep",
    "topCategoryId": "335",
    "businessDomain": "RETAIL_BE",
    "IsPrivateLabel": true,
    "IsBiffe": false,
    "WeightconversionFactor": "0",
    "IsWeightArticle": false,
    "nutriscoreLabel": "E",
    "IsBio": false,
    "CountryOfOrigin": "NEDERLAND",
    "IsExclusivelySoldInLuxembourg": false,
    "OrderUnit": "P",
    "ShortName": "BONI CHO.KOEK VAN9X25",
    "IsNew": false,
    "EcoscoreLabel": "C",
    "RecentQuanityOfStockUnits": "1,24,2",
    "LongName": "BONI chocokoeken vanille 9x25g",
    "AlcoholVolume": "0",
    "FicCode": "I",
    "EcoscoreValue": "42"
  },
  {
    "productId": "740262",
    "technicalArticleNumber": "4504479",
    "commercialArticleNumber": "26454",
    "name": "Cafe noir",
    "brand": "VAN DELFT",
    "seoBrand": "Van Delft",
    "thumbNail": "https://static.colruytgroup.com/images/200x200/std.lang.all/88/83/asset-2528883.jpg",
    "fullImage": "https://static.colruytgroup.com/images/500x500/std.lang.all/88/83/asset-2528883.jpg",
    "squareImage": "https://static.colruytgroup.com/images/500x500sq/std.lang.all/88/83/asset-2528883.jpg",
    "content": "200g",
    "walkRouteSequenceNumber": 2338,
    "price": {
      "basicPrice": 2.61,
      "recommendedQuantity": "1.0",
      "measurementUnitPrice": 13.05,
      "measurementUnit": "K",
      "isRedPrice": false,
      "pricePerUOM": 13.05,
      "activationDate": "11-03-2024",
      "recordSource": "Offline",
      "isPromoActive": "N",
      "priceChangeCode": "H"
    },
    "isAvailable": true,
    "isPriceAvailable": true,
    "inPromo": false,
    "gtin": [
      "08711513756163",
      "08711513754404",
      "08711513254409"
    ],
    "topCategoryName": "Koeken/Chocolade/Snoep",
    "topCategoryId": "335",
    "businessDomain": "RETAIL_BE",
    "IsPrivateLabel": false,
    "IsBiffe": false,
    "WeightconversionFactor": "0",
    "IsWeightArticle": false,
    "nutriscoreLabel": "E",
    "IsBio": false,
    "CountryOfOrigin": "NEDERLAND",
    "IsExclusivelySoldInLuxembourg": false,
    "OrderUnit": "P",
    "ShortName": "DELF CAFE NOIR 200G",
    "IsNew": false,
    "RecentQuanityOfStockUnits": "1,14",
    "LongName": "VAN DELFT Cafe noir 200g",
    "FicCode": "E"
  },
  {
    "productId": "462107",
    "technicalArticleNumber": "3952223",
    "commercialArticleNumber": "1900",
    "name": "Zero pure chocolade",
    "brand": "CÔTE D'OR",
    "seoBrand": "Côte d'Or Zero",
    "thumbNail": "https://static.colruytgroup.com/images/200x200/std.lang.all/59/02/asset-1545902.jpg",
    "fullImage": "https://static.colruytgroup.com/images/500x500/std.lang.all/59/02/asset-1545902.jpg",
    "squareImage": "https://static.colruytgroup.com/images/500x500sq/std.lang.all/59/02/asset-1545902.jpg",
    "content": "4x50g",
    "walkRouteSequenceNumber": 1432,
    "price": {
      "basicPrice": 2.87,
      "recommendedQuantity": "2.0",
      "measurementUnitPrice": 14.35,
      "measurementUnit": "K",
      "isRedPrice": false,
      "pricePerUOM": 14.35,
      "activationDate": "14-03-2024",
      "recordSource": "Folder",
      "isPromoActive": "N",
      "priceChangeCode": "L"
    },
    "isAvailable": true,
    "isPriceAvailable": true,
    "inPromo": false,
    "gtin": [
      "05400141109481",
      "07622210727909",
      "07622210926944",
      "07622210926951"
    ],
    "topCategoryName": "Koeken/Chocolade/Snoep",
    "topCategoryId": "335",
    "businessDomain": "RETAIL_BE",
    "IsPrivateLabel": false,
    "IsBiffe": false,
    "WeightconversionFactor": "0",
    "IsWeightArticle": false,
    "nutriscoreLabel": "E",
    "IsBio": false,
    "CountryOfOrigin": "BELGIË",
    "IsExclusivelySoldInLuxembourg": false,
    "OrderUnit": "P",
    "ShortName": "CD ZERO PUUR 4X50G",
    "InSeason": true,
    "IsNew": false,
    "RecentQuanityOfStockUnits": "1,2,22",
    "LongName": "CÔTE D'OR Zero pure chocolade 4x50g",
    "StartSeasonDate": "01/08/2022",
    "FicCode": "E"
  },
  {
    "productId": "356921",
    "technicalArticleNumber": "3874424",
    "commercialArticleNumber": "18057",
    "name": "fruit mix",
    "brand": "NAPOLEON",
    "seoBrand": "Napoleon",
    "thumbNail": "https://static.colruytgroup.com/images/200x200/std.lang.all/42/73/asset-1514273.jpg",
    "fullImage": "https://static.colruytgroup.com/images/500x500/std.lang.all/42/73/asset-1514273.jpg",
    "squareImage": "https://static.colruytgroup.com/images/500x500sq/std.lang.all/42/73/asset-1514273.jpg",
    "content": "340g",
    "walkRouteSequenceNumber": 2000,
    "price": {
      "basicPrice": 2.1,
      "recommendedQuantity": "1.0",
      "measurementUnitPrice": 6.18,
      "measurementUnit": "K",
      "isRedPrice": false,
      "pricePerUOM": 6.18,
      "activationDate": "02-02-2024",
      "recordSource": "Offline",
      "isPromoActive": "N",
      "priceChangeCode": "E"
    },
    "isAvailable": true,
    "isPriceAvailable": true,
    "inPromo": false,
    "gtin": [
      "08717399041737",
      "08717399041744"
    ],
    "topCategoryName": "Koeken/Chocolade/Snoep",
    "topCategoryId": "335",
    "businessDomain": "RETAIL_BE",
    "IsPrivateLabel": false,
    "IsBiffe": false,
    "WeightconversionFactor": "0",
    "IsWeightArticle": false,
    "nutriscoreLabel": "E",
    "IsBio": false,
    "CountryOfOrigin": "NEDERLAND",
    "IsExclusivelySoldInLuxembourg": false,
    "OrderUnit": "P",
    "ShortName": "NAPO FRUITMIX 340G",
    "IsNew": false,
    "EcoscoreLabel": "B",
    "RecentQuanityOfStockUnits": "1,12",
    "LongName": "NAPOLEON fruit mix 340g",
    "AlcoholVolume": "0",
    "FicCode": "E",
    "EcoscoreValue": "66"
  },
  {
    "productId": "533636",
    "technicalArticleNumber": "4126717",
    "commercialArticleNumber": "9350",
    "name": "fruit",
    "brand": "MENTOS",
    "seoBrand": "Mentos",
    "thumbNail": "https://static.colruytgroup.com/images/200x200/std.lang.all/33/84/asset-2203384.jpg",
    "fullImage": "https://static.colruytgroup.com/images/500x500/std.lang.all/33/84/asset-2203384.jpg",
    "squareImage": "https://static.colruytgroup.com/images/500x500sq/std.lang.all/33/84/asset-2203384.jpg",
    "content": "4x37,5g",
    "walkRouteSequenceNumber": 1961,
    "price": {
      "basicPrice": 1.35,
      "recommendedQuantity": "1.0",
      "measurementUnitPrice": 9,
      "measurementUnit": "K",
      "isRedPrice": false,
      "pricePerUOM": 9,
      "activationDate": "12-03-2024",
      "recordSource": "Offline",
      "isPromoActive": "N",
      "priceChangeCode": "H"
    },
    "isAvailable": true,
    "isPriceAvailable": true,
    "inPromo": false,
    "gtin": [
      "08713600920655",
      "08723400785576",
      "08713600020652",
      "08723400785569"
    ],
    "topCategoryName": "Koeken/Chocolade/Snoep",
    "topCategoryId": "335",
    "businessDomain": "RETAIL_BE",
    "IsPrivateLabel": false,
    "IsBiffe": false,
    "WeightconversionFactor": "0",
    "IsWeightArticle": false,
    "IsBio": false,
    "CountryOfOrigin": "NEDERLAND",
    "IsExclusivelySoldInLuxembourg": false,
    "OrderUnit": "P",
    "ShortName": "MENT FRUIT 4X37.5G",
    "IsNew": false,
    "EcoscoreLabel": "C",
    "RecentQuanityOfStockUnits": "28,1",
    "LongName": "MENTOS fruit 4x37,5g",
    "AlcoholVolume": "0",
    "FicCode": "E",
    "EcoscoreValue": "42"
  },
  {
    "productId": "261977",
    "technicalArticleNumber": "3582767",
    "commercialArticleNumber": "50992",
    "name": "Crusty praline",
    "brand": "MILKA",
    "seoBrand": "Milka",
    "thumbNail": "https://static.colruytgroup.com/images/200x200/std.lang.all/65/22/asset-2366522.jpg",
    "fullImage": "https://static.colruytgroup.com/images/500x500/std.lang.all/65/22/asset-2366522.jpg",
    "squareImage": "https://static.colruytgroup.com/images/500x500sq/std.lang.all/65/22/asset-2366522.jpg",
    "content": "600g",
    "walkRouteSequenceNumber": 1599,
    "price": {
      "basicPrice": 9.24,
      "recommendedQuantity": "1.0",
      "measurementUnitPrice": 15.4,
      "measurementUnit": "K",
      "isRedPrice": false,
      "pricePerUOM": 15.4,
      "activationDate": "19-03-2024",
      "recordSource": "Folder",
      "isPromoActive": "N",
      "priceChangeCode": "L"
    },
    "isAvailable": true,
    "isPriceAvailable": true,
    "inPromo": true,
    "promotion": [
      {
        "techPromoId": "100832COLR",
        "promotionId": "100832",
        "promotionType": "4",
        "isPersonalized": "N",
        "publicationStartDate": "13-03-2024",
        "publicationEndDate": "26-03-2024"
      }
    ],
    "gtin": [
      "07622210655844",
      "07622210655851"
    ],
    "topCategoryName": "Koeken/Chocolade/Snoep",
    "topCategoryId": "335",
    "businessDomain": "RETAIL_BE",
    "IsPrivateLabel": false,
    "IsBiffe": false,
    "WeightconversionFactor": "0",
    "IsWeightArticle": false,
    "nutriscoreLabel": "E",
    "IsBio": false,
    "CountryOfOrigin": "BELGIË",
    "IsExclusivelySoldInLuxembourg": false,
    "OrderUnit": "P",
    "ShortName": "MILKA EI CR.PRALINE 600",
    "InSeason": true,
    "IsNew": false,
    "RecentQuanityOfStockUnits": "1",
    "LongName": "MILKA Crusty praline 600g",
    "AlcoholVolume": "0",
    "StartSeasonDate": "25/10/2023",
    "FicCode": "E"
  },
  {
    "productId": "318830",
    "technicalArticleNumber": "3772754",
    "commercialArticleNumber": "12521",
    "name": "dinosaurus mini melkchoc.",
    "description": "*Individueel verpakt",
    "brand": "LOTUS",
    "seoBrand": "Lotus Dinosaurus",
    "thumbNail": "https://static.colruytgroup.com/images/200x200/std.lang.all/96/54/asset-1359654.jpg",
    "fullImage": "https://static.colruytgroup.com/images/500x500/std.lang.all/96/54/asset-1359654.jpg",
    "squareImage": "https://static.colruytgroup.com/images/500x500sq/std.lang.all/96/54/asset-1359654.jpg",
    "content": "6x25g",
    "walkRouteSequenceNumber": 2225,
    "price": {
      "basicPrice": 2.09,
      "recommendedQuantity": "1.0",
      "measurementUnitPrice": 13.94,
      "measurementUnit": "K",
      "isRedPrice": false,
      "pricePerUOM": 13.94,
      "activationDate": "23-03-2024",
      "recordSource": "Offline",
      "isPromoActive": "N",
      "priceChangeCode": "H"
    },
    "isAvailable": true,
    "isPriceAvailable": true,
    "inPromo": false,
    "gtin": [
      "05410126104103",
      "15410126104100"
    ],
    "topCategoryName": "Koeken/Chocolade/Snoep",
    "topCategoryId": "335",
    "businessDomain": "RETAIL_BE",
    "IsPrivateLabel": false,
    "IsBiffe": false,
    "WeightconversionFactor": "0",
    "IsWeightArticle": false,
    "nutriscoreLabel": "E",
    "IsBio": false,
    "CountryOfOrigin": "BELGIË",
    "IsExclusivelySoldInLuxembourg": false,
    "OrderUnit": "P",
    "ShortName": "LOTU DINO MINI CHOC6X25",
    "IsNew": false,
    "RecentQuanityOfStockUnits": "1",
    "LongName": "LOTUS dinosaurus mini melkchoc. 6x25g",
    "AlcoholVolume": "0",
    "FicCode": "E"
  },
  {
    "productId": "103883",
    "technicalArticleNumber": "3089634",
    "commercialArticleNumber": "41896",
    "name": "koeken White Choc",
    "description": "*Individueel verpakt",
    "brand": "OREO",
    "seoBrand": "Oreo",
    "thumbNail": "https://static.colruytgroup.com/images/200x200/std.lang.all/19/23/asset-681923.jpg",
    "fullImage": "https://static.colruytgroup.com/images/500x500/std.lang.all/19/23/asset-681923.jpg",
    "squareImage": "https://static.colruytgroup.com/images/500x500sq/std.lang.all/19/23/asset-681923.jpg",
    "content": "6x41g",
    "walkRouteSequenceNumber": 2220,
    "price": {
      "basicPrice": 2.89,
      "recommendedQuantity": "2.0",
      "measurementUnitPrice": 11.75,
      "measurementUnit": "K",
      "isRedPrice": false,
      "pricePerUOM": 11.75,
      "activationDate": "06-03-2024",
      "recordSource": "Offline",
      "isPromoActive": "N",
      "priceChangeCode": "E"
    },
    "isAvailable": true,
    "isPriceAvailable": true,
    "inPromo": false,
    "gtin": [
      "07622300491161",
      "05400141391558",
      "07622300489397",
      "07622300489427"
    ],
    "topCategoryName": "Koeken/Chocolade/Snoep",
    "topCategoryId": "335",
    "businessDomain": "RETAIL_BE",
    "IsPrivateLabel": false,
    "IsBiffe": false,
    "WeightconversionFactor": "0",
    "IsWeightArticle": false,
    "nutriscoreLabel": "E",
    "IsBio": false,
    "CountryOfOrigin": "ZWITSERLAND",
    "IsExclusivelySoldInLuxembourg": false,
    "OrderUnit": "P",
    "ShortName": "OREO COVERED WHITE 246G",
    "IsNew": false,
    "RecentQuanityOfStockUnits": "2,1,10",
    "LongName": "OREO koeken White Choc 6x41g",
    "AlcoholVolume": "0",
    "FicCode": "E"
  },
  {
    "productId": "143698",
    "technicalArticleNumber": "3298979",
    "commercialArticleNumber": "9143",
    "name": "Choc & Choc",
    "brand": "MILKA",
    "seoBrand": "Milka",
    "thumbNail": "https://static.colruytgroup.com/images/200x200/std.lang.all/25/67/asset-1052567.jpg",
    "fullImage": "https://static.colruytgroup.com/images/500x500/std.lang.all/25/67/asset-1052567.jpg",
    "squareImage": "https://static.colruytgroup.com/images/500x500sq/std.lang.all/25/67/asset-1052567.jpg",
    "content": "7x25g",
    "walkRouteSequenceNumber": 2113,
    "price": {
      "basicPrice": 1.86,
      "recommendedQuantity": "2.0",
      "measurementUnitPrice": 10.63,
      "measurementUnit": "K",
      "isRedPrice": false,
      "pricePerUOM": 10.63,
      "activationDate": "23-03-2024",
      "recordSource": "Folder",
      "isPromoActive": "N",
      "priceChangeCode": "E"
    },
    "isAvailable": true,
    "isPriceAvailable": true,
    "inPromo": false,
    "gtin": [
      "07622210396341",
      "07622210396334",
      "05400141380804"
    ],
    "topCategoryName": "Koeken/Chocolade/Snoep",
    "topCategoryId": "335",
    "businessDomain": "RETAIL_BE",
    "IsPrivateLabel": false,
    "IsBiffe": false,
    "WeightconversionFactor": "0",
    "IsWeightArticle": false,
    "nutriscoreLabel": "E",
    "IsBio": false,
    "CountryOfOrigin": "POLEN",
    "IsExclusivelySoldInLuxembourg": false,
    "OrderUnit": "P",
    "ShortName": "MILKA CHOC CHOC 175G",
    "IsNew": false,
    "RecentQuanityOfStockUnits": "2,12,1",
    "LongName": "MILKA Choc & Choc 7x25g",
    "AlcoholVolume": "0",
    "FicCode": "E"
  },
  {
    "productId": "12038",
    "technicalArticleNumber": "1393742",
    "commercialArticleNumber": "21909",
    "name": "Original",
    "brand": "LEIBNIZ ZOO",
    "seoBrand": "Leibniz Zoo",
    "thumbNail": "https://static.colruytgroup.com/images/200x200/std.lang.all/29/20/asset-2792920.jpg",
    "fullImage": "https://static.colruytgroup.com/images/500x500/std.lang.all/29/20/asset-2792920.jpg",
    "squareImage": "https://static.colruytgroup.com/images/500x500sq/std.lang.all/29/20/asset-2792920.jpg",
    "content": "125g",
    "walkRouteSequenceNumber": 2292,
    "price": {
      "basicPrice": 1.99,
      "recommendedQuantity": "1.0",
      "measurementUnitPrice": 15.92,
      "measurementUnit": "K",
      "isRedPrice": false,
      "pricePerUOM": 15.92,
      "activationDate": "28-02-2024",
      "recordSource": "Offline",
      "isPromoActive": "N",
      "priceChangeCode": "E"
    },
    "isAvailable": true,
    "isPriceAvailable": true,
    "inPromo": false,
    "gtin": [
      "04017100013324",
      "04017100133213",
      "04017100012518",
      "04017100125119"
    ],
    "topCategoryName": "Koeken/Chocolade/Snoep",
    "topCategoryId": "335",
    "businessDomain": "RETAIL_BE",
    "IsPrivateLabel": false,
    "IsBiffe": false,
    "WeightconversionFactor": "0",
    "IsWeightArticle": false,
    "nutriscoreLabel": "E",
    "IsBio": false,
    "CountryOfOrigin": "BELGIË",
    "IsExclusivelySoldInLuxembourg": false,
    "OrderUnit": "P",
    "ShortName": "LEIB ZOO KOEK 125 G",
    "IsNew": false,
    "EcoscoreLabel": "C",
    "RecentQuanityOfStockUnits": "1",
    "LongName": "LEIBNIZ ZOO Original 125g",
    "AlcoholVolume": "0",
    "FicCode": "E",
    "EcoscoreValue": "49"
  },
  {
    "productId": "806074",
    "technicalArticleNumber": "4626165",
    "commercialArticleNumber": "5622",
    "name": "wafers cacao",
    "brand": "BALCONI",
    "seoBrand": "Balconi",
    "thumbNail": "https://static.colruytgroup.com/images/200x200/std.lang.all/23/14/asset-2842314.jpg",
    "fullImage": "https://static.colruytgroup.com/images/500x500/std.lang.all/23/14/asset-2842314.jpg",
    "squareImage": "https://static.colruytgroup.com/images/500x500sq/std.lang.all/23/14/asset-2842314.jpg",
    "content": "175g",
    "walkRouteSequenceNumber": 2056,
    "price": {
      "basicPrice": 1.16,
      "recommendedQuantity": "1.0",
      "measurementUnitPrice": 6.63,
      "measurementUnit": "K",
      "isRedPrice": false,
      "pricePerUOM": 6.63,
      "activationDate": "14-11-2023",
      "isPromoActive": "N",
      "priceChangeCode": "E"
    },
    "isAvailable": true,
    "isPriceAvailable": true,
    "inPromo": false,
    "gtin": [
      "08001585008070",
      "08001585052004"
    ],
    "topCategoryName": "Koeken/Chocolade/Snoep",
    "topCategoryId": "335",
    "businessDomain": "RETAIL_BE",
    "IsPrivateLabel": false,
    "IsBiffe": false,
    "WeightconversionFactor": "0",
    "IsWeightArticle": false,
    "IsBio": false,
    "CountryOfOrigin": "ITALIË",
    "IsExclusivelySoldInLuxembourg": false,
    "OrderUnit": "P",
    "ShortName": "BALC WAFERS CACAO175",
    "IsNew": false,
    "RecentQuanityOfStockUnits": "1",
    "LongName": "BALCONI wafers cacao 175g",
    "FicCode": "E"
  },
  {
    "productId": "826151",
    "technicalArticleNumber": "4663275",
    "commercialArticleNumber": "29958",
    "name": "matinettes puur 60%",
    "description": "*Met 60% cacao\n*Belgische chocolade",
    "brand": "JACQUES",
    "seoBrand": "Jacques",
    "thumbNail": "https://static.colruytgroup.com/images/200x200/std.lang.all/24/61/asset-2942461.jpg",
    "fullImage": "https://static.colruytgroup.com/images/500x500/std.lang.all/24/61/asset-2942461.jpg",
    "squareImage": "https://static.colruytgroup.com/images/500x500sq/std.lang.all/24/61/asset-2942461.jpg",
    "content": "224g",
    "walkRouteSequenceNumber": 17890,
    "price": {
      "basicPrice": 4,
      "recommendedQuantity": "1.0",
      "measurementUnitPrice": 17.86,
      "measurementUnit": "K",
      "isRedPrice": false,
      "pricePerUOM": 17.86,
      "activationDate": "19-03-2024",
      "recordSource": "Offline",
      "isPromoActive": "N",
      "priceChangeCode": "H"
    },
    "isAvailable": true,
    "isPriceAvailable": true,
    "inPromo": false,
    "gtin": [
      "05410059759920",
      "05410059465159"
    ],
    "topCategoryName": "Koeken/Chocolade/Snoep",
    "topCategoryId": "335",
    "businessDomain": "RETAIL_BE",
    "IsPrivateLabel": false,
    "IsBiffe": false,
    "WeightconversionFactor": "0",
    "IsWeightArticle": false,
    "nutriscoreLabel": "E",
    "IsBio": false,
    "CountryOfOrigin": "DUITSLAND",
    "IsExclusivelySoldInLuxembourg": false,
    "OrderUnit": "P",
    "ShortName": "JACQ MATINETTES PUUR224",
    "IsNew": false,
    "EcoscoreLabel": "D",
    "RecentQuanityOfStockUnits": "1,8",
    "LongName": "JACQUES matinettes puur 60% 224g",
    "FicCode": "E",
    "EcoscoreValue": "25"
  },
  {
    "productId": "16658",
    "technicalArticleNumber": "1471137",
    "commercialArticleNumber": "20321",
    "name": "T4",
    "brand": "KINDER SURPRISE",
    "seoBrand": "Kinder Surprise",
    "thumbNail": "https://static.colruytgroup.com/images/200x200/std.lang.all/04/75/asset-1410475.jpg",
    "fullImage": "https://static.colruytgroup.com/images/500x500/std.lang.all/04/75/asset-1410475.jpg",
    "squareImage": "https://static.colruytgroup.com/images/500x500sq/std.lang.all/04/75/asset-1410475.jpg",
    "content": "80g",
    "walkRouteSequenceNumber": 1660,
    "price": {
      "basicPrice": 4.79,
      "recommendedQuantity": "1.0",
      "measurementUnitPrice": 59.88,
      "measurementUnit": "K",
      "isRedPrice": false,
      "pricePerUOM": 59.88,
      "activationDate": "15-03-2024",
      "recordSource": "Offline",
      "isPromoActive": "N",
      "priceChangeCode": "H"
    },
    "isAvailable": true,
    "isPriceAvailable": true,
    "inPromo": false,
    "gtin": [
      "08000500035603",
      "08000500035184"
    ],
    "topCategoryName": "Koeken/Chocolade/Snoep",
    "topCategoryId": "335",
    "businessDomain": "RETAIL_BE",
    "IsPrivateLabel": false,
    "IsBiffe": false,
    "WeightconversionFactor": "0",
    "IsWeightArticle": false,
    "nutriscoreLabel": "E",
    "IsBio": false,
    "CountryOfOrigin": "BELGIË",
    "IsExclusivelySoldInLuxembourg": false,
    "OrderUnit": "P",
    "ShortName": "KINDER SURPRISE T4",
    "InSeason": true,
    "IsNew": false,
    "RecentQuanityOfStockUnits": "1",
    "LongName": "KINDER SURPRISE T4 80g",
    "AlcoholVolume": "0",
    "StartSeasonDate": "25/10/2023",
    "FicCode": "E"
  },
  {
    "productId": "1633",
    "technicalArticleNumber": "21111",
    "commercialArticleNumber": "21111",
    "brand": "LU CHOCO AS",
    "seoBrand": "LU Choco As",
    "thumbNail": "https://static.colruytgroup.com/images/200x200/std.lang.all/23/60/asset-1762360.jpg",
    "fullImage": "https://static.colruytgroup.com/images/500x500/std.lang.all/23/60/asset-1762360.jpg",
    "squareImage": "https://static.colruytgroup.com/images/500x500sq/std.lang.all/23/60/asset-1762360.jpg",
    "content": "12x20g",
    "walkRouteSequenceNumber": 2212,
    "price": {
      "basicPrice": 3.79,
      "recommendedQuantity": "2.0",
      "measurementUnitPrice": 15.8,
      "measurementUnit": "K",
      "isRedPrice": false,
      "pricePerUOM": 15.8,
      "activationDate": "13-03-2024",
      "recordSource": "Offline",
      "isPromoActive": "N",
      "priceChangeCode": "E"
    },
    "isAvailable": true,
    "isPriceAvailable": true,
    "inPromo": true,
    "promotion": [
      {
        "techPromoId": "100898COLR",
        "promotionId": "100898",
        "promotionType": "3",
        "isPersonalized": "N",
        "publicationStartDate": "13-03-2024",
        "publicationEndDate": "26-03-2024"
      }
    ],
    "gtin": [
      "07622210385451",
      "05400141148060",
      "05400141211115",
      "05410041152708"
    ],
    "topCategoryName": "Koeken/Chocolade/Snoep",
    "topCategoryId": "335",
    "businessDomain": "RETAIL_BE",
    "IsPrivateLabel": false,
    "IsBiffe": false,
    "WeightconversionFactor": "0",
    "IsWeightArticle": false,
    "nutriscoreLabel": "E",
    "IsBio": false,
    "CountryOfOrigin": "BELGIË",
    "IsExclusivelySoldInLuxembourg": false,
    "OrderUnit": "P",
    "ShortName": "LU CHOCO AS 240 GR",
    "IsNew": false,
    "RecentQuanityOfStockUnits": "1,2,18",
    "LongName": "LU CHOCO AS 12x20g",
    "AlcoholVolume": "0",
    "FicCode": "E"
  },
  {
    "productId": "638915",
    "technicalArticleNumber": "4330554",
    "commercialArticleNumber": "10053",
    "name": "koeken assortiment",
    "brand": "BONI",
    "seoBrand": "Boni Selection",
    "thumbNail": "https://static.colruytgroup.com/images/200x200/std.lang.all/16/00/asset-2811600.jpg",
    "fullImage": "https://static.colruytgroup.com/images/500x500/std.lang.all/16/00/asset-2811600.jpg",
    "squareImage": "https://static.colruytgroup.com/images/500x500sq/std.lang.all/16/00/asset-2811600.jpg",
    "content": "500g",
    "walkRouteSequenceNumber": 2076,
    "price": {
      "basicPrice": 4.25,
      "recommendedQuantity": "1.0",
      "measurementUnitPrice": 8.5,
      "measurementUnit": "K",
      "isRedPrice": false,
      "pricePerUOM": 8.5,
      "activationDate": "17-02-2024",
      "recordSource": "Offline",
      "isPromoActive": "N",
      "priceChangeCode": "E"
    },
    "isAvailable": true,
    "isPriceAvailable": true,
    "inPromo": false,
    "gtin": [
      "05400141764499",
      "15400141545422",
      "15400141764496",
      "05400141545425"
    ],
    "topCategoryName": "Koeken/Chocolade/Snoep",
    "topCategoryId": "335",
    "businessDomain": "RETAIL_BE",
    "IsPrivateLabel": true,
    "IsBiffe": false,
    "WeightconversionFactor": "0",
    "IsWeightArticle": false,
    "nutriscoreLabel": "E",
    "IsBio": false,
    "CountryOfOrigin": "BELGIË",
    "IsExclusivelySoldInLuxembourg": false,
    "OrderUnit": "P",
    "ShortName": "BONI KOEKEN ASSORTIM500",
    "IsNew": false,
    "EcoscoreLabel": "C",
    "RecentQuanityOfStockUnits": "1,12",
    "LongName": "BONI koeken assortiment 500g",
    "FicCode": "I",
    "EcoscoreValue": "50"
  },
  {
    "productId": "739853",
    "technicalArticleNumber": "4504049",
    "commercialArticleNumber": "23912",
    "name": "chocolade puur hazelnoten FT",
    "brand": "BONI",
    "seoBrand": "Boni Selection",
    "thumbNail": "https://static.colruytgroup.com/images/200x200/std.lang.all/93/38/asset-2809338.jpg",
    "fullImage": "https://static.colruytgroup.com/images/500x500/std.lang.all/93/38/asset-2809338.jpg",
    "squareImage": "https://static.colruytgroup.com/images/500x500sq/std.lang.all/93/38/asset-2809338.jpg",
    "content": "200g",
    "walkRouteSequenceNumber": 1345,
    "price": {
      "basicPrice": 1.69,
      "recommendedQuantity": "1.0",
      "measurementUnitPrice": 8.45,
      "measurementUnit": "K",
      "isRedPrice": false,
      "pricePerUOM": 8.45,
      "activationDate": "15-03-2024",
      "recordSource": "Offline",
      "isPromoActive": "N",
      "priceChangeCode": "L"
    },
    "isAvailable": true,
    "isPriceAvailable": true,
    "inPromo": false,
    "gtin": [
      "15400141449171",
      "05400141449174"
    ],
    "topCategoryName": "Koeken/Chocolade/Snoep",
    "topCategoryId": "335",
    "businessDomain": "RETAIL_BE",
    "IsPrivateLabel": true,
    "IsBiffe": false,
    "WeightconversionFactor": "0",
    "IsWeightArticle": false,
    "nutriscoreLabel": "E",
    "IsBio": false,
    "CountryOfOrigin": "BELGIË",
    "IsExclusivelySoldInLuxembourg": false,
    "OrderUnit": "P",
    "ShortName": "BONI FT DO.CH.HAZ.200G",
    "IsNew": false,
    "EcoscoreLabel": "E",
    "RecentQuanityOfStockUnits": "1",
    "LongName": "BONI chocolade puur hazelnoten FT 200g",
    "FicCode": "I",
    "EcoscoreValue": "15"
  },
  {
    "productId": "219567",
    "technicalArticleNumber": "3482724",
    "commercialArticleNumber": "50491",
    "name": "vanille wafels choclade 8st",
    "brand": "SUZY",
    "seoBrand": "Lotus Suzy",
    "thumbNail": "https://static.colruytgroup.com/images/200x200/std.lang.all/45/58/asset-2314558.jpg",
    "fullImage": "https://static.colruytgroup.com/images/500x500/std.lang.all/45/58/asset-2314558.jpg",
    "squareImage": "https://static.colruytgroup.com/images/500x500sq/std.lang.all/45/58/asset-2314558.jpg",
    "content": "8x36,5g",
    "walkRouteSequenceNumber": 1850,
    "price": {
      "basicPrice": 2.99,
      "recommendedQuantity": "1.0",
      "measurementUnitPrice": 10.11,
      "measurementUnit": "K",
      "isRedPrice": false,
      "pricePerUOM": 10.11,
      "activationDate": "28-02-2024",
      "recordSource": "Offline",
      "isPromoActive": "N",
      "priceChangeCode": "H"
    },
    "isAvailable": true,
    "isPriceAvailable": true,
    "inPromo": false,
    "gtin": [
      "15410126014188",
      "05410126014181"
    ],
    "topCategoryName": "Koeken/Chocolade/Snoep",
    "topCategoryId": "335",
    "businessDomain": "RETAIL_BE",
    "IsPrivateLabel": false,
    "IsBiffe": false,
    "WeightconversionFactor": "0",
    "IsWeightArticle": false,
    "nutriscoreLabel": "E",
    "IsBio": false,
    "CountryOfOrigin": "BELGIË",
    "IsExclusivelySoldInLuxembourg": false,
    "OrderUnit": "P",
    "ShortName": "SUZY VANILLEWAF.CHOC296",
    "IsNew": false,
    "RecentQuanityOfStockUnits": "1,8",
    "LongName": "SUZY vanille wafels choclade 8st 8x36,5g",
    "AlcoholVolume": "0",
    "FicCode": "E"
  },
  {
    "productId": "184464",
    "technicalArticleNumber": "3438779",
    "commercialArticleNumber": "50140",
    "name": "Véritab.Petit Beurre Pocket 12st",
    "brand": "LU",
    "seoBrand": "LU Véritable Petit Beurre",
    "thumbNail": "https://static.colruytgroup.com/images/200x200/std.lang.all/49/45/asset-2284945.jpg",
    "fullImage": "https://static.colruytgroup.com/images/500x500/std.lang.all/49/45/asset-2284945.jpg",
    "squareImage": "https://static.colruytgroup.com/images/500x500sq/std.lang.all/49/45/asset-2284945.jpg",
    "content": "300g",
    "walkRouteSequenceNumber": 2342,
    "price": {
      "basicPrice": 4.39,
      "recommendedQuantity": "1.0",
      "measurementUnitPrice": 14.64,
      "measurementUnit": "K",
      "isRedPrice": false,
      "pricePerUOM": 14.64,
      "activationDate": "21-03-2024",
      "recordSource": "Offline",
      "isPromoActive": "N",
      "priceChangeCode": "E"
    },
    "isAvailable": true,
    "isPriceAvailable": true,
    "inPromo": true,
    "promotion": [
      {
        "techPromoId": "100898COLR",
        "promotionId": "100898",
        "promotionType": "3",
        "isPersonalized": "N",
        "publicationStartDate": "13-03-2024",
        "publicationEndDate": "26-03-2024"
      }
    ],
    "gtin": [
      "03017760000208",
      "03017760000062"
    ],
    "topCategoryName": "Koeken/Chocolade/Snoep",
    "topCategoryId": "335",
    "businessDomain": "RETAIL_BE",
    "IsPrivateLabel": false,
    "IsBiffe": false,
    "WeightconversionFactor": "0",
    "IsWeightArticle": false,
    "nutriscoreLabel": "E",
    "IsBio": false,
    "CountryOfOrigin": "BELGIË",
    "IsExclusivelySoldInLuxembourg": false,
    "OrderUnit": "P",
    "ShortName": "LU PET.BEURRE POCKET300",
    "IsNew": false,
    "RecentQuanityOfStockUnits": "1",
    "LongName": "LU Véritab.Petit Beurre Pocket 12st 300g",
    "AlcoholVolume": "0",
    "FicCode": "E"
  },
  {
    "productId": "1560",
    "technicalArticleNumber": "20573",
    "commercialArticleNumber": "20573",
    "name": "bonbon Hartmint munt",
    "brand": "TREFIN",
    "seoBrand": "Trefin",
    "thumbNail": "https://static.colruytgroup.com/images/200x200/std.lang.all/39/71/asset-1003971.jpg",
    "fullImage": "https://static.colruytgroup.com/images/500x500/std.lang.all/39/71/asset-1003971.jpg",
    "squareImage": "https://static.colruytgroup.com/images/500x500sq/std.lang.all/39/71/asset-1003971.jpg",
    "content": "600g",
    "walkRouteSequenceNumber": 18399,
    "price": {
      "basicPrice": 5.67,
      "recommendedQuantity": "1.0",
      "measurementUnitPrice": 9.45,
      "measurementUnit": "K",
      "isRedPrice": false,
      "pricePerUOM": 9.45,
      "activationDate": "13-03-2024",
      "recordSource": "Offline",
      "isPromoActive": "N",
      "priceChangeCode": "H"
    },
    "isAvailable": true,
    "isPriceAvailable": true,
    "inPromo": false,
    "gtin": [
      "05410381001773",
      "05410381101770"
    ],
    "topCategoryName": "Koeken/Chocolade/Snoep",
    "topCategoryId": "335",
    "businessDomain": "RETAIL_BE",
    "IsPrivateLabel": false,
    "IsBiffe": false,
    "WeightconversionFactor": "0",
    "IsWeightArticle": false,
    "nutriscoreLabel": "E",
    "IsBio": false,
    "CountryOfOrigin": "BELGIË",
    "IsExclusivelySoldInLuxembourg": false,
    "OrderUnit": "P",
    "ShortName": "TREFIN HARTMINT 600GR",
    "IsNew": false,
    "EcoscoreLabel": "A",
    "RecentQuanityOfStockUnits": "1",
    "LongName": "TREFIN bonbon Hartmint munt 600g",
    "AlcoholVolume": "0",
    "FicCode": "E",
    "EcoscoreValue": "98"
  },
  {
    "productId": "1648",
    "technicalArticleNumber": "21277",
    "commercialArticleNumber": "21277",
    "name": "Original",
    "brand": "LU CENT WAFERS",
    "seoBrand": "LU Cent Wafer",
    "thumbNail": "https://static.colruytgroup.com/images/200x200/std.lang.all/14/11/asset-341411.jpg",
    "fullImage": "https://static.colruytgroup.com/images/500x500/std.lang.all/14/11/asset-341411.jpg",
    "squareImage": "https://static.colruytgroup.com/images/500x500sq/std.lang.all/14/11/asset-341411.jpg",
    "content": "190g",
    "walkRouteSequenceNumber": 2054,
    "price": {
      "basicPrice": 2.89,
      "recommendedQuantity": "1.0",
      "quantityPrice": 2.22,
      "quantityPriceQuantity": "3.0",
      "measurementUnitPrice": 15.22,
      "measurementUnitQuantityPrice": 11.69,
      "measurementUnit": "K",
      "isRedPrice": false,
      "pricePerUOM": 15.22,
      "activationDate": "14-03-2024",
      "recordSource": "Offline",
      "isPromoActive": "N",
      "priceChangeCode": "E",
      "quantityPricePerUOM": 11.69,
      "quantityActivationDate": "14-03-2024",
      "quantityPriceChangeCode": "H"
    },
    "isAvailable": true,
    "isPriceAvailable": true,
    "inPromo": false,
    "gtin": [
      "00000025212778",
      "00000025612776",
      "05400141412772",
      "05410041006308",
      "25410041006302"
    ],
    "topCategoryName": "Koeken/Chocolade/Snoep",
    "topCategoryId": "335",
    "businessDomain": "RETAIL_BE",
    "IsPrivateLabel": false,
    "IsBiffe": false,
    "WeightconversionFactor": "0",
    "IsWeightArticle": false,
    "nutriscoreLabel": "E",
    "IsBio": false,
    "CountryOfOrigin": "BELGIË",
    "IsExclusivelySoldInLuxembourg": false,
    "OrderUnit": "P",
    "ShortName": "LU CENT WAFERS 190 GR",
    "InSeason": true,
    "IsNew": false,
    "RecentQuanityOfStockUnits": "1,20",
    "LongName": "LU CENT WAFERS Original 190g",
    "AlcoholVolume": "0",
    "StartSeasonDate": "11/07/2022",
    "FicCode": "E"
  },
  {
    "productId": "137091",
    "technicalArticleNumber": "3173455",
    "commercialArticleNumber": "44219",
    "name": "Schoko-Bons 300 g V",
    "brand": "KINDER",
    "seoBrand": "Kinder Schoko-Bons",
    "thumbNail": "https://static.colruytgroup.com/images/200x200/std.lang.all/91/27/asset-1299127.jpg",
    "fullImage": "https://static.colruytgroup.com/images/500x500/std.lang.all/91/27/asset-1299127.jpg",
    "squareImage": "https://static.colruytgroup.com/images/500x500sq/std.lang.all/91/27/asset-1299127.jpg",
    "walkRouteSequenceNumber": 1290,
    "price": {
      "basicPrice": 4.47,
      "recommendedQuantity": "1.0",
      "measurementUnitPrice": 14.9,
      "measurementUnit": "K",
      "isRedPrice": false,
      "pricePerUOM": 14.9,
      "activationDate": "05-03-2024",
      "recordSource": "Offline",
      "isPromoActive": "N",
      "priceChangeCode": "L"
    },
    "isAvailable": true,
    "isPriceAvailable": true,
    "inPromo": false,
    "gtin": [
      "04008400280103",
      "04008400280127",
      "08000500209387"
    ],
    "topCategoryName": "Koeken/Chocolade/Snoep",
    "topCategoryId": "335",
    "businessDomain": "RETAIL_BE",
    "IsPrivateLabel": false,
    "IsBiffe": false,
    "WeightconversionFactor": "0",
    "IsWeightArticle": false,
    "nutriscoreLabel": "E",
    "IsBio": false,
    "CountryOfOrigin": "BELGIË",
    "IsExclusivelySoldInLuxembourg": false,
    "OrderUnit": "P",
    "ShortName": "KINDER SCHOKOBONS 300G",
    "InSeason": true,
    "IsNew": false,
    "RecentQuanityOfStockUnits": "1,14",
    "LongName": "KINDER Schoko-Bons 300 g V",
    "AlcoholVolume": "0",
    "StartSeasonDate": "27/07/2022",
    "FicCode": "E"
  },
  {
    "productId": "700576",
    "technicalArticleNumber": "4433066",
    "commercialArticleNumber": "15215",
    "name": "kattetong chocolade",
    "brand": "ALISA'S COOKIES",
    "seoBrand": "Alisa's cookies",
    "thumbNail": "https://static.colruytgroup.com/images/200x200/std.lang.all/87/62/asset-3338762.jpg",
    "fullImage": "https://static.colruytgroup.com/images/500x500/std.lang.all/87/62/asset-3338762.jpg",
    "squareImage": "https://static.colruytgroup.com/images/500x500sq/std.lang.all/87/62/asset-3338762.jpg",
    "content": "200g",
    "walkRouteSequenceNumber": 2053,
    "price": {
      "basicPrice": 2.99,
      "recommendedQuantity": "1.0",
      "measurementUnitPrice": 14.95,
      "measurementUnit": "K",
      "isRedPrice": false,
      "pricePerUOM": 14.95,
      "activationDate": "13-03-2024",
      "isPromoActive": "Y",
      "priceChangeCode": "E"
    },
    "isAvailable": true,
    "isPriceAvailable": true,
    "inPromo": true,
    "promotion": [
      {
        "techPromoId": "100928COLR",
        "promotionId": "100928",
        "promotionType": "3",
        "isPersonalized": "N",
        "publicationStartDate": "13-03-2024",
        "publicationEndDate": "26-03-2024"
      }
    ],
    "gtin": [
      "15407008810013",
      "05407008810016"
    ],
    "topCategoryName": "Koeken/Chocolade/Snoep",
    "topCategoryId": "335",
    "businessDomain": "RETAIL_BE",
    "IsPrivateLabel": false,
    "IsBiffe": false,
    "WeightconversionFactor": "0",
    "IsWeightArticle": false,
    "nutriscoreLabel": "E",
    "IsBio": false,
    "CountryOfOrigin": "BELGIË",
    "IsExclusivelySoldInLuxembourg": false,
    "OrderUnit": "P",
    "ShortName": "ALCO KATTETONG CHOC200",
    "IsNew": false,
    "EcoscoreLabel": "C",
    "RecentQuanityOfStockUnits": "1",
    "LongName": "ALISA'S COOKIES kattetong chocolade 200g",
    "FicCode": "E",
    "EcoscoreValue": "40"
  },
  {
    "productId": "282393",
    "technicalArticleNumber": "3657502",
    "commercialArticleNumber": "14240",
    "name": "Zebra Chocolade",
    "description": "*Individueel verpakt",
    "brand": "LOTUS",
    "seoBrand": "Lotus",
    "thumbNail": "https://static.colruytgroup.com/images/200x200/std.lang.all/24/49/asset-1832449.jpg",
    "fullImage": "https://static.colruytgroup.com/images/500x500/std.lang.all/24/49/asset-1832449.jpg",
    "squareImage": "https://static.colruytgroup.com/images/500x500sq/std.lang.all/24/49/asset-1832449.jpg",
    "content": "6x38,5g",
    "walkRouteSequenceNumber": 2102,
    "price": {
      "basicPrice": 2.99,
      "recommendedQuantity": "1.0",
      "measurementUnitPrice": 12.95,
      "measurementUnit": "K",
      "isRedPrice": false,
      "pricePerUOM": 12.95,
      "activationDate": "29-02-2024",
      "recordSource": "Offline",
      "isPromoActive": "N",
      "priceChangeCode": "H"
    },
    "isAvailable": true,
    "isPriceAvailable": true,
    "inPromo": false,
    "gtin": [
      "15410126080770",
      "05410126010770",
      "15410126010777"
    ],
    "topCategoryName": "Koeken/Chocolade/Snoep",
    "topCategoryId": "335",
    "businessDomain": "RETAIL_BE",
    "IsPrivateLabel": false,
    "IsBiffe": false,
    "WeightconversionFactor": "0",
    "IsWeightArticle": false,
    "nutriscoreLabel": "E",
    "IsBio": false,
    "CountryOfOrigin": "BELGIË",
    "IsExclusivelySoldInLuxembourg": false,
    "OrderUnit": "P",
    "ShortName": "LOTU ZEBRA CHOCOL.231G",
    "IsNew": false,
    "RecentQuanityOfStockUnits": "8,1",
    "LongName": "LOTUS Zebra Chocolade 6x38,5g",
    "AlcoholVolume": "0",
    "FicCode": "E"
  },
  {
    "productId": "1473",
    "technicalArticleNumber": "20018",
    "commercialArticleNumber": "20018",
    "name": "noir de noir",
    "description": "*Min. 54 %\ncacaobestanddelen\n*Belgische chocolade",
    "brand": "CÔTE D'OR",
    "seoBrand": "Côte d'Or",
    "thumbNail": "https://static.colruytgroup.com/images/200x200/std.lang.all/42/59/asset-2824259.jpg",
    "fullImage": "https://static.colruytgroup.com/images/500x500/std.lang.all/42/59/asset-2824259.jpg",
    "squareImage": "https://static.colruytgroup.com/images/500x500sq/std.lang.all/42/59/asset-2824259.jpg",
    "content": "150g",
    "walkRouteSequenceNumber": 1409,
    "price": {
      "basicPrice": 1.99,
      "recommendedQuantity": "3.0",
      "measurementUnitPrice": 13.27,
      "measurementUnit": "K",
      "isRedPrice": false,
      "pricePerUOM": 13.27,
      "activationDate": "15-02-2024",
      "recordSource": "Offline",
      "isPromoActive": "N",
      "priceChangeCode": "H"
    },
    "isAvailable": true,
    "isPriceAvailable": true,
    "inPromo": false,
    "gtin": [
      "05410081201848",
      "05410081231364",
      "07622201030148",
      "07622201030230"
    ],
    "topCategoryName": "Koeken/Chocolade/Snoep",
    "topCategoryId": "335",
    "businessDomain": "RETAIL_BE",
    "IsPrivateLabel": false,
    "IsBiffe": false,
    "WeightconversionFactor": "0",
    "IsWeightArticle": false,
    "nutriscoreLabel": "E",
    "IsBio": false,
    "CountryOfOrigin": "BELGIË",
    "IsExclusivelySoldInLuxembourg": false,
    "OrderUnit": "P",
    "ShortName": "CD NOIR DE NOIR 150 GR.",
    "IsNew": false,
    "RecentQuanityOfStockUnits": "3,1",
    "LongName": "CÔTE D'OR noir de noir 150g",
    "AlcoholVolume": "0",
    "FicCode": "E"
  },
  {
    "productId": "242605",
    "technicalArticleNumber": "3537426",
    "commercialArticleNumber": "50729",
    "name": "Cake Marmorkuchen",
    "brand": "KUCHENMEISTER",
    "seoBrand": "Kuchenmeister",
    "thumbNail": "https://static.colruytgroup.com/images/200x200/std.lang.all/87/00/asset-1118700.jpg",
    "fullImage": "https://static.colruytgroup.com/images/500x500/std.lang.all/87/00/asset-1118700.jpg",
    "squareImage": "https://static.colruytgroup.com/images/500x500sq/std.lang.all/87/00/asset-1118700.jpg",
    "content": "400g",
    "walkRouteSequenceNumber": 2126,
    "price": {
      "basicPrice": 3.09,
      "recommendedQuantity": "1.0",
      "measurementUnitPrice": 7.73,
      "measurementUnit": "K",
      "isRedPrice": false,
      "pricePerUOM": 7.73,
      "activationDate": "14-11-2023",
      "recordSource": "Offline",
      "isPromoActive": "N",
      "priceChangeCode": "E"
    },
    "isAvailable": true,
    "isPriceAvailable": true,
    "inPromo": false,
    "gtin": [
      "00000041015445",
      "04101540896569"
    ],
    "topCategoryName": "Koeken/Chocolade/Snoep",
    "topCategoryId": "335",
    "businessDomain": "RETAIL_BE",
    "IsPrivateLabel": false,
    "IsBiffe": false,
    "WeightconversionFactor": "0",
    "IsWeightArticle": false,
    "nutriscoreLabel": "E",
    "IsBio": false,
    "CountryOfOrigin": "DUITSLAND",
    "IsExclusivelySoldInLuxembourg": false,
    "OrderUnit": "P",
    "ShortName": "KUCHENM.MARMER CAKE 400",
    "IsNew": false,
    "EcoscoreLabel": "C",
    "RecentQuanityOfStockUnits": "6,1",
    "LongName": "KUCHENMEISTER Cake Marmorkuchen 400g",
    "AlcoholVolume": "0",
    "FicCode": "E",
    "EcoscoreValue": "45"
  },
  {
    "productId": "595636",
    "technicalArticleNumber": "4257269",
    "commercialArticleNumber": "22496",
    "name": "speculoos gev.melkchocolade",
    "brand": "LOTUS",
    "seoBrand": "Lotus",
    "thumbNail": "https://static.colruytgroup.com/images/200x200/std.lang.all/50/53/asset-3365053.jpg",
    "fullImage": "https://static.colruytgroup.com/images/500x500/std.lang.all/50/53/asset-3365053.jpg",
    "squareImage": "https://static.colruytgroup.com/images/500x500sq/std.lang.all/50/53/asset-3365053.jpg",
    "content": "15x10g",
    "walkRouteSequenceNumber": 2214,
    "price": {
      "basicPrice": 1.85,
      "recommendedQuantity": "1.0",
      "measurementUnitPrice": 12.34,
      "measurementUnit": "K",
      "isRedPrice": false,
      "pricePerUOM": 12.34,
      "activationDate": "15-03-2024",
      "recordSource": "Offline",
      "isPromoActive": "N",
      "priceChangeCode": "E"
    },
    "isAvailable": true,
    "isPriceAvailable": true,
    "inPromo": true,
    "promotion": [
      {
        "techPromoId": "001928COLR",
        "promotionId": "001928",
        "promotionType": "4",
        "isPersonalized": "N",
        "publicationStartDate": "13-03-2024",
        "publicationEndDate": "26-03-2024"
      }
    ],
    "gtin": [
      "05410126006353",
      "15410126006350"
    ],
    "topCategoryName": "Brood/Ontbijt",
    "topCategoryId": "124",
    "businessDomain": "RETAIL_BE",
    "IsPrivateLabel": false,
    "IsBiffe": false,
    "WeightconversionFactor": "0",
    "IsWeightArticle": false,
    "nutriscoreLabel": "E",
    "IsBio": false,
    "CountryOfOrigin": "BELGIË",
    "IsExclusivelySoldInLuxembourg": false,
    "OrderUnit": "P",
    "ShortName": "LOTU SPECUL.G.MELKCH150",
    "IsNew": false,
    "RecentQuanityOfStockUnits": "9,1",
    "LongName": "LOTUS speculoos gev.melkchocolade 15x10g",
    "FicCode": "E"
  },
  {
    "productId": "13405",
    "technicalArticleNumber": "1309167",
    "commercialArticleNumber": "21919",
    "name": "koeken appel",
    "description": "*Individueel verpakt",
    "brand": "SULTANA",
    "seoBrand": "Sultana",
    "thumbNail": "https://static.colruytgroup.com/images/200x200/std.lang.all/87/26/asset-3248726.jpg",
    "fullImage": "https://static.colruytgroup.com/images/500x500/std.lang.all/87/26/asset-3248726.jpg",
    "squareImage": "https://static.colruytgroup.com/images/500x500sq/std.lang.all/87/26/asset-3248726.jpg",
    "content": "5x43,6g",
    "walkRouteSequenceNumber": 2306,
    "price": {
      "basicPrice": 1.87,
      "recommendedQuantity": "2.0",
      "measurementUnitPrice": 8.58,
      "measurementUnit": "K",
      "isRedPrice": false,
      "pricePerUOM": 8.58,
      "activationDate": "23-03-2024",
      "recordSource": "Folder",
      "isPromoActive": "N",
      "priceChangeCode": "E"
    },
    "isAvailable": true,
    "isPriceAvailable": true,
    "inPromo": false,
    "gtin": [
      "05400141086218",
      "08710412035720",
      "08710412035737",
      "08710412545045",
      "08710412970984",
      "08710412231115"
    ],
    "topCategoryName": "Koeken/Chocolade/Snoep",
    "topCategoryId": "335",
    "businessDomain": "RETAIL_BE",
    "IsPrivateLabel": false,
    "IsBiffe": false,
    "WeightconversionFactor": "0",
    "IsWeightArticle": false,
    "nutriscoreLabel": "D",
    "IsBio": false,
    "CountryOfOrigin": "BELGIË",
    "IsExclusivelySoldInLuxembourg": false,
    "OrderUnit": "P",
    "ShortName": "SULTANA APPEL 5ST 218 G",
    "IsNew": false,
    "EcoscoreLabel": "C",
    "RecentQuanityOfStockUnits": "2,1",
    "LongName": "SULTANA koeken appel 5x43,6g",
    "AlcoholVolume": "0",
    "FicCode": "E",
    "EcoscoreValue": "55"
  },
  {
    "productId": "44702",
    "technicalArticleNumber": "2508104",
    "commercialArticleNumber": "8321",
    "name": "krokante wafeltjes",
    "description": "*Individueel verpakt",
    "brand": "LOTUS",
    "seoBrand": "Lotus",
    "thumbNail": "https://static.colruytgroup.com/images/200x200/std.lang.all/29/59/asset-1892959.jpg",
    "fullImage": "https://static.colruytgroup.com/images/500x500/std.lang.all/29/59/asset-1892959.jpg",
    "squareImage": "https://static.colruytgroup.com/images/500x500sq/std.lang.all/29/59/asset-1892959.jpg",
    "content": "6x36g",
    "walkRouteSequenceNumber": 1795,
    "price": {
      "basicPrice": 2.99,
      "recommendedQuantity": "1.0",
      "measurementUnitPrice": 13.85,
      "measurementUnit": "K",
      "isRedPrice": false,
      "pricePerUOM": 13.85,
      "activationDate": "30-01-2024",
      "recordSource": "Offline",
      "isPromoActive": "N",
      "priceChangeCode": "E"
    },
    "isAvailable": true,
    "isPriceAvailable": true,
    "inPromo": false,
    "gtin": [
      "15410126043058",
      "05410126043051"
    ],
    "topCategoryName": "Koeken/Chocolade/Snoep",
    "topCategoryId": "335",
    "businessDomain": "RETAIL_BE",
    "IsPrivateLabel": false,
    "IsBiffe": false,
    "WeightconversionFactor": "0",
    "IsWeightArticle": false,
    "nutriscoreLabel": "E",
    "IsBio": false,
    "CountryOfOrigin": "BELGIË",
    "IsExclusivelySoldInLuxembourg": false,
    "OrderUnit": "P",
    "ShortName": "LOT KROK.WAFEL 6X4S216G",
    "IsNew": false,
    "RecentQuanityOfStockUnits": "1",
    "LongName": "LOTUS krokante wafeltjes 6x36g",
    "AlcoholVolume": "0",
    "FicCode": "E"
  },
  {
    "productId": "332982",
    "technicalArticleNumber": "3817150",
    "commercialArticleNumber": "15643",
    "name": "petit moelleux choco",
    "brand": "LU",
    "seoBrand": "LU",
    "thumbNail": "https://static.colruytgroup.com/images/200x200/std.lang.all/14/43/asset-3131443.jpg",
    "fullImage": "https://static.colruytgroup.com/images/500x500/std.lang.all/14/43/asset-3131443.jpg",
    "squareImage": "https://static.colruytgroup.com/images/500x500sq/std.lang.all/14/43/asset-3131443.jpg",
    "content": "5x28g",
    "walkRouteSequenceNumber": 2123,
    "price": {
      "basicPrice": 2.49,
      "recommendedQuantity": "2.0",
      "quantityPrice": 1.92,
      "quantityPriceQuantity": "3.0",
      "measurementUnitPrice": 17.79,
      "measurementUnitQuantityPrice": 13.72,
      "measurementUnit": "K",
      "isRedPrice": false,
      "pricePerUOM": 17.79,
      "activationDate": "14-03-2024",
      "recordSource": "Offline",
      "isPromoActive": "N",
      "priceChangeCode": "H",
      "quantityPricePerUOM": 13.72,
      "quantityActivationDate": "14-03-2024",
      "quantityPriceChangeCode": "H"
    },
    "isAvailable": true,
    "isPriceAvailable": true,
    "inPromo": false,
    "gtin": [
      "07622210776525",
      "07622210776518",
      "45400141420591",
      "07622201513658",
      "07622201513641"
    ],
    "topCategoryName": "Koeken/Chocolade/Snoep",
    "topCategoryId": "335",
    "businessDomain": "RETAIL_BE",
    "IsPrivateLabel": false,
    "IsBiffe": false,
    "WeightconversionFactor": "0",
    "IsWeightArticle": false,
    "nutriscoreLabel": "E",
    "IsBio": false,
    "CountryOfOrigin": "POLEN",
    "IsExclusivelySoldInLuxembourg": false,
    "OrderUnit": "P",
    "ShortName": "LU PETIT MOELL.CHOCO140",
    "IsNew": false,
    "RecentQuanityOfStockUnits": "1,2,7",
    "LongName": "LU petit moelleux choco 5x28g",
    "AlcoholVolume": "0",
    "FicCode": "E"
  },
  {
    "productId": "226239",
    "technicalArticleNumber": "3564951",
    "commercialArticleNumber": "13023",
    "name": "orange intense",
    "brand": "LINDT EXCELLENCE",
    "seoBrand": "Lindt",
    "thumbNail": "https://static.colruytgroup.com/images/200x200/std.lang.all/86/66/asset-1118666.jpg",
    "fullImage": "https://static.colruytgroup.com/images/500x500/std.lang.all/86/66/asset-1118666.jpg",
    "squareImage": "https://static.colruytgroup.com/images/500x500sq/std.lang.all/86/66/asset-1118666.jpg",
    "content": "100g",
    "walkRouteSequenceNumber": 1380,
    "price": {
      "basicPrice": 1.99,
      "recommendedQuantity": "1.0",
      "measurementUnitPrice": 19.9,
      "measurementUnit": "K",
      "isRedPrice": false,
      "pricePerUOM": 19.9,
      "activationDate": "20-02-2024",
      "recordSource": "Offline",
      "isPromoActive": "N",
      "priceChangeCode": "E"
    },
    "isAvailable": true,
    "isPriceAvailable": true,
    "inPromo": false,
    "gtin": [
      "07610400270380",
      "07610400273046",
      "03046920028370"
    ],
    "topCategoryName": "Koeken/Chocolade/Snoep",
    "topCategoryId": "335",
    "businessDomain": "RETAIL_BE",
    "IsPrivateLabel": false,
    "IsBiffe": false,
    "WeightconversionFactor": "0",
    "IsWeightArticle": false,
    "nutriscoreLabel": "E",
    "IsBio": false,
    "CountryOfOrigin": "ZWITSERLAND",
    "IsExclusivelySoldInLuxembourg": false,
    "OrderUnit": "P",
    "ShortName": "LINDT EXCELLENCE OR100G",
    "IsNew": false,
    "EcoscoreLabel": "E",
    "RecentQuanityOfStockUnits": "1",
    "LongName": "LINDT EXCELLENCE orange intense 100g",
    "AlcoholVolume": "0",
    "FicCode": "E",
    "EcoscoreValue": "15"
  },
  {
    "productId": "701900",
    "technicalArticleNumber": "4435000",
    "commercialArticleNumber": "17266",
    "name": "mini amandelspeculoos",
    "brand": "CRUMBEL",
    "seoBrand": "Crumbel",
    "thumbNail": "https://static.colruytgroup.com/images/200x200/std.lang.all/54/88/asset-2525488.jpg",
    "fullImage": "https://static.colruytgroup.com/images/500x500/std.lang.all/54/88/asset-2525488.jpg",
    "squareImage": "https://static.colruytgroup.com/images/500x500sq/std.lang.all/54/88/asset-2525488.jpg",
    "content": "225g",
    "walkRouteSequenceNumber": 2040,
    "price": {
      "basicPrice": 3.49,
      "recommendedQuantity": "1.0",
      "measurementUnitPrice": 15.52,
      "measurementUnit": "K",
      "isRedPrice": false,
      "pricePerUOM": 15.52,
      "activationDate": "06-01-2024",
      "isPromoActive": "N",
      "priceChangeCode": "L"
    },
    "isAvailable": true,
    "isPriceAvailable": true,
    "inPromo": false,
    "gtin": [
      "05425026053031",
      "05425026053048"
    ],
    "topCategoryName": "Brood/Ontbijt",
    "topCategoryId": "124",
    "businessDomain": "RETAIL_BE",
    "IsPrivateLabel": false,
    "IsBiffe": false,
    "WeightconversionFactor": "0",
    "IsWeightArticle": false,
    "nutriscoreLabel": "E",
    "IsBio": false,
    "CountryOfOrigin": "BELGIË",
    "IsExclusivelySoldInLuxembourg": false,
    "OrderUnit": "P",
    "ShortName": "CRUM MINI AMANDELSP.225",
    "IsNew": false,
    "EcoscoreLabel": "B",
    "RecentQuanityOfStockUnits": "1",
    "LongName": "CRUMBEL mini amandelspeculoos 225g",
    "FicCode": "E",
    "EcoscoreValue": "69"
  },
  {
    "productId": "226239",
    "technicalArticleNumber": "3564951",
    "commercialArticleNumber": "13023",
    "name": "orange intense",
    "brand": "LINDT EXCELLENCE",
    "seoBrand": "Lindt",
    "thumbNail": "https://static.colruytgroup.com/images/200x200/std.lang.all/86/66/asset-1118666.jpg",
    "fullImage": "https://static.colruytgroup.com/images/500x500/std.lang.all/86/66/asset-1118666.jpg",
    "squareImage": "https://static.colruytgroup.com/images/500x500sq/std.lang.all/86/66/asset-1118666.jpg",
    "content": "100g",
    "walkRouteSequenceNumber": 1380,
    "price": {
      "basicPrice": 1.99,
      "recommendedQuantity": "1.0",
      "measurementUnitPrice": 19.9,
      "measurementUnit": "K",
      "isRedPrice": false,
      "pricePerUOM": 19.9,
      "activationDate": "20-02-2024",
      "recordSource": "Offline",
      "isPromoActive": "N",
      "priceChangeCode": "E"
    },
    "isAvailable": true,
    "isPriceAvailable": true,
    "inPromo": false,
    "gtin": [
      "07610400270380",
      "07610400273046",
      "03046920028370"
    ],
    "topCategoryName": "Koeken/Chocolade/Snoep",
    "topCategoryId": "335",
    "businessDomain": "RETAIL_BE",
    "IsPrivateLabel": false,
    "IsBiffe": false,
    "WeightconversionFactor": "0",
    "IsWeightArticle": false,
    "nutriscoreLabel": "E",
    "IsBio": false,
    "CountryOfOrigin": "ZWITSERLAND",
    "IsExclusivelySoldInLuxembourg": false,
    "OrderUnit": "P",
    "ShortName": "LINDT EXCELLENCE OR100G",
    "IsNew": false,
    "EcoscoreLabel": "E",
    "RecentQuanityOfStockUnits": "1",
    "LongName": "LINDT EXCELLENCE orange intense 100g",
    "AlcoholVolume": "0",
    "FicCode": "E",
    "EcoscoreValue": "15"
  },
  {
    "productId": "262576",
    "technicalArticleNumber": "3582779",
    "commercialArticleNumber": "50997",
    "name": "oreo",
    "brand": "MILKA",
    "seoBrand": "Milka Oreo",
    "thumbNail": "https://static.colruytgroup.com/images/200x200/std.lang.all/63/61/asset-2366361.jpg",
    "fullImage": "https://static.colruytgroup.com/images/500x500/std.lang.all/63/61/asset-2366361.jpg",
    "squareImage": "https://static.colruytgroup.com/images/500x500sq/std.lang.all/63/61/asset-2366361.jpg",
    "content": "600g",
    "walkRouteSequenceNumber": 1592,
    "price": {
      "basicPrice": 9.24,
      "recommendedQuantity": "1.0",
      "measurementUnitPrice": 15.4,
      "measurementUnit": "K",
      "isRedPrice": false,
      "pricePerUOM": 15.4,
      "activationDate": "19-03-2024",
      "recordSource": "Folder",
      "isPromoActive": "N",
      "priceChangeCode": "L"
    },
    "isAvailable": true,
    "isPriceAvailable": true,
    "inPromo": true,
    "promotion": [
      {
        "techPromoId": "100832COLR",
        "promotionId": "100832",
        "promotionType": "4",
        "isPersonalized": "N",
        "publicationStartDate": "13-03-2024",
        "publicationEndDate": "26-03-2024"
      }
    ],
    "gtin": [
      "07622210655868",
      "07622210655912"
    ],
    "topCategoryName": "Koeken/Chocolade/Snoep",
    "topCategoryId": "335",
    "businessDomain": "RETAIL_BE",
    "IsPrivateLabel": false,
    "IsBiffe": false,
    "WeightconversionFactor": "0",
    "IsWeightArticle": false,
    "nutriscoreLabel": "E",
    "IsBio": false,
    "CountryOfOrigin": "BELGIË",
    "IsExclusivelySoldInLuxembourg": false,
    "OrderUnit": "P",
    "ShortName": "MILKA EI OREO 600G",
    "InSeason": true,
    "IsNew": false,
    "RecentQuanityOfStockUnits": "1",
    "LongName": "MILKA oreo 600g",
    "AlcoholVolume": "0",
    "StartSeasonDate": "25/10/2023",
    "FicCode": "E"
  },
  {
    "productId": "591287",
    "technicalArticleNumber": "4249773",
    "commercialArticleNumber": "9703",
    "name": "winegums tropical",
    "brand": "BONI",
    "seoBrand": "Boni Selection",
    "thumbNail": "https://static.colruytgroup.com/images/200x200/std.lang.all/85/51/asset-2118551.jpg",
    "fullImage": "https://static.colruytgroup.com/images/500x500/std.lang.all/85/51/asset-2118551.jpg",
    "squareImage": "https://static.colruytgroup.com/images/500x500sq/std.lang.all/85/51/asset-2118551.jpg",
    "content": "600g",
    "walkRouteSequenceNumber": 1971,
    "price": {
      "basicPrice": 2.99,
      "recommendedQuantity": "1.0",
      "measurementUnitPrice": 4.99,
      "measurementUnit": "K",
      "isRedPrice": false,
      "pricePerUOM": 4.99,
      "activationDate": "13-03-2024",
      "isPromoActive": "N",
      "priceChangeCode": "E"
    },
    "isAvailable": true,
    "isPriceAvailable": true,
    "inPromo": false,
    "gtin": [
      "05400141367850",
      "15400141367857"
    ],
    "topCategoryName": "Koeken/Chocolade/Snoep",
    "topCategoryId": "335",
    "businessDomain": "RETAIL_BE",
    "IsPrivateLabel": true,
    "IsBiffe": false,
    "WeightconversionFactor": "0",
    "IsWeightArticle": false,
    "nutriscoreLabel": "D",
    "IsBio": false,
    "CountryOfOrigin": "BELGIË",
    "IsExclusivelySoldInLuxembourg": false,
    "OrderUnit": "P",
    "ShortName": "BONI WINEGUMS TROPIC600",
    "InSeason": true,
    "IsNew": false,
    "EcoscoreLabel": "C",
    "RecentQuanityOfStockUnits": "1",
    "LongName": "BONI winegums tropical 600g",
    "StartSeasonDate": "29/09/2022",
    "FicCode": "I",
    "EcoscoreValue": "42"
  },
  {
    "productId": "134900",
    "technicalArticleNumber": "3196010",
    "commercialArticleNumber": "12458",
    "name": "Luikse wafels super",
    "description": "*Individueel verpakt",
    "brand": "LOTUS SUZY",
    "seoBrand": "Lotus Suzy",
    "thumbNail": "https://static.colruytgroup.com/images/200x200/std.lang.all/14/26/asset-2281426.jpg",
    "fullImage": "https://static.colruytgroup.com/images/500x500/std.lang.all/14/26/asset-2281426.jpg",
    "squareImage": "https://static.colruytgroup.com/images/500x500sq/std.lang.all/14/26/asset-2281426.jpg",
    "content": "6x90g",
    "walkRouteSequenceNumber": 2021,
    "price": {
      "basicPrice": 5.29,
      "recommendedQuantity": "1.0",
      "measurementUnitPrice": 9.8,
      "measurementUnit": "K",
      "isRedPrice": false,
      "pricePerUOM": 9.8,
      "activationDate": "09-03-2024",
      "recordSource": "Offline",
      "isPromoActive": "N",
      "priceChangeCode": "H"
    },
    "isAvailable": true,
    "isPriceAvailable": true,
    "inPromo": false,
    "gtin": [
      "05410126262025",
      "15410126262022"
    ],
    "topCategoryName": "Koeken/Chocolade/Snoep",
    "topCategoryId": "335",
    "businessDomain": "RETAIL_BE",
    "IsPrivateLabel": false,
    "IsBiffe": false,
    "WeightconversionFactor": "0",
    "IsWeightArticle": false,
    "nutriscoreLabel": "E",
    "IsBio": false,
    "CountryOfOrigin": "BELGIË",
    "IsExclusivelySoldInLuxembourg": false,
    "OrderUnit": "P",
    "ShortName": "LOT.SUP.SUZ.LUIK.WAF540",
    "IsNew": false,
    "RecentQuanityOfStockUnits": "1,6",
    "LongName": "LOTUS SUZY Luikse wafels super 6x90g",
    "AlcoholVolume": "0",
    "FicCode": "E"
  },
  {
    "productId": "30828",
    "technicalArticleNumber": "1661938",
    "commercialArticleNumber": "19740",
    "name": "zachte speculoos",
    "brand": "BONI",
    "seoBrand": "Boni Selection",
    "thumbNail": "https://static.colruytgroup.com/images/200x200/std.lang.all/30/57/asset-2763057.jpg",
    "fullImage": "https://static.colruytgroup.com/images/500x500/std.lang.all/30/57/asset-2763057.jpg",
    "squareImage": "https://static.colruytgroup.com/images/500x500sq/std.lang.all/30/57/asset-2763057.jpg",
    "content": "350g",
    "walkRouteSequenceNumber": 2128,
    "price": {
      "basicPrice": 2.99,
      "recommendedQuantity": "1.0",
      "measurementUnitPrice": 8.55,
      "measurementUnit": "K",
      "isRedPrice": false,
      "pricePerUOM": 8.55,
      "activationDate": "15-02-2024",
      "isPromoActive": "N",
      "priceChangeCode": "H"
    },
    "isAvailable": true,
    "isPriceAvailable": true,
    "inPromo": false,
    "gtin": [
      "15400141019749",
      "05400141192186",
      "05400141401639",
      "15400141401636",
      "15400141915553",
      "05400141052046",
      "05400141128475"
    ],
    "topCategoryName": "Brood/Ontbijt",
    "topCategoryId": "124",
    "businessDomain": "RETAIL_BE",
    "IsPrivateLabel": true,
    "IsBiffe": false,
    "WeightconversionFactor": "0",
    "IsWeightArticle": false,
    "nutriscoreLabel": "E",
    "IsBio": false,
    "CountryOfOrigin": "BELGIË",
    "IsExclusivelySoldInLuxembourg": false,
    "OrderUnit": "P",
    "ShortName": "BONI ZACHT SPEC 350G",
    "IsNew": false,
    "EcoscoreLabel": "B",
    "RecentQuanityOfStockUnits": "1,12",
    "LongName": "BONI zachte speculoos 350g",
    "AlcoholVolume": "0",
    "FicCode": "I",
    "EcoscoreValue": "70"
  },
  {
    "productId": "766571",
    "technicalArticleNumber": "4550001",
    "commercialArticleNumber": "12947",
    "name": "melkchocolade kokosnoot",
    "description": "*Belgische chocolade\n*melkchocolade\n*met kokoscrème (40%)",
    "brand": "CÔTE D'OR",
    "seoBrand": "Côte d'Or",
    "thumbNail": "https://static.colruytgroup.com/images/200x200/std.lang.all/92/53/asset-2809253.jpg",
    "fullImage": "https://static.colruytgroup.com/images/500x500/std.lang.all/92/53/asset-2809253.jpg",
    "squareImage": "https://static.colruytgroup.com/images/500x500sq/std.lang.all/92/53/asset-2809253.jpg",
    "content": "4x44g",
    "walkRouteSequenceNumber": 1437,
    "price": {
      "basicPrice": 3.59,
      "recommendedQuantity": "1.0",
      "measurementUnitPrice": 20.4,
      "measurementUnit": "K",
      "isRedPrice": false,
      "pricePerUOM": 20.4,
      "activationDate": "22-03-2024",
      "recordSource": "Offline",
      "isPromoActive": "N",
      "priceChangeCode": "L"
    },
    "isAvailable": true,
    "isPriceAvailable": true,
    "inPromo": true,
    "promotion": [
      {
        "techPromoId": "100830COLR",
        "promotionId": "100830",
        "promotionType": "3",
        "isPersonalized": "N",
        "publicationStartDate": "13-03-2024",
        "publicationEndDate": "26-03-2024"
      }
    ],
    "gtin": [
      "07622201514341",
      "07622201514358"
    ],
    "topCategoryName": "Koeken/Chocolade/Snoep",
    "topCategoryId": "335",
    "businessDomain": "RETAIL_BE",
    "IsPrivateLabel": false,
    "IsBiffe": false,
    "WeightconversionFactor": "0",
    "IsWeightArticle": false,
    "nutriscoreLabel": "E",
    "IsBio": false,
    "CountryOfOrigin": "BELGIË",
    "IsExclusivelySoldInLuxembourg": false,
    "OrderUnit": "P",
    "ShortName": "C.DO MELK KOKOS 4X44G",
    "IsNew": false,
    "RecentQuanityOfStockUnits": "1,24",
    "LongName": "CÔTE D'OR melkchocolade kokosnoot 4x44g",
    "FicCode": "E"
  },
  {
    "productId": "115926",
    "technicalArticleNumber": "3050687",
    "commercialArticleNumber": "26386",
    "name": "Vanille 6st",
    "description": "*Individueel verpakt",
    "brand": "LU PRINCE CHOCO PRINCE",
    "seoBrand": "LU Prince Choco Prince",
    "thumbNail": "https://static.colruytgroup.com/images/200x200/std.lang.all/78/20/asset-367820.jpg",
    "fullImage": "https://static.colruytgroup.com/images/500x500/std.lang.all/78/20/asset-367820.jpg",
    "squareImage": "https://static.colruytgroup.com/images/500x500sq/std.lang.all/78/20/asset-367820.jpg",
    "content": "171g",
    "walkRouteSequenceNumber": 2274,
    "price": {
      "basicPrice": 2.59,
      "recommendedQuantity": "1.0",
      "measurementUnitPrice": 15.15,
      "measurementUnit": "K",
      "isRedPrice": false,
      "pricePerUOM": 15.15,
      "activationDate": "31-01-2024",
      "recordSource": "Offline",
      "isPromoActive": "N",
      "priceChangeCode": "E"
    },
    "isAvailable": true,
    "isPriceAvailable": true,
    "inPromo": false,
    "gtin": [
      "05400141124484",
      "07622210124395",
      "07622210124418"
    ],
    "topCategoryName": "Koeken/Chocolade/Snoep",
    "topCategoryId": "335",
    "businessDomain": "RETAIL_BE",
    "IsPrivateLabel": false,
    "IsBiffe": false,
    "WeightconversionFactor": "0",
    "IsWeightArticle": false,
    "IsBio": false,
    "CountryOfOrigin": "BELGIË",
    "IsExclusivelySoldInLuxembourg": false,
    "OrderUnit": "P",
    "ShortName": "LU CHO.PRIN.171G VAN 6S",
    "IsNew": false,
    "RecentQuanityOfStockUnits": "1,2",
    "LongName": "LU PRINCE CHOCO PRINCE Vanille 6st 171g",
    "AlcoholVolume": "0",
    "FicCode": "E"
  },
  {
    "productId": "89630",
    "technicalArticleNumber": "3020248",
    "commercialArticleNumber": "18429",
    "name": "Oreo tablet",
    "brand": "MILKA",
    "seoBrand": "Milka Oreo",
    "thumbNail": "https://static.colruytgroup.com/images/200x200/std.lang.all/88/08/asset-2938808.jpg",
    "fullImage": "https://static.colruytgroup.com/images/500x500/std.lang.all/88/08/asset-2938808.jpg",
    "squareImage": "https://static.colruytgroup.com/images/500x500sq/std.lang.all/88/08/asset-2938808.jpg",
    "content": "100g",
    "walkRouteSequenceNumber": 1375,
    "price": {
      "basicPrice": 1.04,
      "recommendedQuantity": "2.0",
      "measurementUnitPrice": 10.4,
      "measurementUnit": "K",
      "isRedPrice": false,
      "pricePerUOM": 10.4,
      "activationDate": "23-03-2024",
      "recordSource": "Folder",
      "isPromoActive": "N",
      "priceChangeCode": "E"
    },
    "isAvailable": true,
    "isPriceAvailable": true,
    "inPromo": false,
    "gtin": [
      "07622210194046",
      "07622300650339",
      "07622210656490",
      "07622210656520",
      "07622210759108",
      "07622300650353"
    ],
    "topCategoryName": "Koeken/Chocolade/Snoep",
    "topCategoryId": "335",
    "businessDomain": "RETAIL_BE",
    "IsPrivateLabel": false,
    "IsBiffe": false,
    "WeightconversionFactor": "0",
    "IsWeightArticle": false,
    "nutriscoreLabel": "E",
    "IsBio": false,
    "CountryOfOrigin": "DUITSLAND",
    "IsExclusivelySoldInLuxembourg": false,
    "OrderUnit": "P",
    "ShortName": "MILKA OREO 100GR",
    "IsNew": false,
    "RecentQuanityOfStockUnits": "2,1,22",
    "LongName": "MILKA Oreo tablet 100g",
    "AlcoholVolume": "0",
    "FicCode": "E"
  },
  {
    "productId": "425375",
    "technicalArticleNumber": "3930690",
    "commercialArticleNumber": "22756",
    "name": "mix max",
    "brand": "BALCONI",
    "seoBrand": "Balconi",
    "thumbNail": "https://static.colruytgroup.com/images/200x200/std.lang.all/57/52/asset-1755752.jpg",
    "fullImage": "https://static.colruytgroup.com/images/500x500/std.lang.all/57/52/asset-1755752.jpg",
    "squareImage": "https://static.colruytgroup.com/images/500x500sq/std.lang.all/57/52/asset-1755752.jpg",
    "content": "10x35g",
    "walkRouteSequenceNumber": 2116,
    "price": {
      "basicPrice": 2.5,
      "recommendedQuantity": "1.0",
      "measurementUnitPrice": 7.15,
      "measurementUnit": "K",
      "isRedPrice": false,
      "pricePerUOM": 7.15,
      "activationDate": "13-03-2024",
      "recordSource": "Offline",
      "isPromoActive": "N",
      "priceChangeCode": "E"
    },
    "isAvailable": true,
    "isPriceAvailable": true,
    "inPromo": false,
    "gtin": [
      "08001585011261",
      "08001585001040"
    ],
    "topCategoryName": "Koeken/Chocolade/Snoep",
    "topCategoryId": "335",
    "businessDomain": "RETAIL_BE",
    "IsPrivateLabel": false,
    "IsBiffe": false,
    "WeightconversionFactor": "0",
    "IsWeightArticle": false,
    "nutriscoreLabel": "E",
    "IsBio": false,
    "CountryOfOrigin": "BELGIË",
    "IsExclusivelySoldInLuxembourg": false,
    "OrderUnit": "P",
    "ShortName": "BALC MIX MAX 10X35G",
    "IsNew": false,
    "EcoscoreLabel": "D",
    "RecentQuanityOfStockUnits": "1,15",
    "LongName": "BALCONI mix max 10x35g",
    "AlcoholVolume": "0",
    "FicCode": "E",
    "EcoscoreValue": "26"
  },
  {
    "productId": "332806",
    "technicalArticleNumber": "3813297",
    "commercialArticleNumber": "18245",
    "name": "kauwgom spearmint 50st",
    "brand": "BONI",
    "seoBrand": "Boni Selection",
    "thumbNail": "https://static.colruytgroup.com/images/200x200/std.lang.all/47/35/asset-2954735.jpg",
    "fullImage": "https://static.colruytgroup.com/images/500x500/std.lang.all/47/35/asset-2954735.jpg",
    "squareImage": "https://static.colruytgroup.com/images/500x500sq/std.lang.all/47/35/asset-2954735.jpg",
    "content": "100g",
    "walkRouteSequenceNumber": 18366,
    "price": {
      "basicPrice": 2.16,
      "recommendedQuantity": "1.0",
      "measurementUnitPrice": 0.044,
      "measurementUnit": "S",
      "isRedPrice": false,
      "pricePerUOM": 0.044,
      "activationDate": "03-02-2024",
      "recordSource": "Offline",
      "isPromoActive": "N",
      "priceChangeCode": "E"
    },
    "isAvailable": true,
    "isPriceAvailable": true,
    "inPromo": false,
    "gtin": [
      "15400141608103",
      "05400141608106",
      "05400141276527",
      "15400141276524",
      "15400141216506",
      "05400141224221"
    ],
    "topCategoryName": "Koeken/Chocolade/Snoep",
    "topCategoryId": "335",
    "businessDomain": "RETAIL_BE",
    "IsPrivateLabel": true,
    "IsBiffe": false,
    "WeightconversionFactor": "0",
    "IsWeightArticle": false,
    "nutriscoreLabel": "B",
    "IsBio": false,
    "CountryOfOrigin": "MAROKKO",
    "IsExclusivelySoldInLuxembourg": false,
    "OrderUnit": "P",
    "ShortName": "BONI KAUWGOM SPEARMI.50",
    "IsNew": false,
    "EcoscoreLabel": "C",
    "RecentQuanityOfStockUnits": "1,12",
    "LongName": "BONI kauwgom spearmint 50st 100g",
    "AlcoholVolume": "0",
    "FicCode": "I",
    "EcoscoreValue": "52"
  },
  {
    "productId": "300396",
    "technicalArticleNumber": "3728776",
    "commercialArticleNumber": "21757",
    "name": "choco brownie",
    "brand": "MILKA",
    "seoBrand": "Milka",
    "thumbNail": "https://static.colruytgroup.com/images/200x200/std.lang.all/83/85/asset-1758385.jpg",
    "fullImage": "https://static.colruytgroup.com/images/500x500/std.lang.all/83/85/asset-1758385.jpg",
    "squareImage": "https://static.colruytgroup.com/images/500x500sq/std.lang.all/83/85/asset-1758385.jpg",
    "content": "6x30g",
    "walkRouteSequenceNumber": 2112,
    "price": {
      "basicPrice": 2.24,
      "recommendedQuantity": "1.0",
      "measurementUnitPrice": 12.45,
      "measurementUnit": "K",
      "isRedPrice": false,
      "pricePerUOM": 12.45,
      "activationDate": "23-03-2024",
      "recordSource": "Folder",
      "isPromoActive": "N",
      "priceChangeCode": "E"
    },
    "isAvailable": true,
    "isPriceAvailable": true,
    "inPromo": false,
    "gtin": [
      "07622210623805",
      "07622210623799"
    ],
    "topCategoryName": "Koeken/Chocolade/Snoep",
    "topCategoryId": "335",
    "businessDomain": "RETAIL_BE",
    "IsPrivateLabel": false,
    "IsBiffe": false,
    "WeightconversionFactor": "0",
    "IsWeightArticle": false,
    "nutriscoreLabel": "E",
    "IsBio": false,
    "CountryOfOrigin": "BELGIË",
    "IsExclusivelySoldInLuxembourg": false,
    "OrderUnit": "P",
    "ShortName": "MILK CHOCO BROWNIE 180G",
    "IsNew": false,
    "RecentQuanityOfStockUnits": "1,13",
    "LongName": "MILKA choco brownie 6x30g",
    "AlcoholVolume": "0",
    "FicCode": "E"
  },
  {
    "productId": "1526",
    "technicalArticleNumber": "21526",
    "commercialArticleNumber": "21526",
    "name": "speculoos geel",
    "brand": "VERMEIREN",
    "seoBrand": "Vermeiren",
    "thumbNail": "https://static.colruytgroup.com/images/200x200/std.lang.all/89/01/asset-658901.jpg",
    "fullImage": "https://static.colruytgroup.com/images/500x500/std.lang.all/89/01/asset-658901.jpg",
    "squareImage": "https://static.colruytgroup.com/images/500x500sq/std.lang.all/89/01/asset-658901.jpg",
    "content": "2x162,5g",
    "walkRouteSequenceNumber": 2132,
    "price": {
      "basicPrice": 2.21,
      "recommendedQuantity": "1.0",
      "measurementUnitPrice": 6.8,
      "measurementUnit": "K",
      "isRedPrice": false,
      "pricePerUOM": 6.8,
      "activationDate": "14-11-2023",
      "recordSource": "Offline",
      "isPromoActive": "N",
      "priceChangeCode": "E"
    },
    "isAvailable": true,
    "isPriceAvailable": true,
    "inPromo": false,
    "gtin": [
      "05411128412111",
      "05411128611118",
      "05411128611125"
    ],
    "topCategoryName": "Brood/Ontbijt",
    "topCategoryId": "124",
    "businessDomain": "RETAIL_BE",
    "IsPrivateLabel": false,
    "IsBiffe": false,
    "WeightconversionFactor": "0",
    "IsWeightArticle": false,
    "nutriscoreLabel": "E",
    "IsBio": false,
    "CountryOfOrigin": "BELGIË",
    "IsExclusivelySoldInLuxembourg": false,
    "OrderUnit": "P",
    "ShortName": "VERMEIR SPEC GEEL 325 G",
    "IsNew": false,
    "EcoscoreLabel": "C",
    "RecentQuanityOfStockUnits": "1",
    "LongName": "VERMEIREN speculoos geel 2x162,5g",
    "AlcoholVolume": "0",
    "FicCode": "E",
    "EcoscoreValue": "56"
  },
  {
    "productId": "654226",
    "technicalArticleNumber": "4353640",
    "commercialArticleNumber": "2365",
    "name": "paashaas gechocolat.guimauve",
    "brand": "BONI",
    "seoBrand": "Boni Selection",
    "thumbNail": "https://static.colruytgroup.com/images/200x200/std.lang.all/77/93/asset-3137793.jpg",
    "fullImage": "https://static.colruytgroup.com/images/500x500/std.lang.all/77/93/asset-3137793.jpg",
    "squareImage": "https://static.colruytgroup.com/images/500x500sq/std.lang.all/77/93/asset-3137793.jpg",
    "content": "250g",
    "walkRouteSequenceNumber": 1653,
    "price": {
      "basicPrice": 4.29,
      "recommendedQuantity": "1.0",
      "measurementUnitPrice": 17.16,
      "measurementUnit": "K",
      "isRedPrice": false,
      "pricePerUOM": 17.16,
      "activationDate": "22-03-2024",
      "isPromoActive": "N",
      "priceChangeCode": "H"
    },
    "isAvailable": true,
    "isPriceAvailable": true,
    "inPromo": false,
    "gtin": [
      "05400141684766",
      "05400141913989",
      "15400141913986"
    ],
    "topCategoryName": "Koeken/Chocolade/Snoep",
    "topCategoryId": "335",
    "businessDomain": "RETAIL_BE",
    "IsPrivateLabel": true,
    "IsBiffe": false,
    "WeightconversionFactor": "0",
    "IsWeightArticle": false,
    "nutriscoreLabel": "E",
    "IsBio": false,
    "CountryOfOrigin": "BELGIË",
    "IsExclusivelySoldInLuxembourg": false,
    "OrderUnit": "P",
    "ShortName": "BONI GUIM.CHOC.PAASH250",
    "InSeason": true,
    "IsNew": false,
    "EcoscoreLabel": "B",
    "RecentQuanityOfStockUnits": "1,18",
    "LongName": "BONI paashaas gechocolat.guimauve 250g",
    "StartSeasonDate": "25/10/2023",
    "FicCode": "I",
    "EcoscoreValue": "78"
  },
  {
    "productId": "1576",
    "technicalArticleNumber": "20633",
    "commercialArticleNumber": "20633",
    "name": "pepermunt",
    "brand": "KING",
    "seoBrand": "King",
    "thumbNail": "https://static.colruytgroup.com/images/200x200/std.lang.all/80/30/asset-858030.jpg",
    "fullImage": "https://static.colruytgroup.com/images/500x500/std.lang.all/80/30/asset-858030.jpg",
    "squareImage": "https://static.colruytgroup.com/images/500x500sq/std.lang.all/80/30/asset-858030.jpg",
    "content": "4x44g",
    "walkRouteSequenceNumber": 18375,
    "price": {
      "basicPrice": 1.59,
      "recommendedQuantity": "1.0",
      "measurementUnitPrice": 9.04,
      "measurementUnit": "K",
      "isRedPrice": false,
      "pricePerUOM": 9.04,
      "activationDate": "31-01-2024",
      "recordSource": "Offline",
      "isPromoActive": "N",
      "priceChangeCode": "H"
    },
    "isAvailable": true,
    "isPriceAvailable": true,
    "inPromo": false,
    "gtin": [
      "00000087146752",
      "08714600003102"
    ],
    "topCategoryName": "Koeken/Chocolade/Snoep",
    "topCategoryId": "335",
    "businessDomain": "RETAIL_BE",
    "IsPrivateLabel": false,
    "IsBiffe": false,
    "WeightconversionFactor": "0",
    "IsWeightArticle": false,
    "nutriscoreLabel": "E",
    "IsBio": false,
    "CountryOfOrigin": "NEDERLAND",
    "IsExclusivelySoldInLuxembourg": false,
    "OrderUnit": "P",
    "ShortName": "KING PEPERMUNT 4X44GR",
    "IsNew": false,
    "EcoscoreLabel": "B",
    "RecentQuanityOfStockUnits": "1",
    "LongName": "KING pepermunt 4x44g",
    "AlcoholVolume": "0",
    "FicCode": "E",
    "EcoscoreValue": "66"
  },
  {
    "productId": "732307",
    "technicalArticleNumber": "4491066",
    "commercialArticleNumber": "14308",
    "name": "koeken nutties",
    "brand": "BONI",
    "seoBrand": "Boni Selection",
    "thumbNail": "https://static.colruytgroup.com/images/200x200/std.lang.all/52/27/asset-2755227.jpg",
    "fullImage": "https://static.colruytgroup.com/images/500x500/std.lang.all/52/27/asset-2755227.jpg",
    "squareImage": "https://static.colruytgroup.com/images/500x500sq/std.lang.all/52/27/asset-2755227.jpg",
    "content": "172g",
    "walkRouteSequenceNumber": 1517,
    "price": {
      "basicPrice": 1.71,
      "recommendedQuantity": "1.0",
      "measurementUnitPrice": 9.95,
      "measurementUnit": "K",
      "isRedPrice": false,
      "pricePerUOM": 9.95,
      "activationDate": "02-02-2024",
      "recordSource": "Offline",
      "isPromoActive": "N",
      "priceChangeCode": "E"
    },
    "isAvailable": true,
    "isPriceAvailable": true,
    "inPromo": false,
    "gtin": [
      "05400141565171",
      "15400141565178"
    ],
    "topCategoryName": "Koeken/Chocolade/Snoep",
    "topCategoryId": "335",
    "businessDomain": "RETAIL_BE",
    "IsPrivateLabel": true,
    "IsBiffe": false,
    "WeightconversionFactor": "0",
    "IsWeightArticle": false,
    "nutriscoreLabel": "E",
    "IsBio": false,
    "CountryOfOrigin": "DUITSLAND",
    "IsExclusivelySoldInLuxembourg": false,
    "OrderUnit": "P",
    "ShortName": "BONI KOEKEN NUTTIES172",
    "IsNew": false,
    "EcoscoreLabel": "C",
    "RecentQuanityOfStockUnits": "1",
    "LongName": "BONI koeken nutties 172g",
    "FicCode": "I",
    "EcoscoreValue": "46"
  },
  {
    "productId": "29057",
    "technicalArticleNumber": "2231506",
    "commercialArticleNumber": "20072",
    "name": "LEO GO! Mini",
    "brand": "MILKA",
    "seoBrand": "Milka Leo",
    "thumbNail": "https://static.colruytgroup.com/images/200x200/std.lang.all/87/99/asset-3278799.jpg",
    "fullImage": "https://static.colruytgroup.com/images/500x500/std.lang.all/87/99/asset-3278799.jpg",
    "squareImage": "https://static.colruytgroup.com/images/500x500sq/std.lang.all/87/99/asset-3278799.jpg",
    "content": "10x18,2g",
    "walkRouteSequenceNumber": 1449,
    "price": {
      "basicPrice": 4.89,
      "recommendedQuantity": "2.0",
      "measurementUnitPrice": 26.87,
      "measurementUnit": "K",
      "isRedPrice": false,
      "pricePerUOM": 26.87,
      "activationDate": "15-03-2024",
      "recordSource": "Offline",
      "isPromoActive": "N",
      "priceChangeCode": "E"
    },
    "isAvailable": true,
    "isPriceAvailable": true,
    "inPromo": false,
    "gtin": [
      "07622300348793",
      "07622300348816",
      "07622300348809",
      "07622300348786"
    ],
    "topCategoryName": "Koeken/Chocolade/Snoep",
    "topCategoryId": "335",
    "businessDomain": "RETAIL_BE",
    "IsPrivateLabel": false,
    "IsBiffe": false,
    "WeightconversionFactor": "0",
    "IsWeightArticle": false,
    "nutriscoreLabel": "E",
    "IsBio": false,
    "CountryOfOrigin": "BELGIË",
    "IsExclusivelySoldInLuxembourg": false,
    "OrderUnit": "P",
    "ShortName": "LEO GO MINI 182GR",
    "IsNew": false,
    "RecentQuanityOfStockUnits": "1,2",
    "LongName": "MILKA LEO GO! Mini 10x18,2g",
    "AlcoholVolume": "0",
    "FicCode": "E"
  },
  {
    "productId": "150741",
    "technicalArticleNumber": "3304427",
    "commercialArticleNumber": "24611",
    "name": "zeevruchten",
    "description": "zeevruchtjes in melk- en witte\nchocolade met hazelnootpraliné",
    "brand": "BONI",
    "seoBrand": "Boni Selection",
    "thumbNail": "https://static.colruytgroup.com/images/200x200/std.lang.all/25/13/asset-3362513.jpg",
    "fullImage": "https://static.colruytgroup.com/images/500x500/std.lang.all/25/13/asset-3362513.jpg",
    "squareImage": "https://static.colruytgroup.com/images/500x500sq/std.lang.all/25/13/asset-3362513.jpg",
    "content": "250g",
    "walkRouteSequenceNumber": 1230,
    "price": {
      "basicPrice": 1.89,
      "recommendedQuantity": "1.0",
      "measurementUnitPrice": 7.56,
      "measurementUnit": "K",
      "isRedPrice": false,
      "pricePerUOM": 7.56,
      "activationDate": "12-10-2023",
      "recordSource": "Offline",
      "isPromoActive": "N",
      "priceChangeCode": "E"
    },
    "isAvailable": true,
    "isPriceAvailable": true,
    "inPromo": false,
    "gtin": [
      "15400141276616",
      "05400141276619",
      "05400141057867"
    ],
    "topCategoryName": "Koeken/Chocolade/Snoep",
    "topCategoryId": "335",
    "businessDomain": "RETAIL_BE",
    "IsPrivateLabel": true,
    "IsBiffe": false,
    "WeightconversionFactor": "0",
    "IsWeightArticle": false,
    "nutriscoreLabel": "E",
    "IsBio": false,
    "CountryOfOrigin": "BELGIË",
    "IsExclusivelySoldInLuxembourg": false,
    "OrderUnit": "P",
    "ShortName": "BONI ZEEVRUCHTEN 250G",
    "InSeason": true,
    "IsNew": false,
    "EcoscoreLabel": "C",
    "RecentQuanityOfStockUnits": "1,12",
    "LongName": "BONI zeevruchten 250g",
    "AlcoholVolume": "0",
    "StartSeasonDate": "11/10/2017",
    "FicCode": "I",
    "EcoscoreValue": "55"
  },
  {
    "productId": "261595",
    "technicalArticleNumber": "3608696",
    "commercialArticleNumber": "17587",
    "name": "chocolade puur FT",
    "description": "*min.69,9%\ncacaobestanddelen\n*Belgische chocolade\n*Fairtrade",
    "brand": "BONI BIO",
    "seoBrand": "Boni Selection Bio",
    "thumbNail": "https://static.colruytgroup.com/images/200x200/std.lang.all/65/74/asset-2336574.jpg",
    "fullImage": "https://static.colruytgroup.com/images/500x500/std.lang.all/65/74/asset-2336574.jpg",
    "squareImage": "https://static.colruytgroup.com/images/500x500sq/std.lang.all/65/74/asset-2336574.jpg",
    "content": "100g",
    "walkRouteSequenceNumber": 1320,
    "price": {
      "basicPrice": 1.19,
      "recommendedQuantity": "1.0",
      "measurementUnitPrice": 11.9,
      "measurementUnit": "K",
      "isRedPrice": false,
      "pricePerUOM": 11.9,
      "activationDate": "30-01-2024",
      "recordSource": "Offline",
      "isPromoActive": "N",
      "priceChangeCode": "E"
    },
    "isAvailable": true,
    "isPriceAvailable": true,
    "inPromo": false,
    "gtin": [
      "15400141046011",
      "05400141364835",
      "05400141275520",
      "05400141224382",
      "05400141046014",
      "15400141802273",
      "05400141802276"
    ],
    "topCategoryName": "Koeken/Chocolade/Snoep",
    "topCategoryId": "335",
    "businessDomain": "RETAIL_BE",
    "IsPrivateLabel": true,
    "IsBiffe": false,
    "WeightconversionFactor": "0",
    "IsWeightArticle": false,
    "nutriscoreLabel": "E",
    "IsBio": true,
    "CountryOfOrigin": "BELGIË",
    "IsExclusivelySoldInLuxembourg": false,
    "OrderUnit": "P",
    "ShortName": "BONI BIO PUUR FT 100G",
    "InSeason": true,
    "IsNew": false,
    "EcoscoreLabel": "D",
    "RecentQuanityOfStockUnits": "1,19",
    "LongName": "BONI BIO chocolade puur FT 100g",
    "AlcoholVolume": "0",
    "StartSeasonDate": "02/06/2023",
    "FicCode": "I",
    "EcoscoreValue": "35"
  },
  {
    "productId": "267720",
    "technicalArticleNumber": "3650198",
    "commercialArticleNumber": "20986",
    "name": "koeken melkchocolade 4st",
    "description": "*Individueel verpakt",
    "brand": "DINOSAURUS",
    "seoBrand": "Lotus Dinosaurus",
    "thumbNail": "https://static.colruytgroup.com/images/200x200/nl_be/06/93/asset-1510693.jpg",
    "fullImage": "https://static.colruytgroup.com/images/500x500/nl_be/06/93/asset-1510693.jpg",
    "squareImage": "https://static.colruytgroup.com/images/500x500sq/nl_be/06/93/asset-1510693.jpg",
    "content": "171g",
    "walkRouteSequenceNumber": 2224,
    "price": {
      "basicPrice": 2.19,
      "recommendedQuantity": "1.0",
      "measurementUnitPrice": 12.81,
      "measurementUnit": "K",
      "isRedPrice": false,
      "pricePerUOM": 12.81,
      "activationDate": "15-03-2024",
      "recordSource": "Offline",
      "isPromoActive": "N",
      "priceChangeCode": "L"
    },
    "isAvailable": true,
    "isPriceAvailable": true,
    "inPromo": false,
    "gtin": [
      "15410126854159",
      "05410126854152"
    ],
    "topCategoryName": "Koeken/Chocolade/Snoep",
    "topCategoryId": "335",
    "businessDomain": "RETAIL_BE",
    "IsPrivateLabel": false,
    "IsBiffe": false,
    "WeightconversionFactor": "0",
    "IsWeightArticle": false,
    "nutriscoreLabel": "E",
    "IsBio": false,
    "CountryOfOrigin": "BELGIË",
    "IsExclusivelySoldInLuxembourg": false,
    "OrderUnit": "P",
    "ShortName": "LOTU DINO GEV.MELKCH171",
    "IsNew": false,
    "RecentQuanityOfStockUnits": "1,12",
    "LongName": "DINOSAURUS koeken melkchocolade 4st 171g",
    "AlcoholVolume": "0",
    "FicCode": "E"
  },
  {
    "productId": "509759",
    "technicalArticleNumber": "4080229",
    "commercialArticleNumber": "7637",
    "name": "botermadeleine",
    "brand": "LOTUS",
    "seoBrand": "Lotus",
    "thumbNail": "https://static.colruytgroup.com/images/200x200/std.lang.all/61/63/asset-1796163.jpg",
    "fullImage": "https://static.colruytgroup.com/images/500x500/std.lang.all/61/63/asset-1796163.jpg",
    "squareImage": "https://static.colruytgroup.com/images/500x500sq/std.lang.all/61/63/asset-1796163.jpg",
    "content": "10x28g",
    "walkRouteSequenceNumber": 2030,
    "price": {
      "basicPrice": 3.59,
      "recommendedQuantity": "1.0",
      "measurementUnitPrice": 12.83,
      "measurementUnit": "K",
      "isRedPrice": false,
      "pricePerUOM": 12.83,
      "activationDate": "15-02-2024",
      "recordSource": "Offline",
      "isPromoActive": "N",
      "priceChangeCode": "E"
    },
    "isAvailable": true,
    "isPriceAvailable": true,
    "inPromo": false,
    "gtin": [
      "03182650608687",
      "13182650608684"
    ],
    "topCategoryName": "Koeken/Chocolade/Snoep",
    "topCategoryId": "335",
    "businessDomain": "RETAIL_BE",
    "IsPrivateLabel": false,
    "IsBiffe": false,
    "WeightconversionFactor": "0",
    "IsWeightArticle": false,
    "nutriscoreLabel": "E",
    "IsBio": false,
    "CountryOfOrigin": "FRANKRIJK",
    "IsExclusivelySoldInLuxembourg": false,
    "OrderUnit": "P",
    "ShortName": "LOTU BO.MADELEINE10S280",
    "IsNew": false,
    "RecentQuanityOfStockUnits": "1",
    "LongName": "LOTUS botermadeleine 10x28g",
    "FicCode": "E"
  },
  {
    "productId": "1630",
    "technicalArticleNumber": "21028",
    "commercialArticleNumber": "21028",
    "name": "Namur",
    "brand": "DELACRE",
    "seoBrand": "Delacre Namur",
    "thumbNail": "https://static.colruytgroup.com/images/200x200/std.lang.all/81/60/asset-1808160.jpg",
    "fullImage": "https://static.colruytgroup.com/images/500x500/std.lang.all/81/60/asset-1808160.jpg",
    "squareImage": "https://static.colruytgroup.com/images/500x500sq/std.lang.all/81/60/asset-1808160.jpg",
    "content": "200g",
    "walkRouteSequenceNumber": 2085,
    "price": {
      "basicPrice": 2.29,
      "recommendedQuantity": "2.0",
      "measurementUnitPrice": 11.45,
      "measurementUnit": "K",
      "isRedPrice": false,
      "pricePerUOM": 11.45,
      "activationDate": "23-03-2024",
      "recordSource": "Folder",
      "isPromoActive": "N",
      "priceChangeCode": "E"
    },
    "isAvailable": true,
    "isPriceAvailable": true,
    "inPromo": false,
    "gtin": [
      "03116430210555",
      "03116430057938",
      "03116430211538",
      "03116430519801",
      "03116430522344",
      "03116430957931"
    ],
    "topCategoryName": "Koeken/Chocolade/Snoep",
    "topCategoryId": "335",
    "businessDomain": "RETAIL_BE",
    "IsPrivateLabel": false,
    "IsBiffe": false,
    "WeightconversionFactor": "0",
    "IsWeightArticle": false,
    "nutriscoreLabel": "E",
    "IsBio": false,
    "CountryOfOrigin": "BELGIË",
    "IsExclusivelySoldInLuxembourg": false,
    "OrderUnit": "P",
    "ShortName": "DELACRE BISC NAMUR 200G",
    "InSeason": true,
    "IsNew": false,
    "RecentQuanityOfStockUnits": "12,2,1",
    "LongName": "DELACRE Namur 200g",
    "AlcoholVolume": "0",
    "StartSeasonDate": "28/10/2005",
    "FicCode": "E"
  },
  {
    "productId": "15310",
    "technicalArticleNumber": "1620686",
    "commercialArticleNumber": "22947",
    "name": "zakje paasfig.melkchocolade",
    "description": "*Belgische chocolade",
    "brand": "LIBEERT",
    "seoBrand": "Libeert",
    "thumbNail": "https://static.colruytgroup.com/images/200x200/std.lang.all/17/54/asset-3141754.jpg",
    "fullImage": "https://static.colruytgroup.com/images/500x500/std.lang.all/17/54/asset-3141754.jpg",
    "squareImage": "https://static.colruytgroup.com/images/500x500sq/std.lang.all/17/54/asset-3141754.jpg",
    "content": "175g",
    "walkRouteSequenceNumber": 1475,
    "price": {
      "basicPrice": 5.09,
      "recommendedQuantity": "1.0",
      "measurementUnitPrice": 29.09,
      "measurementUnit": "K",
      "isRedPrice": false,
      "pricePerUOM": 29.09,
      "activationDate": "08-03-2024",
      "recordSource": "Offline",
      "isPromoActive": "N",
      "priceChangeCode": "H"
    },
    "isAvailable": true,
    "isPriceAvailable": true,
    "inPromo": false,
    "gtin": [
      "05411901063004",
      "05411901949100"
    ],
    "topCategoryName": "Koeken/Chocolade/Snoep",
    "topCategoryId": "335",
    "businessDomain": "RETAIL_BE",
    "IsPrivateLabel": false,
    "IsBiffe": false,
    "WeightconversionFactor": "0",
    "IsWeightArticle": false,
    "nutriscoreLabel": "E",
    "IsBio": false,
    "CountryOfOrigin": "BELGIË",
    "IsExclusivelySoldInLuxembourg": false,
    "OrderUnit": "P",
    "ShortName": "LIB PASEN MELK 175G",
    "InSeason": true,
    "IsNew": false,
    "EcoscoreLabel": "C",
    "RecentQuanityOfStockUnits": "1,20",
    "LongName": "LIBEERT zakje paasfig.melkchocolade 175g",
    "AlcoholVolume": "0",
    "StartSeasonDate": "25/10/2023",
    "FicCode": "E",
    "EcoscoreValue": "43"
  },
  {
    "productId": "220170",
    "technicalArticleNumber": "3482741",
    "commercialArticleNumber": "50492",
    "name": "Jumbo vanille wafel choco.",
    "brand": "SUZY",
    "seoBrand": "Lotus Suzy Jumbo",
    "thumbNail": "https://static.colruytgroup.com/images/200x200/std.lang.all/17/65/asset-1851765.jpg",
    "fullImage": "https://static.colruytgroup.com/images/500x500/std.lang.all/17/65/asset-1851765.jpg",
    "squareImage": "https://static.colruytgroup.com/images/500x500sq/std.lang.all/17/65/asset-1851765.jpg",
    "content": "4x75g",
    "walkRouteSequenceNumber": 1851,
    "price": {
      "basicPrice": 3.49,
      "recommendedQuantity": "1.0",
      "measurementUnitPrice": 11.64,
      "measurementUnit": "K",
      "isRedPrice": false,
      "pricePerUOM": 11.64,
      "activationDate": "08-03-2024",
      "recordSource": "Offline",
      "isPromoActive": "N",
      "priceChangeCode": "H"
    },
    "isAvailable": true,
    "isPriceAvailable": true,
    "inPromo": false,
    "gtin": [
      "05410126014426",
      "15410126014423"
    ],
    "topCategoryName": "Koeken/Chocolade/Snoep",
    "topCategoryId": "335",
    "businessDomain": "RETAIL_BE",
    "IsPrivateLabel": false,
    "IsBiffe": false,
    "WeightconversionFactor": "0",
    "IsWeightArticle": false,
    "nutriscoreLabel": "E",
    "IsBio": false,
    "CountryOfOrigin": "BELGIË",
    "IsExclusivelySoldInLuxembourg": false,
    "OrderUnit": "P",
    "ShortName": "SUZY JUMBO 300G",
    "IsNew": false,
    "RecentQuanityOfStockUnits": "1",
    "LongName": "SUZY Jumbo vanille wafel choco. 4x75g",
    "AlcoholVolume": "0",
    "FicCode": "E"
  },
  {
    "productId": "175279",
    "technicalArticleNumber": "3348177",
    "commercialArticleNumber": "21467",
    "name": "krok.wafels chocolade",
    "description": "*Individueel verpakt",
    "brand": "LOTUS",
    "seoBrand": "Lotus",
    "thumbNail": "https://static.colruytgroup.com/images/200x200/std.lang.all/09/77/asset-1860977.jpg",
    "fullImage": "https://static.colruytgroup.com/images/500x500/std.lang.all/09/77/asset-1860977.jpg",
    "squareImage": "https://static.colruytgroup.com/images/500x500sq/std.lang.all/09/77/asset-1860977.jpg",
    "content": "4x46g",
    "walkRouteSequenceNumber": 1796,
    "price": {
      "basicPrice": 2.99,
      "recommendedQuantity": "1.0",
      "measurementUnitPrice": 16.25,
      "measurementUnit": "K",
      "isRedPrice": false,
      "pricePerUOM": 16.25,
      "activationDate": "30-01-2024",
      "recordSource": "Offline",
      "isPromoActive": "N",
      "priceChangeCode": "E"
    },
    "isAvailable": true,
    "isPriceAvailable": true,
    "inPromo": false,
    "gtin": [
      "05410126043419",
      "15410126043416"
    ],
    "topCategoryName": "Koeken/Chocolade/Snoep",
    "topCategoryId": "335",
    "businessDomain": "RETAIL_BE",
    "IsPrivateLabel": false,
    "IsBiffe": false,
    "WeightconversionFactor": "0",
    "IsWeightArticle": false,
    "nutriscoreLabel": "E",
    "IsBio": false,
    "CountryOfOrigin": "BELGIË",
    "IsExclusivelySoldInLuxembourg": false,
    "OrderUnit": "P",
    "ShortName": "LOT KROK.WAF.CH4X4S184G",
    "IsNew": false,
    "RecentQuanityOfStockUnits": "1",
    "LongName": "LOTUS krok.wafels chocolade 4x46g",
    "AlcoholVolume": "0",
    "FicCode": "E"
  },
  {
    "productId": "346876",
    "technicalArticleNumber": "3741102",
    "commercialArticleNumber": "15245",
    "name": "protein pind&choc.GV",
    "description": "*Rijk aan vezels\n*Eiwitrijk\n*Glutenvrij",
    "brand": "NATURE VALLEY",
    "seoBrand": "Nature Valley",
    "thumbNail": "https://static.colruytgroup.com/images/200x200/std.lang.all/79/88/asset-1527988.jpg",
    "fullImage": "https://static.colruytgroup.com/images/500x500/std.lang.all/79/88/asset-1527988.jpg",
    "squareImage": "https://static.colruytgroup.com/images/500x500sq/std.lang.all/79/88/asset-1527988.jpg",
    "content": "160g",
    "walkRouteSequenceNumber": 2202,
    "price": {
      "basicPrice": 3.99,
      "recommendedQuantity": "1.0",
      "measurementUnitPrice": 24.94,
      "measurementUnit": "K",
      "isRedPrice": false,
      "pricePerUOM": 24.94,
      "activationDate": "15-11-2023",
      "recordSource": "Offline",
      "isPromoActive": "N",
      "priceChangeCode": "E"
    },
    "isAvailable": true,
    "isPriceAvailable": true,
    "inPromo": false,
    "gtin": [
      "08410076710819",
      "08410076610539"
    ],
    "topCategoryName": "Brood/Ontbijt",
    "topCategoryId": "124",
    "businessDomain": "RETAIL_BE",
    "IsPrivateLabel": false,
    "IsBiffe": false,
    "WeightconversionFactor": "0",
    "IsWeightArticle": false,
    "nutriscoreLabel": "D",
    "IsBio": false,
    "CountryOfOrigin": "SPANJE",
    "IsExclusivelySoldInLuxembourg": false,
    "OrderUnit": "P",
    "ShortName": "NAVA PROT.PI&CH GV 160G",
    "IsNew": false,
    "EcoscoreLabel": "C",
    "RecentQuanityOfStockUnits": "1,8",
    "LongName": "NATURE VALLEY protein pind&choc.GV 160g",
    "AlcoholVolume": "0",
    "FicCode": "E",
    "EcoscoreValue": "48"
  },
  {
    "productId": "567452",
    "technicalArticleNumber": "4210471",
    "commercialArticleNumber": "16185",
    "name": "callets fondant",
    "brand": "JACQUES",
    "seoBrand": "Jacques",
    "thumbNail": "https://static.colruytgroup.com/images/200x200/std.lang.all/06/55/asset-2350655.jpg",
    "fullImage": "https://static.colruytgroup.com/images/500x500/std.lang.all/06/55/asset-2350655.jpg",
    "squareImage": "https://static.colruytgroup.com/images/500x500sq/std.lang.all/06/55/asset-2350655.jpg",
    "content": "400g",
    "walkRouteSequenceNumber": 1296,
    "price": {
      "basicPrice": 5.99,
      "recommendedQuantity": "1.0",
      "measurementUnitPrice": 14.98,
      "measurementUnit": "K",
      "isRedPrice": false,
      "pricePerUOM": 14.98,
      "activationDate": "20-03-2024",
      "recordSource": "Offline",
      "isPromoActive": "N",
      "priceChangeCode": "H"
    },
    "isAvailable": true,
    "isPriceAvailable": true,
    "inPromo": false,
    "gtin": [
      "05410059450544",
      "05410059757216"
    ],
    "topCategoryName": "Koeken/Chocolade/Snoep",
    "topCategoryId": "335",
    "businessDomain": "RETAIL_BE",
    "IsPrivateLabel": false,
    "IsBiffe": false,
    "WeightconversionFactor": "0",
    "IsWeightArticle": false,
    "nutriscoreLabel": "E",
    "IsBio": false,
    "CountryOfOrigin": "BELGIË",
    "IsExclusivelySoldInLuxembourg": false,
    "OrderUnit": "P",
    "ShortName": "JACQ CALLETS FONDANT400",
    "IsNew": false,
    "EcoscoreLabel": "D",
    "RecentQuanityOfStockUnits": "1",
    "LongName": "JACQUES callets fondant 400g",
    "FicCode": "E",
    "EcoscoreValue": "25"
  },
  {
    "productId": "545397",
    "technicalArticleNumber": "4172110",
    "commercialArticleNumber": "9938",
    "name": "chocolade melk pouch",
    "brand": "M&M'S",
    "seoBrand": "M&M's",
    "thumbNail": "https://static.colruytgroup.com/images/200x200/std.lang.all/58/59/asset-2205859.jpg",
    "fullImage": "https://static.colruytgroup.com/images/500x500/std.lang.all/58/59/asset-2205859.jpg",
    "squareImage": "https://static.colruytgroup.com/images/500x500sq/std.lang.all/58/59/asset-2205859.jpg",
    "content": "550g",
    "walkRouteSequenceNumber": 1443,
    "price": {
      "basicPrice": 5.31,
      "recommendedQuantity": "1.0",
      "measurementUnitPrice": 9.66,
      "measurementUnit": "K",
      "isRedPrice": false,
      "pricePerUOM": 9.66,
      "activationDate": "02-03-2024",
      "recordSource": "Offline",
      "isPromoActive": "N",
      "priceChangeCode": "H"
    },
    "isAvailable": true,
    "isPriceAvailable": true,
    "inPromo": false,
    "gtin": [
      "35400141312721",
      "05900951262579",
      "05900951262562"
    ],
    "topCategoryName": "Koeken/Chocolade/Snoep",
    "topCategoryId": "335",
    "businessDomain": "RETAIL_BE",
    "IsPrivateLabel": false,
    "IsBiffe": false,
    "WeightconversionFactor": "0",
    "IsWeightArticle": false,
    "nutriscoreLabel": "E",
    "IsBio": false,
    "CountryOfOrigin": "FRANKRIJK",
    "IsExclusivelySoldInLuxembourg": false,
    "OrderUnit": "P",
    "ShortName": "M&MS CHOC.MELK POUCH550",
    "IsNew": false,
    "RecentQuanityOfStockUnits": "1",
    "LongName": "M&M'S chocolade melk pouch 550g",
    "FicCode": "E"
  },
  {
    "productId": "1487",
    "technicalArticleNumber": "20128",
    "commercialArticleNumber": "20128",
    "name": "melk honing nougat",
    "brand": "TOBLERONE",
    "seoBrand": "Toblerone",
    "thumbNail": "https://static.colruytgroup.com/images/200x200/std.lang.all/80/27/asset-858027.jpg",
    "fullImage": "https://static.colruytgroup.com/images/500x500/std.lang.all/80/27/asset-858027.jpg",
    "squareImage": "https://static.colruytgroup.com/images/500x500sq/std.lang.all/80/27/asset-858027.jpg",
    "content": "100g",
    "walkRouteSequenceNumber": 1334,
    "price": {
      "basicPrice": 0.99,
      "recommendedQuantity": "3.0",
      "measurementUnitPrice": 9.9,
      "measurementUnit": "K",
      "isRedPrice": false,
      "pricePerUOM": 9.9,
      "activationDate": "10-01-2024",
      "recordSource": "Offline",
      "isPromoActive": "N",
      "priceChangeCode": "L"
    },
    "isAvailable": true,
    "isPriceAvailable": true,
    "inPromo": false,
    "gtin": [
      "05400141201284",
      "07614500010013",
      "07614500210017",
      "07622200136742"
    ],
    "topCategoryName": "Koeken/Chocolade/Snoep",
    "topCategoryId": "335",
    "businessDomain": "RETAIL_BE",
    "IsPrivateLabel": false,
    "IsBiffe": false,
    "WeightconversionFactor": "0",
    "IsWeightArticle": false,
    "nutriscoreLabel": "E",
    "IsBio": false,
    "CountryOfOrigin": "ZWITSERLAND",
    "IsExclusivelySoldInLuxembourg": false,
    "OrderUnit": "P",
    "ShortName": "TOBLERONE GEEL 100GR",
    "IsNew": false,
    "RecentQuanityOfStockUnits": "1,3",
    "LongName": "TOBLERONE melk honing nougat 100g",
    "AlcoholVolume": "0",
    "FicCode": "E"
  },
  {
    "productId": "9831",
    "technicalArticleNumber": "1401667",
    "commercialArticleNumber": "21969",
    "name": "Marshmallow chocolade",
    "description": "*Individueel verpakt",
    "brand": "LOTUS",
    "seoBrand": "Lotus",
    "thumbNail": "https://static.colruytgroup.com/images/200x200/std.lang.all/19/21/asset-1821921.jpg",
    "fullImage": "https://static.colruytgroup.com/images/500x500/std.lang.all/19/21/asset-1821921.jpg",
    "squareImage": "https://static.colruytgroup.com/images/500x500sq/std.lang.all/19/21/asset-1821921.jpg",
    "content": "5x27g",
    "walkRouteSequenceNumber": 2107,
    "price": {
      "basicPrice": 3.59,
      "recommendedQuantity": "1.0",
      "measurementUnitPrice": 26.6,
      "measurementUnit": "K",
      "isRedPrice": false,
      "pricePerUOM": 26.6,
      "activationDate": "13-03-2024",
      "recordSource": "Offline",
      "isPromoActive": "N",
      "priceChangeCode": "H"
    },
    "isAvailable": true,
    "isPriceAvailable": true,
    "inPromo": false,
    "gtin": [
      "05410126000955",
      "15410126000952"
    ],
    "topCategoryName": "Koeken/Chocolade/Snoep",
    "topCategoryId": "335",
    "businessDomain": "RETAIL_BE",
    "IsPrivateLabel": false,
    "IsBiffe": false,
    "WeightconversionFactor": "0",
    "IsWeightArticle": false,
    "nutriscoreLabel": "E",
    "IsBio": false,
    "CountryOfOrigin": "BELGIË",
    "IsExclusivelySoldInLuxembourg": false,
    "OrderUnit": "P",
    "ShortName": "LOTUS 5 MARSHMAL 135 GR",
    "IsNew": false,
    "RecentQuanityOfStockUnits": "1,12",
    "LongName": "LOTUS Marshmallow chocolade 5x27g",
    "AlcoholVolume": "0",
    "FicCode": "E"
  },
  {
    "productId": "511243",
    "technicalArticleNumber": "4083290",
    "commercialArticleNumber": "7754",
    "name": "B-Bar",
    "brand": "BONI",
    "seoBrand": "Boni Selection",
    "thumbNail": "https://static.colruytgroup.com/images/200x200/std.lang.all/39/64/asset-3003964.jpg",
    "fullImage": "https://static.colruytgroup.com/images/500x500/std.lang.all/39/64/asset-3003964.jpg",
    "squareImage": "https://static.colruytgroup.com/images/500x500sq/std.lang.all/39/64/asset-3003964.jpg",
    "content": "8x44g",
    "walkRouteSequenceNumber": 1606,
    "price": {
      "basicPrice": 3.49,
      "recommendedQuantity": "1.0",
      "measurementUnitPrice": 9.92,
      "measurementUnit": "K",
      "isRedPrice": false,
      "pricePerUOM": 9.92,
      "activationDate": "12-12-2023",
      "recordSource": "Offline",
      "isPromoActive": "N",
      "priceChangeCode": "H"
    },
    "isAvailable": true,
    "isPriceAvailable": true,
    "inPromo": false,
    "gtin": [
      "15400141500124",
      "05400141500127",
      "05400141279870",
      "15400141279877"
    ],
    "topCategoryName": "Koeken/Chocolade/Snoep",
    "topCategoryId": "335",
    "businessDomain": "RETAIL_BE",
    "IsPrivateLabel": true,
    "IsBiffe": false,
    "WeightconversionFactor": "0",
    "IsWeightArticle": false,
    "nutriscoreLabel": "E",
    "IsBio": false,
    "CountryOfOrigin": "TURKIJE",
    "IsExclusivelySoldInLuxembourg": false,
    "OrderUnit": "P",
    "ShortName": "BONI B-BAR 8X44G",
    "IsNew": false,
    "EcoscoreLabel": "B",
    "RecentQuanityOfStockUnits": "1,1,16",
    "LongName": "BONI B-Bar 8x44g",
    "FicCode": "I",
    "EcoscoreValue": "65"
  },
  {
    "productId": "13402",
    "technicalArticleNumber": "1309159",
    "commercialArticleNumber": "21915",
    "name": "koeken Naturel fruit",
    "description": "*Individueel verpakt",
    "brand": "SULTANA",
    "seoBrand": "Sultana",
    "thumbNail": "https://static.colruytgroup.com/images/200x200/std.lang.all/87/96/asset-3248796.jpg",
    "fullImage": "https://static.colruytgroup.com/images/500x500/std.lang.all/87/96/asset-3248796.jpg",
    "squareImage": "https://static.colruytgroup.com/images/500x500sq/std.lang.all/87/96/asset-3248796.jpg",
    "content": "5x43,6g",
    "walkRouteSequenceNumber": 2309,
    "price": {
      "basicPrice": 1.87,
      "recommendedQuantity": "2.0",
      "measurementUnitPrice": 8.58,
      "measurementUnit": "K",
      "isRedPrice": false,
      "pricePerUOM": 8.58,
      "activationDate": "23-03-2024",
      "recordSource": "Folder",
      "isPromoActive": "N",
      "priceChangeCode": "E"
    },
    "isAvailable": true,
    "isPriceAvailable": true,
    "inPromo": false,
    "gtin": [
      "05400141086195",
      "08710412035782",
      "08710412231023",
      "08710412465046",
      "08710412035799",
      "08710412971042"
    ],
    "topCategoryName": "Koeken/Chocolade/Snoep",
    "topCategoryId": "335",
    "businessDomain": "RETAIL_BE",
    "IsPrivateLabel": false,
    "IsBiffe": false,
    "WeightconversionFactor": "0",
    "IsWeightArticle": false,
    "nutriscoreLabel": "D",
    "IsBio": false,
    "CountryOfOrigin": "BELGIË",
    "IsExclusivelySoldInLuxembourg": false,
    "OrderUnit": "P",
    "ShortName": "SULTANA NATUREL 5S 218G",
    "IsNew": false,
    "EcoscoreLabel": "C",
    "RecentQuanityOfStockUnits": "2,1,18",
    "LongName": "SULTANA koeken Naturel fruit 5x43,6g",
    "AlcoholVolume": "0",
    "FicCode": "E",
    "EcoscoreValue": "55"
  },
  {
    "productId": "797861",
    "technicalArticleNumber": "4609658",
    "commercialArticleNumber": "5776",
    "name": "fizzy tongues",
    "brand": "BONI",
    "seoBrand": "Boni Selection",
    "thumbNail": "https://static.colruytgroup.com/images/200x200/std.lang.all/37/59/asset-2933759.jpg",
    "fullImage": "https://static.colruytgroup.com/images/500x500/std.lang.all/37/59/asset-2933759.jpg",
    "squareImage": "https://static.colruytgroup.com/images/500x500sq/std.lang.all/37/59/asset-2933759.jpg",
    "content": "600g",
    "walkRouteSequenceNumber": 1969,
    "price": {
      "basicPrice": 3.19,
      "recommendedQuantity": "1.0",
      "measurementUnitPrice": 5.32,
      "measurementUnit": "K",
      "isRedPrice": false,
      "pricePerUOM": 5.32,
      "activationDate": "23-03-2024",
      "recordSource": "Offline",
      "isPromoActive": "N",
      "priceChangeCode": "E"
    },
    "isAvailable": true,
    "isPriceAvailable": true,
    "inPromo": false,
    "gtin": [
      "15400141936015",
      "05400141936018"
    ],
    "topCategoryName": "Koeken/Chocolade/Snoep",
    "topCategoryId": "335",
    "businessDomain": "RETAIL_BE",
    "IsPrivateLabel": true,
    "IsBiffe": false,
    "WeightconversionFactor": "0",
    "IsWeightArticle": false,
    "nutriscoreLabel": "E",
    "IsBio": false,
    "CountryOfOrigin": "BELGIË",
    "IsExclusivelySoldInLuxembourg": false,
    "OrderUnit": "P",
    "ShortName": "BONI FIZZY TONGUES 600G",
    "IsNew": false,
    "EcoscoreLabel": "C",
    "RecentQuanityOfStockUnits": "1",
    "LongName": "BONI fizzy tongues 600g",
    "FicCode": "I",
    "EcoscoreValue": "42"
  },
  {
    "productId": "660678",
    "technicalArticleNumber": "4365004",
    "commercialArticleNumber": "24117",
    "name": "mini cake chocolade",
    "brand": "CRUMBEL",
    "seoBrand": "Crumbel",
    "thumbNail": "https://static.colruytgroup.com/images/200x200/std.lang.all/50/96/asset-2525096.jpg",
    "fullImage": "https://static.colruytgroup.com/images/500x500/std.lang.all/50/96/asset-2525096.jpg",
    "squareImage": "https://static.colruytgroup.com/images/500x500sq/std.lang.all/50/96/asset-2525096.jpg",
    "content": "300g",
    "walkRouteSequenceNumber": 2047,
    "price": {
      "basicPrice": 3.39,
      "recommendedQuantity": "1.0",
      "measurementUnitPrice": 11.3,
      "measurementUnit": "K",
      "isRedPrice": false,
      "pricePerUOM": 11.3,
      "activationDate": "31-01-2024",
      "recordSource": "Offline",
      "isPromoActive": "N",
      "priceChangeCode": "E"
    },
    "isAvailable": true,
    "isPriceAvailable": true,
    "inPromo": false,
    "gtin": [
      "05425026052690",
      "05425026052683"
    ],
    "topCategoryName": "Koeken/Chocolade/Snoep",
    "topCategoryId": "335",
    "businessDomain": "RETAIL_BE",
    "IsPrivateLabel": false,
    "IsBiffe": false,
    "WeightconversionFactor": "0",
    "IsWeightArticle": false,
    "nutriscoreLabel": "E",
    "IsBio": false,
    "CountryOfOrigin": "BELGIË",
    "IsExclusivelySoldInLuxembourg": false,
    "OrderUnit": "P",
    "ShortName": "CRUM MINI CAKE CHOC.300",
    "IsNew": false,
    "EcoscoreLabel": "C",
    "RecentQuanityOfStockUnits": "1",
    "LongName": "CRUMBEL mini cake chocolade 300g",
    "FicCode": "E",
    "EcoscoreValue": "42"
  },
  {
    "productId": "210613",
    "technicalArticleNumber": "3522988",
    "commercialArticleNumber": "10735",
    "name": "Black&White",
    "description": "*Individueel verpakt",
    "brand": "LU PRINCE MINISTARS",
    "seoBrand": "LU Prince MiniStars",
    "thumbNail": "https://static.colruytgroup.com/images/200x200/std.lang.all/32/65/asset-1463265.jpg",
    "fullImage": "https://static.colruytgroup.com/images/500x500/std.lang.all/32/65/asset-1463265.jpg",
    "squareImage": "https://static.colruytgroup.com/images/500x500sq/std.lang.all/32/65/asset-1463265.jpg",
    "content": "5x37,4g",
    "walkRouteSequenceNumber": 2277,
    "price": {
      "basicPrice": 1.44,
      "recommendedQuantity": "2.0",
      "measurementUnitPrice": 7.71,
      "measurementUnit": "K",
      "isRedPrice": false,
      "pricePerUOM": 7.71,
      "activationDate": "20-03-2024",
      "recordSource": "Folder",
      "isPromoActive": "N",
      "priceChangeCode": "L"
    },
    "isAvailable": true,
    "isPriceAvailable": true,
    "inPromo": false,
    "gtin": [
      "05400141381924",
      "07622210495723",
      "07622210495730"
    ],
    "topCategoryName": "Koeken/Chocolade/Snoep",
    "topCategoryId": "335",
    "businessDomain": "RETAIL_BE",
    "IsPrivateLabel": false,
    "IsBiffe": false,
    "WeightconversionFactor": "0",
    "IsWeightArticle": false,
    "nutriscoreLabel": "E",
    "IsBio": false,
    "CountryOfOrigin": "TSJECHIË (REPUBLIEK)",
    "IsExclusivelySoldInLuxembourg": false,
    "OrderUnit": "P",
    "ShortName": "PRINCE MINI STAR B/W187",
    "IsNew": false,
    "RecentQuanityOfStockUnits": "2,1,16",
    "LongName": "LU PRINCE MINISTARS Black&White 5x37,4g",
    "AlcoholVolume": "0",
    "FicCode": "E"
  },
  {
    "productId": "87016",
    "technicalArticleNumber": "3018664",
    "commercialArticleNumber": "38836",
    "name": "honingkoek",
    "description": "*Individueel verpakt",
    "brand": "BONI",
    "seoBrand": "Boni Selection",
    "thumbNail": "https://static.colruytgroup.com/images/200x200/std.lang.all/18/83/asset-1071883.jpg",
    "fullImage": "https://static.colruytgroup.com/images/500x500/std.lang.all/18/83/asset-1071883.jpg",
    "squareImage": "https://static.colruytgroup.com/images/500x500sq/std.lang.all/18/83/asset-1071883.jpg",
    "content": "8x40g",
    "walkRouteSequenceNumber": 17581,
    "price": {
      "basicPrice": 2.65,
      "recommendedQuantity": "1.0",
      "measurementUnitPrice": 8.29,
      "measurementUnit": "K",
      "isRedPrice": false,
      "pricePerUOM": 8.29,
      "activationDate": "16-01-2024",
      "recordSource": "Offline",
      "isPromoActive": "N",
      "priceChangeCode": "L"
    },
    "isAvailable": true,
    "isPriceAvailable": true,
    "inPromo": false,
    "gtin": [
      "15400141331797",
      "05400141426977",
      "05400141331790",
      "05400141251937"
    ],
    "topCategoryName": "Brood/Ontbijt",
    "topCategoryId": "124",
    "businessDomain": "RETAIL_BE",
    "IsPrivateLabel": true,
    "IsBiffe": false,
    "WeightconversionFactor": "0",
    "IsWeightArticle": false,
    "nutriscoreLabel": "C",
    "IsBio": false,
    "CountryOfOrigin": "BELGIË",
    "IsExclusivelySoldInLuxembourg": false,
    "OrderUnit": "P",
    "ShortName": "BONI HONINGKOEK 8X40G",
    "IsNew": false,
    "EcoscoreLabel": "B",
    "RecentQuanityOfStockUnits": "1,12",
    "LongName": "BONI honingkoek 8x40g",
    "AlcoholVolume": "0",
    "FicCode": "I",
    "EcoscoreValue": "79"
  },
  {
    "productId": "154",
    "technicalArticleNumber": "15040",
    "commercialArticleNumber": "15040",
    "name": "koeken appel-abrikoos",
    "description": "*Individueel verpakt",
    "brand": "LU GRANY",
    "seoBrand": "LU Grany",
    "thumbNail": "https://static.colruytgroup.com/images/200x200/std.lang.all/80/82/asset-1928082.jpg",
    "fullImage": "https://static.colruytgroup.com/images/500x500/std.lang.all/80/82/asset-1928082.jpg",
    "squareImage": "https://static.colruytgroup.com/images/500x500sq/std.lang.all/80/82/asset-1928082.jpg",
    "content": "6x32,5g",
    "walkRouteSequenceNumber": 2313,
    "price": {
      "basicPrice": 3.69,
      "recommendedQuantity": "1.0",
      "measurementUnitPrice": 18.93,
      "measurementUnit": "K",
      "isRedPrice": false,
      "pricePerUOM": 18.93,
      "activationDate": "20-03-2024",
      "recordSource": "Offline",
      "isPromoActive": "N",
      "priceChangeCode": "H"
    },
    "isAvailable": true,
    "isPriceAvailable": true,
    "inPromo": false,
    "gtin": [
      "15410041405306",
      "00000025150407",
      "03017760569194",
      "05400141150407",
      "13017760569115",
      "15410041395508"
    ],
    "topCategoryName": "Brood/Ontbijt",
    "topCategoryId": "124",
    "businessDomain": "RETAIL_BE",
    "IsPrivateLabel": false,
    "IsBiffe": false,
    "WeightconversionFactor": "0",
    "IsWeightArticle": false,
    "nutriscoreLabel": "E",
    "IsBio": false,
    "CountryOfOrigin": "BELGIË",
    "IsExclusivelySoldInLuxembourg": false,
    "OrderUnit": "P",
    "ShortName": "LU GRANY ABR.APPEL 195G",
    "IsNew": false,
    "RecentQuanityOfStockUnits": "1,2",
    "LongName": "LU GRANY koeken appel-abrikoos 6x32,5g",
    "AlcoholVolume": "0",
    "FicCode": "E"
  },
  {
    "productId": "740177",
    "technicalArticleNumber": "4504388",
    "commercialArticleNumber": "25531",
    "name": "Fairtrade melk kar. zeezout",
    "brand": "BONI",
    "seoBrand": "Boni Selection",
    "thumbNail": "https://static.colruytgroup.com/images/200x200/std.lang.all/93/39/asset-2809339.jpg",
    "fullImage": "https://static.colruytgroup.com/images/500x500/std.lang.all/93/39/asset-2809339.jpg",
    "squareImage": "https://static.colruytgroup.com/images/500x500sq/std.lang.all/93/39/asset-2809339.jpg",
    "content": "200g",
    "walkRouteSequenceNumber": 1347,
    "price": {
      "basicPrice": 2.1,
      "recommendedQuantity": "1.0",
      "measurementUnitPrice": 10.5,
      "measurementUnit": "K",
      "isRedPrice": false,
      "pricePerUOM": 10.5,
      "activationDate": "01-03-2024",
      "recordSource": "Offline",
      "isPromoActive": "N",
      "priceChangeCode": "H"
    },
    "isAvailable": true,
    "isPriceAvailable": true,
    "inPromo": false,
    "gtin": [
      "05400141926569",
      "15400141926566"
    ],
    "topCategoryName": "Koeken/Chocolade/Snoep",
    "topCategoryId": "335",
    "businessDomain": "RETAIL_BE",
    "IsPrivateLabel": true,
    "IsBiffe": false,
    "WeightconversionFactor": "0",
    "IsWeightArticle": false,
    "nutriscoreLabel": "E",
    "IsBio": false,
    "CountryOfOrigin": "BELGIË",
    "IsExclusivelySoldInLuxembourg": false,
    "OrderUnit": "P",
    "ShortName": "BONI FT ME.KAR.Z.Z.200G",
    "IsNew": false,
    "EcoscoreLabel": "E",
    "RecentQuanityOfStockUnits": "1",
    "LongName": "BONI Fairtrade melk kar. zeezout 200g",
    "FicCode": "I",
    "EcoscoreValue": "18"
  },
  {
    "productId": "149356",
    "technicalArticleNumber": "3307450",
    "commercialArticleNumber": "25624",
    "name": "melk caramel zeezout",
    "description": "Melkchocolade met stukjes karamel en\nzeezout",
    "brand": "TONY'S",
    "seoBrand": "Tony's Chocolonely",
    "thumbNail": "https://static.colruytgroup.com/images/200x200/std.lang.all/67/94/asset-1906794.jpg",
    "fullImage": "https://static.colruytgroup.com/images/500x500/std.lang.all/67/94/asset-1906794.jpg",
    "squareImage": "https://static.colruytgroup.com/images/500x500sq/std.lang.all/67/94/asset-1906794.jpg",
    "content": "180g",
    "walkRouteSequenceNumber": 1357,
    "price": {
      "basicPrice": 2.99,
      "recommendedQuantity": "1.0",
      "measurementUnitPrice": 16.62,
      "measurementUnit": "K",
      "isRedPrice": false,
      "pricePerUOM": 16.62,
      "activationDate": "21-03-2024",
      "recordSource": "Offline",
      "isPromoActive": "N",
      "priceChangeCode": "H"
    },
    "isAvailable": true,
    "isPriceAvailable": true,
    "inPromo": false,
    "gtin": [
      "08717677335640",
      "08717677335633"
    ],
    "topCategoryName": "Koeken/Chocolade/Snoep",
    "topCategoryId": "335",
    "businessDomain": "RETAIL_BE",
    "IsPrivateLabel": false,
    "IsBiffe": false,
    "WeightconversionFactor": "0",
    "IsWeightArticle": false,
    "nutriscoreLabel": "E",
    "IsBio": false,
    "CountryOfOrigin": "BELGIË",
    "IsExclusivelySoldInLuxembourg": false,
    "OrderUnit": "P",
    "ShortName": "TONY KARAMEL Z.ZOUT180G",
    "IsNew": false,
    "EcoscoreLabel": "D",
    "RecentQuanityOfStockUnits": "1",
    "LongName": "TONY'S melk caramel zeezout 180g",
    "AlcoholVolume": "0",
    "FicCode": "E",
    "EcoscoreValue": "28"
  },
  {
    "productId": "29364",
    "technicalArticleNumber": "1910471",
    "commercialArticleNumber": "21949",
    "name": "Pocket Chocolade",
    "description": "*Individueel verpakt",
    "brand": "LU PRINCE",
    "seoBrand": "LU Prince",
    "thumbNail": "https://static.colruytgroup.com/images/200x200/std.lang.all/50/31/asset-2235031.jpg",
    "fullImage": "https://static.colruytgroup.com/images/500x500/std.lang.all/50/31/asset-2235031.jpg",
    "squareImage": "https://static.colruytgroup.com/images/500x500sq/std.lang.all/50/31/asset-2235031.jpg",
    "content": "10x40g",
    "walkRouteSequenceNumber": 2273,
    "price": {
      "basicPrice": 3.59,
      "recommendedQuantity": "2.0",
      "measurementUnitPrice": 8.98,
      "measurementUnit": "K",
      "isRedPrice": false,
      "pricePerUOM": 8.98,
      "activationDate": "17-02-2024",
      "recordSource": "Offline",
      "isPromoActive": "N",
      "priceChangeCode": "E"
    },
    "isAvailable": true,
    "isPriceAvailable": true,
    "inPromo": false,
    "gtin": [
      "13017760736012",
      "05410041423600",
      "05400141219494"
    ],
    "topCategoryName": "Koeken/Chocolade/Snoep",
    "topCategoryId": "335",
    "businessDomain": "RETAIL_BE",
    "IsPrivateLabel": false,
    "IsBiffe": false,
    "WeightconversionFactor": "0",
    "IsWeightArticle": false,
    "IsBio": false,
    "CountryOfOrigin": "BELGIË",
    "IsExclusivelySoldInLuxembourg": false,
    "OrderUnit": "P",
    "ShortName": "LU PRIN POCK CHO 10S400",
    "InSeason": true,
    "IsNew": false,
    "RecentQuanityOfStockUnits": "1,2,12",
    "LongName": "LU PRINCE Pocket Chocolade 10x40g",
    "AlcoholVolume": "0",
    "StartSeasonDate": "12/12/2019",
    "FicCode": "E"
  },
  {
    "productId": "53834",
    "technicalArticleNumber": "2210328",
    "commercialArticleNumber": "21398",
    "name": "LEO witte chocolade",
    "brand": "MILKA",
    "seoBrand": "Milka Leo",
    "thumbNail": "https://static.colruytgroup.com/images/200x200/std.lang.all/60/32/asset-376032.jpg",
    "fullImage": "https://static.colruytgroup.com/images/500x500/std.lang.all/60/32/asset-376032.jpg",
    "squareImage": "https://static.colruytgroup.com/images/500x500sq/std.lang.all/60/32/asset-376032.jpg",
    "content": "12x33g",
    "walkRouteSequenceNumber": 1393,
    "price": {
      "basicPrice": 5.99,
      "recommendedQuantity": "1.0",
      "measurementUnitPrice": 15.13,
      "measurementUnit": "K",
      "isRedPrice": false,
      "pricePerUOM": 15.13,
      "activationDate": "15-03-2024",
      "recordSource": "Offline",
      "isPromoActive": "N",
      "priceChangeCode": "E"
    },
    "isAvailable": true,
    "isPriceAvailable": true,
    "inPromo": false,
    "gtin": [
      "07622300331313",
      "07622210434159"
    ],
    "topCategoryName": "Koeken/Chocolade/Snoep",
    "topCategoryId": "335",
    "businessDomain": "RETAIL_BE",
    "IsPrivateLabel": false,
    "IsBiffe": false,
    "WeightconversionFactor": "0",
    "IsWeightArticle": false,
    "nutriscoreLabel": "E",
    "IsBio": false,
    "CountryOfOrigin": "BELGIË",
    "IsExclusivelySoldInLuxembourg": false,
    "OrderUnit": "P",
    "ShortName": "MIL.LEO WIT MELK 12X33G",
    "IsNew": false,
    "RecentQuanityOfStockUnits": "12,1",
    "LongName": "MILKA LEO witte chocolade 12x33g",
    "AlcoholVolume": "0",
    "FicCode": "E"
  },
  {
    "productId": "337960",
    "technicalArticleNumber": "3741114",
    "commercialArticleNumber": "15403",
    "name": "prot.gez.kar.noten GV",
    "description": "*Rijk aan vezels\n*Eiwitrijk\n*Glutenvrij",
    "brand": "NATURE VALLEY",
    "seoBrand": "Nature Valley",
    "thumbNail": "https://static.colruytgroup.com/images/200x200/std.lang.all/15/94/asset-1421594.jpg",
    "fullImage": "https://static.colruytgroup.com/images/500x500/std.lang.all/15/94/asset-1421594.jpg",
    "squareImage": "https://static.colruytgroup.com/images/500x500sq/std.lang.all/15/94/asset-1421594.jpg",
    "content": "160g",
    "walkRouteSequenceNumber": 2201,
    "price": {
      "basicPrice": 3.89,
      "recommendedQuantity": "1.0",
      "measurementUnitPrice": 24.32,
      "measurementUnit": "K",
      "isRedPrice": false,
      "pricePerUOM": 24.32,
      "activationDate": "20-01-2024",
      "recordSource": "Offline",
      "isPromoActive": "N",
      "priceChangeCode": "L"
    },
    "isAvailable": true,
    "isPriceAvailable": true,
    "inPromo": false,
    "gtin": [
      "08410076710826",
      "08410076610546"
    ],
    "topCategoryName": "Brood/Ontbijt",
    "topCategoryId": "124",
    "businessDomain": "RETAIL_BE",
    "IsPrivateLabel": false,
    "IsBiffe": false,
    "WeightconversionFactor": "0",
    "IsWeightArticle": false,
    "nutriscoreLabel": "D",
    "IsBio": false,
    "CountryOfOrigin": "SPANJE",
    "IsExclusivelySoldInLuxembourg": false,
    "OrderUnit": "P",
    "ShortName": "NAVA PROT.KAR.NOT.GV160",
    "IsNew": false,
    "EcoscoreLabel": "C",
    "RecentQuanityOfStockUnits": "1,8",
    "LongName": "NATURE VALLEY prot.gez.kar.noten GV 160g",
    "AlcoholVolume": "0",
    "FicCode": "E",
    "EcoscoreValue": "48"
  },
  {
    "productId": "1114",
    "technicalArticleNumber": "16640",
    "commercialArticleNumber": "16640",
    "name": "peperkoek met honing",
    "brand": "VONDELMOLEN",
    "seoBrand": "Vondelmolen",
    "thumbNail": "https://static.colruytgroup.com/images/200x200/std.lang.all/85/23/asset-2828523.jpg",
    "fullImage": "https://static.colruytgroup.com/images/500x500/std.lang.all/85/23/asset-2828523.jpg",
    "squareImage": "https://static.colruytgroup.com/images/500x500sq/std.lang.all/85/23/asset-2828523.jpg",
    "content": "500g",
    "walkRouteSequenceNumber": 17576,
    "price": {
      "basicPrice": 3.19,
      "recommendedQuantity": "1.0",
      "measurementUnitPrice": 6.38,
      "measurementUnit": "K",
      "isRedPrice": false,
      "pricePerUOM": 6.38,
      "activationDate": "13-03-2024",
      "isPromoActive": "N",
      "priceChangeCode": "E"
    },
    "isAvailable": true,
    "isPriceAvailable": true,
    "inPromo": false,
    "gtin": [
      "05410383011008",
      "15410383011005"
    ],
    "topCategoryName": "Brood/Ontbijt",
    "topCategoryId": "124",
    "businessDomain": "RETAIL_BE",
    "IsPrivateLabel": false,
    "IsBiffe": false,
    "WeightconversionFactor": "0",
    "IsWeightArticle": false,
    "nutriscoreLabel": "D",
    "IsBio": false,
    "CountryOfOrigin": "BELGIË",
    "IsExclusivelySoldInLuxembourg": false,
    "OrderUnit": "P",
    "ShortName": "VONDELM HONINGKOEK 500G",
    "IsNew": false,
    "EcoscoreLabel": "A",
    "RecentQuanityOfStockUnits": "1,12",
    "LongName": "VONDELMOLEN peperkoek met honing 500g",
    "AlcoholVolume": "0",
    "FicCode": "E",
    "EcoscoreValue": "84"
  },
  {
    "productId": "709558",
    "technicalArticleNumber": "4449471",
    "commercialArticleNumber": "26370",
    "name": "Fairtrade crispi witte chocol.",
    "brand": "BONI",
    "seoBrand": "Boni Selection",
    "thumbNail": "https://static.colruytgroup.com/images/200x200/std.lang.all/67/46/asset-2496746.jpg",
    "fullImage": "https://static.colruytgroup.com/images/500x500/std.lang.all/67/46/asset-2496746.jpg",
    "squareImage": "https://static.colruytgroup.com/images/500x500sq/std.lang.all/67/46/asset-2496746.jpg",
    "content": "200g",
    "walkRouteSequenceNumber": 1346,
    "price": {
      "basicPrice": 1.85,
      "recommendedQuantity": "1.0",
      "measurementUnitPrice": 9.25,
      "measurementUnit": "K",
      "isRedPrice": false,
      "pricePerUOM": 9.25,
      "activationDate": "06-12-2023",
      "recordSource": "Offline",
      "isPromoActive": "N",
      "priceChangeCode": "E"
    },
    "isAvailable": true,
    "isPriceAvailable": true,
    "inPromo": false,
    "gtin": [
      "15400141778165",
      "05400141778168"
    ],
    "topCategoryName": "Koeken/Chocolade/Snoep",
    "topCategoryId": "335",
    "businessDomain": "RETAIL_BE",
    "IsPrivateLabel": true,
    "IsBiffe": false,
    "WeightconversionFactor": "0",
    "IsWeightArticle": false,
    "nutriscoreLabel": "E",
    "IsBio": false,
    "CountryOfOrigin": "BELGIË",
    "IsExclusivelySoldInLuxembourg": false,
    "OrderUnit": "P",
    "ShortName": "BONI FT CR.WIT.CHOC200G",
    "IsNew": false,
    "EcoscoreLabel": "E",
    "RecentQuanityOfStockUnits": "1",
    "LongName": "BONI Fairtrade crispi witte chocol. 200g",
    "FicCode": "I",
    "EcoscoreValue": "19"
  },
  {
    "productId": "16538",
    "technicalArticleNumber": "1469611",
    "commercialArticleNumber": "21320",
    "name": "koeken sigaretten",
    "brand": "BONI",
    "seoBrand": "Boni Selection",
    "thumbNail": "https://static.colruytgroup.com/images/200x200/std.lang.all/69/82/asset-3166982.jpg",
    "fullImage": "https://static.colruytgroup.com/images/500x500/std.lang.all/69/82/asset-3166982.jpg",
    "squareImage": "https://static.colruytgroup.com/images/500x500sq/std.lang.all/69/82/asset-3166982.jpg",
    "content": "180g",
    "walkRouteSequenceNumber": 2075,
    "price": {
      "basicPrice": 1.34,
      "recommendedQuantity": "2.0",
      "quantityPrice": 1.14,
      "quantityPriceQuantity": "4.0",
      "measurementUnitPrice": 7.45,
      "measurementUnitQuantityPrice": 6.34,
      "measurementUnit": "K",
      "isRedPrice": false,
      "pricePerUOM": 7.45,
      "activationDate": "20-03-2024",
      "recordSource": "Offline",
      "isPromoActive": "N",
      "priceChangeCode": "E",
      "quantityPricePerUOM": 6.34,
      "quantityActivationDate": "20-03-2024",
      "quantityPriceChangeCode": "E"
    },
    "isAvailable": true,
    "isPriceAvailable": true,
    "inPromo": false,
    "gtin": [
      "05400141624496",
      "05400141034554",
      "05400141191509",
      "05400141308938",
      "15400141308935",
      "05400141213256",
      "15400141624493"
    ],
    "topCategoryName": "Koeken/Chocolade/Snoep",
    "topCategoryId": "335",
    "businessDomain": "RETAIL_BE",
    "IsPrivateLabel": true,
    "IsBiffe": false,
    "WeightconversionFactor": "0",
    "IsWeightArticle": false,
    "nutriscoreLabel": "E",
    "IsBio": false,
    "CountryOfOrigin": "BELGIË",
    "IsExclusivelySoldInLuxembourg": false,
    "OrderUnit": "P",
    "ShortName": "BONI CIGARETTES180G",
    "IsNew": false,
    "EcoscoreLabel": "D",
    "RecentQuanityOfStockUnits": "2,1,14",
    "LongName": "BONI koeken sigaretten 180g",
    "AlcoholVolume": "0",
    "FicCode": "I",
    "EcoscoreValue": "35"
  },
  {
    "productId": "488551",
    "technicalArticleNumber": "4038581",
    "commercialArticleNumber": "5907",
    "name": "luikse wafel melkchocolade",
    "description": "*individueel verpakt",
    "brand": "LOTUS SUZY",
    "seoBrand": "Lotus Suzy",
    "thumbNail": "https://static.colruytgroup.com/images/200x200/std.lang.all/28/82/asset-2122882.jpg",
    "fullImage": "https://static.colruytgroup.com/images/500x500/std.lang.all/28/82/asset-2122882.jpg",
    "squareImage": "https://static.colruytgroup.com/images/500x500sq/std.lang.all/28/82/asset-2122882.jpg",
    "content": "8x57,5g",
    "walkRouteSequenceNumber": 2020,
    "price": {
      "basicPrice": 3.85,
      "recommendedQuantity": "1.0",
      "measurementUnitPrice": 8.37,
      "measurementUnit": "K",
      "isRedPrice": false,
      "pricePerUOM": 8.37,
      "activationDate": "18-01-2024",
      "recordSource": "Online",
      "isPromoActive": "N",
      "priceChangeCode": "E"
    },
    "isAvailable": true,
    "isPriceAvailable": true,
    "inPromo": false,
    "gtin": [
      "05410126012576",
      "15410126012573"
    ],
    "topCategoryName": "Koeken/Chocolade/Snoep",
    "topCategoryId": "335",
    "businessDomain": "RETAIL_BE",
    "IsPrivateLabel": false,
    "IsBiffe": false,
    "WeightconversionFactor": "0",
    "IsWeightArticle": false,
    "nutriscoreLabel": "E",
    "IsBio": false,
    "CountryOfOrigin": "BELGIË",
    "IsExclusivelySoldInLuxembourg": false,
    "OrderUnit": "P",
    "ShortName": "LOTU LU.WAF.MELK.CH460G",
    "IsNew": false,
    "RecentQuanityOfStockUnits": "1,12",
    "LongName": "LOTUS SUZY luikse wafel melkchocolade 8x57,5g",
    "FicCode": "E"
  },
  {
    "productId": "384253",
    "technicalArticleNumber": "3842189",
    "commercialArticleNumber": "52000",
    "name": "Tartélice framboos",
    "brand": "LOTUS",
    "seoBrand": "Lotus",
    "thumbNail": "https://static.colruytgroup.com/images/200x200/std.lang.all/09/90/asset-2140990.jpg",
    "fullImage": "https://static.colruytgroup.com/images/500x500/std.lang.all/09/90/asset-2140990.jpg",
    "squareImage": "https://static.colruytgroup.com/images/500x500sq/std.lang.all/09/90/asset-2140990.jpg",
    "content": "6x57,5g",
    "walkRouteSequenceNumber": 2109,
    "price": {
      "basicPrice": 4.03,
      "recommendedQuantity": "1.0",
      "quantityPrice": 3.06,
      "quantityPriceQuantity": "2.0",
      "measurementUnitPrice": 11.69,
      "measurementUnitQuantityPrice": 8.87,
      "measurementUnit": "K",
      "isRedPrice": false,
      "pricePerUOM": 11.69,
      "activationDate": "19-03-2024",
      "recordSource": "Offline",
      "isPromoActive": "N",
      "priceChangeCode": "E",
      "quantityPricePerUOM": 8.87,
      "quantityActivationDate": "19-03-2024",
      "quantityPriceChangeCode": "L"
    },
    "isAvailable": true,
    "isPriceAvailable": true,
    "inPromo": false,
    "gtin": [
      "05410126210859",
      "15410126210856"
    ],
    "topCategoryName": "Koeken/Chocolade/Snoep",
    "topCategoryId": "335",
    "businessDomain": "RETAIL_BE",
    "IsPrivateLabel": false,
    "IsBiffe": false,
    "WeightconversionFactor": "0",
    "IsWeightArticle": false,
    "nutriscoreLabel": "E",
    "IsBio": false,
    "CountryOfOrigin": "FRANKRIJK",
    "IsExclusivelySoldInLuxembourg": false,
    "OrderUnit": "P",
    "ShortName": "LOTU TARTELICE FRAM 345",
    "IsNew": false,
    "RecentQuanityOfStockUnits": "1,8",
    "LongName": "LOTUS Tartélice framboos 6x57,5g",
    "AlcoholVolume": "0",
    "FicCode": "E"
  },
  {
    "productId": "806075",
    "technicalArticleNumber": "4626166",
    "commercialArticleNumber": "5685",
    "name": "wafers cacao multipack",
    "brand": "BALCONI",
    "seoBrand": "Balconi",
    "thumbNail": "https://static.colruytgroup.com/images/200x200/std.lang.all/23/15/asset-2842315.jpg",
    "fullImage": "https://static.colruytgroup.com/images/500x500/std.lang.all/23/15/asset-2842315.jpg",
    "squareImage": "https://static.colruytgroup.com/images/500x500sq/std.lang.all/23/15/asset-2842315.jpg",
    "content": "5x45g",
    "walkRouteSequenceNumber": 2055,
    "price": {
      "basicPrice": 1.69,
      "recommendedQuantity": "1.0",
      "measurementUnitPrice": 7.52,
      "measurementUnit": "K",
      "isRedPrice": false,
      "pricePerUOM": 7.52,
      "activationDate": "14-11-2023",
      "isPromoActive": "N",
      "priceChangeCode": "E"
    },
    "isAvailable": true,
    "isPriceAvailable": true,
    "inPromo": false,
    "gtin": [
      "08001585055005",
      "08001585008117"
    ],
    "topCategoryName": "Koeken/Chocolade/Snoep",
    "topCategoryId": "335",
    "businessDomain": "RETAIL_BE",
    "IsPrivateLabel": false,
    "IsBiffe": false,
    "WeightconversionFactor": "0",
    "IsWeightArticle": false,
    "IsBio": false,
    "CountryOfOrigin": "ITALIË",
    "IsExclusivelySoldInLuxembourg": false,
    "OrderUnit": "P",
    "ShortName": "BALC WAFER.CACAO5X45",
    "IsNew": false,
    "RecentQuanityOfStockUnits": "1,20",
    "LongName": "BALCONI wafers cacao multipack 5x45g",
    "FicCode": "E"
  },
  {
    "productId": "909771",
    "technicalArticleNumber": "4759146",
    "commercialArticleNumber": "4207",
    "name": "5-pack",
    "brand": "BOUNTY",
    "seoBrand": "Bounty",
    "thumbNail": "https://static.colruytgroup.com/images/200x200/std.lang.all/61/71/asset-3346171.jpg",
    "fullImage": "https://static.colruytgroup.com/images/500x500/std.lang.all/61/71/asset-3346171.jpg",
    "squareImage": "https://static.colruytgroup.com/images/500x500sq/std.lang.all/61/71/asset-3346171.jpg",
    "content": "285g",
    "walkRouteSequenceNumber": 1511,
    "price": {
      "basicPrice": 2.89,
      "recommendedQuantity": "1.0",
      "measurementUnitPrice": 10.15,
      "measurementUnit": "K",
      "isRedPrice": false,
      "pricePerUOM": 10.15,
      "activationDate": "18-03-2024",
      "recordSource": "Offline",
      "isPromoActive": "N",
      "priceChangeCode": "E"
    },
    "isAvailable": true,
    "isPriceAvailable": true,
    "inPromo": false,
    "gtin": [
      "05000159434539",
      "05000159434522",
      "45400141610527",
      "05000159557542",
      "05000159563567"
    ],
    "topCategoryName": "Koeken/Chocolade/Snoep",
    "topCategoryId": "335",
    "businessDomain": "RETAIL_BE",
    "IsPrivateLabel": false,
    "IsBiffe": false,
    "WeightconversionFactor": "0",
    "IsWeightArticle": false,
    "nutriscoreLabel": "E",
    "IsBio": false,
    "CountryOfOrigin": "NEDERLAND",
    "IsExclusivelySoldInLuxembourg": false,
    "OrderUnit": "P",
    "ShortName": "BOUN 5-PACK 285G",
    "IsNew": false,
    "RecentQuanityOfStockUnits": "1,1,2",
    "LongName": "BOUNTY 5-pack 285g",
    "AlcoholVolume": "0",
    "FicCode": "E"
  },
  {
    "productId": "267724",
    "technicalArticleNumber": "3650205",
    "commercialArticleNumber": "20993",
    "name": "koeken chocolade 4st",
    "description": "*Individueel verpakt",
    "brand": "DINOSAURUS",
    "seoBrand": "Lotus Dinosaurus",
    "thumbNail": "https://static.colruytgroup.com/images/200x200/nl_be/06/94/asset-1510694.jpg",
    "fullImage": "https://static.colruytgroup.com/images/500x500/nl_be/06/94/asset-1510694.jpg",
    "squareImage": "https://static.colruytgroup.com/images/500x500sq/nl_be/06/94/asset-1510694.jpg",
    "content": "171g",
    "walkRouteSequenceNumber": 1519,
    "price": {
      "basicPrice": 1.99,
      "recommendedQuantity": "1.0",
      "measurementUnitPrice": 11.64,
      "measurementUnit": "K",
      "isRedPrice": false,
      "pricePerUOM": 11.64,
      "activationDate": "29-01-2024",
      "recordSource": "Offline",
      "isPromoActive": "N",
      "priceChangeCode": "H"
    },
    "isAvailable": true,
    "isPriceAvailable": true,
    "inPromo": false,
    "gtin": [
      "15410126844051",
      "05400141138382",
      "05410126844054"
    ],
    "topCategoryName": "Koeken/Chocolade/Snoep",
    "topCategoryId": "335",
    "businessDomain": "RETAIL_BE",
    "IsPrivateLabel": false,
    "IsBiffe": false,
    "WeightconversionFactor": "0",
    "IsWeightArticle": false,
    "nutriscoreLabel": "E",
    "IsBio": false,
    "CountryOfOrigin": "BELGIË",
    "IsExclusivelySoldInLuxembourg": false,
    "OrderUnit": "P",
    "ShortName": "LOTU DINO GEV.CHOCO.171",
    "IsNew": false,
    "RecentQuanityOfStockUnits": "1,12",
    "LongName": "DINOSAURUS koeken chocolade 4st 171g",
    "AlcoholVolume": "0",
    "FicCode": "E"
  },
  {
    "productId": "68455",
    "technicalArticleNumber": "2742443",
    "commercialArticleNumber": "40912",
    "name": "paaseieren witte chocolade",
    "brand": "LIBEERT",
    "seoBrand": "Libeert",
    "thumbNail": "https://static.colruytgroup.com/images/200x200/std.lang.all/21/26/asset-3142126.jpg",
    "fullImage": "https://static.colruytgroup.com/images/500x500/std.lang.all/21/26/asset-3142126.jpg",
    "squareImage": "https://static.colruytgroup.com/images/500x500sq/std.lang.all/21/26/asset-3142126.jpg",
    "content": "120g",
    "walkRouteSequenceNumber": 1481,
    "price": {
      "basicPrice": 3.69,
      "recommendedQuantity": "1.0",
      "measurementUnitPrice": 30.75,
      "measurementUnit": "K",
      "isRedPrice": false,
      "pricePerUOM": 30.75,
      "activationDate": "20-03-2024",
      "recordSource": "Offline",
      "isPromoActive": "N",
      "priceChangeCode": "H"
    },
    "isAvailable": true,
    "isPriceAvailable": true,
    "inPromo": false,
    "gtin": [
      "05411901927917",
      "05411901060102",
      "05411901913903"
    ],
    "topCategoryName": "Koeken/Chocolade/Snoep",
    "topCategoryId": "335",
    "businessDomain": "RETAIL_BE",
    "IsPrivateLabel": false,
    "IsBiffe": false,
    "WeightconversionFactor": "0",
    "IsWeightArticle": false,
    "nutriscoreLabel": "E",
    "IsBio": false,
    "CountryOfOrigin": "BELGIË",
    "IsExclusivelySoldInLuxembourg": false,
    "OrderUnit": "P",
    "ShortName": "LIB PASEN EI WIT 120G",
    "InSeason": true,
    "IsNew": false,
    "EcoscoreLabel": "C",
    "RecentQuanityOfStockUnits": "1,20",
    "LongName": "LIBEERT paaseieren witte chocolade 120g",
    "AlcoholVolume": "0",
    "StartSeasonDate": "25/10/2023",
    "FicCode": "E",
    "EcoscoreValue": "44"
  },
  {
    "productId": "192807",
    "technicalArticleNumber": "3457044",
    "commercialArticleNumber": "50267",
    "name": "koeken it.kruid",
    "brand": "SULTANA CRUNCHERS",
    "seoBrand": "Sultana",
    "thumbNail": "https://static.colruytgroup.com/images/200x200/std.lang.all/88/00/asset-3248800.jpg",
    "fullImage": "https://static.colruytgroup.com/images/500x500/std.lang.all/88/00/asset-3248800.jpg",
    "squareImage": "https://static.colruytgroup.com/images/500x500sq/std.lang.all/88/00/asset-3248800.jpg",
    "content": "5x35g",
    "walkRouteSequenceNumber": 2310,
    "price": {
      "basicPrice": 2.86,
      "recommendedQuantity": "1.0",
      "measurementUnitPrice": 16.35,
      "measurementUnit": "K",
      "isRedPrice": false,
      "pricePerUOM": 16.35,
      "activationDate": "23-03-2024",
      "isPromoActive": "N",
      "priceChangeCode": "L"
    },
    "isAvailable": true,
    "isPriceAvailable": true,
    "inPromo": false,
    "gtin": [
      "08710412974067",
      "08710412974050"
    ],
    "topCategoryName": "Koeken/Chocolade/Snoep",
    "topCategoryId": "335",
    "businessDomain": "RETAIL_BE",
    "IsPrivateLabel": false,
    "IsBiffe": false,
    "WeightconversionFactor": "0",
    "IsWeightArticle": false,
    "nutriscoreLabel": "D",
    "IsBio": false,
    "CountryOfOrigin": "BELGIË",
    "IsExclusivelySoldInLuxembourg": false,
    "OrderUnit": "P",
    "ShortName": "SUL.CRUNCHER IT.KR.175G",
    "IsNew": false,
    "EcoscoreLabel": "C",
    "RecentQuanityOfStockUnits": "1,18",
    "LongName": "SULTANA CRUNCHERS koeken it.kruid 5x35g",
    "AlcoholVolume": "0",
    "FicCode": "E",
    "EcoscoreValue": "49"
  },
  {
    "productId": "461631",
    "technicalArticleNumber": "3957431",
    "commercialArticleNumber": "2255",
    "name": "melk nootjes",
    "brand": "CÔTE D'OR",
    "seoBrand": "Côte d'Or",
    "thumbNail": "https://static.colruytgroup.com/images/200x200/std.lang.all/07/40/asset-1620740.jpg",
    "fullImage": "https://static.colruytgroup.com/images/500x500/std.lang.all/07/40/asset-1620740.jpg",
    "squareImage": "https://static.colruytgroup.com/images/500x500sq/std.lang.all/07/40/asset-1620740.jpg",
    "content": "4x45g",
    "walkRouteSequenceNumber": 1430,
    "price": {
      "basicPrice": 3.59,
      "recommendedQuantity": "2.0",
      "measurementUnitPrice": 19.95,
      "measurementUnit": "K",
      "isRedPrice": false,
      "pricePerUOM": 19.95,
      "activationDate": "13-03-2024",
      "isPromoActive": "Y",
      "priceChangeCode": "H"
    },
    "isAvailable": true,
    "isPriceAvailable": true,
    "inPromo": true,
    "promotion": [
      {
        "techPromoId": "100830COLR",
        "promotionId": "100830",
        "promotionType": "3",
        "isPersonalized": "N",
        "publicationStartDate": "13-03-2024",
        "publicationEndDate": "26-03-2024"
      }
    ],
    "gtin": [
      "05400141072365",
      "07622210926340",
      "07622210926357"
    ],
    "topCategoryName": "Koeken/Chocolade/Snoep",
    "topCategoryId": "335",
    "businessDomain": "RETAIL_BE",
    "IsPrivateLabel": false,
    "IsBiffe": false,
    "WeightconversionFactor": "0",
    "IsWeightArticle": false,
    "IsBio": false,
    "CountryOfOrigin": "BELGIË",
    "IsExclusivelySoldInLuxembourg": false,
    "OrderUnit": "P",
    "ShortName": "CDO MELK NOOTJES 4X45G",
    "IsNew": false,
    "RecentQuanityOfStockUnits": "2,1,24",
    "LongName": "CÔTE D'OR melk nootjes 4x45g",
    "FicCode": "E"
  },
  {
    "productId": "519740",
    "technicalArticleNumber": "4103034",
    "commercialArticleNumber": "6568",
    "name": "tablet caramel",
    "brand": "MILKA",
    "seoBrand": "Milka",
    "thumbNail": "https://static.colruytgroup.com/images/200x200/std.lang.all/90/80/asset-2939080.jpg",
    "fullImage": "https://static.colruytgroup.com/images/500x500/std.lang.all/90/80/asset-2939080.jpg",
    "squareImage": "https://static.colruytgroup.com/images/500x500sq/std.lang.all/90/80/asset-2939080.jpg",
    "content": "100g",
    "walkRouteSequenceNumber": 1376,
    "price": {
      "basicPrice": 1.04,
      "recommendedQuantity": "2.0",
      "measurementUnitPrice": 10.4,
      "measurementUnit": "K",
      "isRedPrice": false,
      "pricePerUOM": 10.4,
      "activationDate": "23-03-2024",
      "recordSource": "Folder",
      "isPromoActive": "N",
      "priceChangeCode": "E"
    },
    "isAvailable": true,
    "isPriceAvailable": true,
    "inPromo": false,
    "gtin": [
      "75400141276021",
      "07622300086404",
      "07622210749260",
      "07622210030597",
      "55400141277512"
    ],
    "topCategoryName": "Koeken/Chocolade/Snoep",
    "topCategoryId": "335",
    "businessDomain": "RETAIL_BE",
    "IsPrivateLabel": false,
    "IsBiffe": false,
    "WeightconversionFactor": "0",
    "IsWeightArticle": false,
    "nutriscoreLabel": "E",
    "IsBio": false,
    "CountryOfOrigin": "DUITSLAND",
    "IsExclusivelySoldInLuxembourg": false,
    "OrderUnit": "P",
    "ShortName": "MILK CARAMEL 100G",
    "IsNew": false,
    "RecentQuanityOfStockUnits": "2,1,24",
    "LongName": "MILKA tablet caramel 100g",
    "AlcoholVolume": "0",
    "FicCode": "E"
  },
  {
    "productId": "513003",
    "technicalArticleNumber": "4085488",
    "commercialArticleNumber": "7881",
    "name": "Tender Moo",
    "brand": "MILKA",
    "seoBrand": "Milka",
    "thumbNail": "https://static.colruytgroup.com/images/200x200/std.lang.all/15/32/asset-3021532.jpg",
    "fullImage": "https://static.colruytgroup.com/images/500x500/std.lang.all/15/32/asset-3021532.jpg",
    "squareImage": "https://static.colruytgroup.com/images/500x500sq/std.lang.all/15/32/asset-3021532.jpg",
    "content": "5x28g",
    "walkRouteSequenceNumber": 2125,
    "price": {
      "basicPrice": 1.99,
      "recommendedQuantity": "1.0",
      "measurementUnitPrice": 14.22,
      "measurementUnit": "K",
      "isRedPrice": false,
      "pricePerUOM": 14.22,
      "activationDate": "08-03-2024",
      "recordSource": "Offline",
      "isPromoActive": "N",
      "priceChangeCode": "L"
    },
    "isAvailable": true,
    "isPriceAvailable": true,
    "inPromo": false,
    "gtin": [
      "07622210591005",
      "07622210591012"
    ],
    "topCategoryName": "Koeken/Chocolade/Snoep",
    "topCategoryId": "335",
    "businessDomain": "RETAIL_BE",
    "IsPrivateLabel": false,
    "IsBiffe": false,
    "WeightconversionFactor": "0",
    "IsWeightArticle": false,
    "nutriscoreLabel": "E",
    "IsBio": false,
    "CountryOfOrigin": "POLEN",
    "IsExclusivelySoldInLuxembourg": false,
    "OrderUnit": "P",
    "ShortName": "MILK TENDER MOO 140G",
    "IsNew": false,
    "RecentQuanityOfStockUnits": "1,16",
    "LongName": "MILKA Tender Moo 5x28g",
    "FicCode": "E"
  },
  {
    "productId": "1109",
    "technicalArticleNumber": "16600",
    "commercialArticleNumber": "16600",
    "name": "honingkoek",
    "brand": "BONI",
    "seoBrand": "Boni Selection",
    "thumbNail": "https://static.colruytgroup.com/images/200x200/std.lang.all/37/71/asset-2093771.jpg",
    "fullImage": "https://static.colruytgroup.com/images/500x500/std.lang.all/37/71/asset-2093771.jpg",
    "squareImage": "https://static.colruytgroup.com/images/500x500sq/std.lang.all/37/71/asset-2093771.jpg",
    "content": "500g",
    "walkRouteSequenceNumber": 17574,
    "price": {
      "basicPrice": 1.7,
      "recommendedQuantity": "1.0",
      "measurementUnitPrice": 3.4,
      "measurementUnit": "K",
      "isRedPrice": false,
      "pricePerUOM": 3.4,
      "activationDate": "28-02-2024",
      "recordSource": "Offline",
      "isPromoActive": "N",
      "priceChangeCode": "L"
    },
    "isAvailable": true,
    "isPriceAvailable": true,
    "inPromo": false,
    "gtin": [
      "05400141321753",
      "05400141410259",
      "15400141321750",
      "15400141827702",
      "05400141166002",
      "05400141251951"
    ],
    "topCategoryName": "Brood/Ontbijt",
    "topCategoryId": "124",
    "businessDomain": "RETAIL_BE",
    "IsPrivateLabel": true,
    "IsBiffe": false,
    "WeightconversionFactor": "0",
    "IsWeightArticle": false,
    "nutriscoreLabel": "D",
    "IsBio": false,
    "CountryOfOrigin": "BELGIË",
    "IsExclusivelySoldInLuxembourg": false,
    "OrderUnit": "P",
    "ShortName": "BONI HONINGKOEK 500G",
    "IsNew": false,
    "EcoscoreLabel": "A",
    "RecentQuanityOfStockUnits": "1,12",
    "LongName": "BONI honingkoek 500g",
    "AlcoholVolume": "0",
    "FicCode": "I",
    "EcoscoreValue": "84"
  },
  {
    "productId": "532866",
    "technicalArticleNumber": "4125336",
    "commercialArticleNumber": "9315",
    "name": "Délice T10",
    "description": "*Individueel verpakt",
    "brand": "KINDER",
    "seoBrand": "Kinder Délice",
    "thumbNail": "https://static.colruytgroup.com/images/200x200/std.lang.all/71/34/asset-1847134.jpg",
    "fullImage": "https://static.colruytgroup.com/images/500x500/std.lang.all/71/34/asset-1847134.jpg",
    "squareImage": "https://static.colruytgroup.com/images/500x500sq/std.lang.all/71/34/asset-1847134.jpg",
    "content": "10x39g",
    "walkRouteSequenceNumber": 2070,
    "price": {
      "basicPrice": 4.49,
      "recommendedQuantity": "1.0",
      "measurementUnitPrice": 11.52,
      "measurementUnit": "K",
      "isRedPrice": false,
      "pricePerUOM": 11.52,
      "activationDate": "08-03-2024",
      "recordSource": "Offline",
      "isPromoActive": "N",
      "priceChangeCode": "E"
    },
    "isAvailable": true,
    "isPriceAvailable": true,
    "inPromo": false,
    "gtin": [
      "08000500267103",
      "08000500267110"
    ],
    "topCategoryName": "Koeken/Chocolade/Snoep",
    "topCategoryId": "335",
    "businessDomain": "RETAIL_BE",
    "IsPrivateLabel": false,
    "IsBiffe": false,
    "WeightconversionFactor": "0",
    "IsWeightArticle": false,
    "nutriscoreLabel": "E",
    "IsBio": false,
    "CountryOfOrigin": "FRANKRIJK",
    "IsExclusivelySoldInLuxembourg": false,
    "OrderUnit": "P",
    "ShortName": "KIND DELICE T10 10X39G",
    "IsNew": false,
    "RecentQuanityOfStockUnits": "1,14",
    "LongName": "KINDER Délice T10 10x39g",
    "FicCode": "E"
  },
  {
    "productId": "15653",
    "technicalArticleNumber": "1623998",
    "commercialArticleNumber": "20727",
    "name": "Mignonnette Noir 70 %",
    "description": "*Met 70 % cacao\n*Belgische chocolade",
    "brand": "COTE D'OR",
    "seoBrand": "Côte d'Or Mignonnette",
    "thumbNail": "https://static.colruytgroup.com/images/200x200/std.lang.all/46/21/asset-384621.jpg",
    "fullImage": "https://static.colruytgroup.com/images/500x500/std.lang.all/46/21/asset-384621.jpg",
    "squareImage": "https://static.colruytgroup.com/images/500x500sq/std.lang.all/46/21/asset-384621.jpg",
    "content": "180g",
    "walkRouteSequenceNumber": 1218,
    "price": {
      "basicPrice": 5.29,
      "recommendedQuantity": "1.0",
      "measurementUnitPrice": 29.39,
      "measurementUnit": "K",
      "isRedPrice": false,
      "pricePerUOM": 29.39,
      "activationDate": "29-02-2024",
      "recordSource": "Offline",
      "isPromoActive": "N",
      "priceChangeCode": "E"
    },
    "isAvailable": true,
    "isPriceAvailable": true,
    "inPromo": false,
    "gtin": [
      "07622201009595",
      "07622201009625"
    ],
    "topCategoryName": "Koeken/Chocolade/Snoep",
    "topCategoryId": "335",
    "businessDomain": "RETAIL_BE",
    "IsPrivateLabel": false,
    "IsBiffe": false,
    "WeightconversionFactor": "0",
    "IsWeightArticle": false,
    "nutriscoreLabel": "E",
    "IsBio": false,
    "CountryOfOrigin": "BELGIË",
    "IsExclusivelySoldInLuxembourg": false,
    "OrderUnit": "P",
    "ShortName": "CD MIGNONNETTE 70PC 180",
    "IsNew": false,
    "RecentQuanityOfStockUnits": "1,12",
    "LongName": "COTE D'OR Mignonnette Noir 70 % 180g",
    "AlcoholVolume": "0",
    "FicCode": "E"
  },
  {
    "productId": "832720",
    "technicalArticleNumber": "4673708",
    "commercialArticleNumber": "30261",
    "name": "Paaseieren mixzak",
    "brand": "ABS SWEETS",
    "seoBrand": "ABS Sweets",
    "thumbNail": "https://static.colruytgroup.com/images/200x200/std.lang.all/19/12/asset-3141912.jpg",
    "fullImage": "https://static.colruytgroup.com/images/500x500/std.lang.all/19/12/asset-3141912.jpg",
    "squareImage": "https://static.colruytgroup.com/images/500x500sq/std.lang.all/19/12/asset-3141912.jpg",
    "content": "750g",
    "walkRouteSequenceNumber": 1490,
    "price": {
      "basicPrice": 6.74,
      "recommendedQuantity": "1.0",
      "measurementUnitPrice": 8.99,
      "measurementUnit": "K",
      "isRedPrice": false,
      "pricePerUOM": 8.99,
      "activationDate": "18-01-2024",
      "isPromoActive": "N",
      "priceChangeCode": "L"
    },
    "isAvailable": true,
    "isPriceAvailable": true,
    "inPromo": false,
    "gtin": [
      "08717677079957",
      "08717677074952"
    ],
    "topCategoryName": "Koeken/Chocolade/Snoep",
    "topCategoryId": "335",
    "businessDomain": "RETAIL_BE",
    "IsPrivateLabel": false,
    "IsBiffe": false,
    "WeightconversionFactor": "0",
    "IsWeightArticle": false,
    "IsBio": false,
    "CountryOfOrigin": "POLEN",
    "IsExclusivelySoldInLuxembourg": false,
    "OrderUnit": "P",
    "ShortName": "ABSS PAASEIEREN MIX 750",
    "InSeason": true,
    "IsNew": false,
    "RecentQuanityOfStockUnits": "4,1",
    "LongName": "ABS SWEETS Paaseieren mixzak 750g",
    "StartSeasonDate": "25/10/2023",
    "FicCode": "E"
  },
  {
    "productId": "211503",
    "technicalArticleNumber": "3512718",
    "commercialArticleNumber": "50596",
    "name": "Bloc puur hazelnoot",
    "description": "*Belgische chocolade",
    "brand": "CÔTE D'OR",
    "seoBrand": "Côte d'Or",
    "thumbNail": "https://static.colruytgroup.com/images/200x200/std.lang.all/77/26/asset-947726.jpg",
    "fullImage": "https://static.colruytgroup.com/images/500x500/std.lang.all/77/26/asset-947726.jpg",
    "squareImage": "https://static.colruytgroup.com/images/500x500sq/std.lang.all/77/26/asset-947726.jpg",
    "content": "180g",
    "walkRouteSequenceNumber": 1407,
    "price": {
      "basicPrice": 3.29,
      "recommendedQuantity": "3.0",
      "measurementUnitPrice": 18.28,
      "measurementUnit": "K",
      "isRedPrice": false,
      "pricePerUOM": 18.28,
      "activationDate": "18-03-2024",
      "recordSource": "Offline",
      "isPromoActive": "N",
      "priceChangeCode": "H"
    },
    "isAvailable": true,
    "isPriceAvailable": true,
    "inPromo": false,
    "gtin": [
      "07622210996381",
      "07622210625601",
      "07622210625984",
      "07622210996299"
    ],
    "topCategoryName": "Koeken/Chocolade/Snoep",
    "topCategoryId": "335",
    "businessDomain": "RETAIL_BE",
    "IsPrivateLabel": false,
    "IsBiffe": false,
    "WeightconversionFactor": "0",
    "IsWeightArticle": false,
    "nutriscoreLabel": "E",
    "IsBio": false,
    "CountryOfOrigin": "BELGIË",
    "IsExclusivelySoldInLuxembourg": false,
    "OrderUnit": "P",
    "ShortName": "CD BLOC PUUR HAZEL.180G",
    "IsNew": false,
    "RecentQuanityOfStockUnits": "3,1",
    "LongName": "CÔTE D'OR Bloc puur hazelnoot 180g",
    "AlcoholVolume": "0",
    "FicCode": "E"
  },
  {
    "productId": "100657",
    "technicalArticleNumber": "2854675",
    "commercialArticleNumber": "34400",
    "name": "Cookie Choco XL",
    "brand": "MILKA",
    "seoBrand": "Milka",
    "thumbNail": "https://ecgproductmw.colruytgroup.com/ecgproductmw/noPicForArticle_2.jpg",
    "fullImage": "https://ecgproductmw.colruytgroup.com/ecgproductmw/noPicForArticle_5.jpg",
    "squareImage": "https://ecgproductmw.colruytgroup.com/ecgproductmw/noPicForArticle_5.jpg",
    "content": "184g",
    "walkRouteSequenceNumber": 2151,
    "price": {
      "basicPrice": 3.39,
      "recommendedQuantity": "2.0",
      "measurementUnitPrice": 18.43,
      "measurementUnit": "K",
      "isRedPrice": false,
      "pricePerUOM": 18.43,
      "activationDate": "06-03-2024",
      "recordSource": "Offline",
      "isPromoActive": "N",
      "priceChangeCode": "H"
    },
    "isAvailable": true,
    "isPriceAvailable": true,
    "inPromo": false,
    "gtin": [
      "07622210039880",
      "07622210050649",
      "07622300786687",
      "07622300787479"
    ],
    "topCategoryName": "Koeken/Chocolade/Snoep",
    "topCategoryId": "335",
    "businessDomain": "RETAIL_BE",
    "IsPrivateLabel": false,
    "IsBiffe": false,
    "WeightconversionFactor": "0",
    "IsWeightArticle": false,
    "nutriscoreLabel": "E",
    "IsBio": false,
    "CountryOfOrigin": "POLEN",
    "IsExclusivelySoldInLuxembourg": false,
    "OrderUnit": "P",
    "ShortName": "MILKA COOKIES 184GR",
    "InSeason": true,
    "IsNew": false,
    "RecentQuanityOfStockUnits": "10,2,1",
    "LongName": "MILKA Cookie Choco XL 184g",
    "AlcoholVolume": "0",
    "StartSeasonDate": "06/01/2014",
    "FicCode": "E"
  },
  {
    "productId": "1646",
    "technicalArticleNumber": "21256",
    "commercialArticleNumber": "21256",
    "name": "Marquisettes",
    "brand": "DELACRE",
    "seoBrand": "Delacre",
    "thumbNail": "https://static.colruytgroup.com/images/200x200/std.lang.all/81/62/asset-1808162.jpg",
    "fullImage": "https://static.colruytgroup.com/images/500x500/std.lang.all/81/62/asset-1808162.jpg",
    "squareImage": "https://static.colruytgroup.com/images/500x500sq/std.lang.all/81/62/asset-1808162.jpg",
    "content": "175g",
    "walkRouteSequenceNumber": 2084,
    "price": {
      "basicPrice": 1.79,
      "recommendedQuantity": "2.0",
      "measurementUnitPrice": 10.23,
      "measurementUnit": "K",
      "isRedPrice": false,
      "pricePerUOM": 10.23,
      "activationDate": "20-03-2024",
      "recordSource": "Folder",
      "isPromoActive": "N",
      "priceChangeCode": "L"
    },
    "isAvailable": true,
    "isPriceAvailable": true,
    "inPromo": false,
    "gtin": [
      "03116430003416",
      "03116430057587",
      "03116430210579",
      "03116430211521",
      "03116430519825",
      "03116430522337"
    ],
    "topCategoryName": "Koeken/Chocolade/Snoep",
    "topCategoryId": "335",
    "businessDomain": "RETAIL_BE",
    "IsPrivateLabel": false,
    "IsBiffe": false,
    "WeightconversionFactor": "0",
    "IsWeightArticle": false,
    "nutriscoreLabel": "E",
    "IsBio": false,
    "CountryOfOrigin": "BELGIË",
    "IsExclusivelySoldInLuxembourg": false,
    "OrderUnit": "P",
    "ShortName": "DEL MARQUISETTE 175 GR",
    "InSeason": true,
    "IsNew": false,
    "RecentQuanityOfStockUnits": "1,12,2",
    "LongName": "DELACRE Marquisettes 175g",
    "AlcoholVolume": "0",
    "StartSeasonDate": "09/06/2005",
    "FicCode": "E"
  },
  {
    "productId": "306020",
    "technicalArticleNumber": "3722433",
    "commercialArticleNumber": "20187",
    "name": "tablet praliné noir",
    "brand": "CÔTE D'OR",
    "seoBrand": "Côte d'Or",
    "thumbNail": "https://static.colruytgroup.com/images/200x200/std.lang.all/12/10/asset-1331210.jpg",
    "fullImage": "https://static.colruytgroup.com/images/500x500/std.lang.all/12/10/asset-1331210.jpg",
    "squareImage": "https://static.colruytgroup.com/images/500x500sq/std.lang.all/12/10/asset-1331210.jpg",
    "content": "200g",
    "walkRouteSequenceNumber": 1415,
    "price": {
      "basicPrice": 2.99,
      "recommendedQuantity": "2.0",
      "measurementUnitPrice": 14.95,
      "measurementUnit": "K",
      "isRedPrice": false,
      "pricePerUOM": 14.95,
      "activationDate": "21-03-2024",
      "recordSource": "Offline",
      "isPromoActive": "N",
      "priceChangeCode": "H"
    },
    "isAvailable": true,
    "isPriceAvailable": true,
    "inPromo": false,
    "gtin": [
      "07622200715428",
      "07622210792655",
      "07622210678676",
      "07622400010460"
    ],
    "topCategoryName": "Koeken/Chocolade/Snoep",
    "topCategoryId": "335",
    "businessDomain": "RETAIL_BE",
    "IsPrivateLabel": false,
    "IsBiffe": false,
    "WeightconversionFactor": "0",
    "IsWeightArticle": false,
    "nutriscoreLabel": "E",
    "IsBio": false,
    "CountryOfOrigin": "BELGIË",
    "IsExclusivelySoldInLuxembourg": false,
    "OrderUnit": "P",
    "ShortName": "CDO TBL PRALINE FOND200",
    "IsNew": false,
    "RecentQuanityOfStockUnits": "2,1",
    "LongName": "CÔTE D'OR tablet praliné noir 200g",
    "AlcoholVolume": "0",
    "FicCode": "E"
  },
  {
    "productId": "712889",
    "technicalArticleNumber": "4456164",
    "commercialArticleNumber": "2612",
    "name": "melk",
    "brand": "NESTLÉ SMARTIES",
    "seoBrand": "Nestlé Smarties",
    "thumbNail": "https://static.colruytgroup.com/images/200x200/std.lang.all/40/94/asset-2454094.jpg",
    "fullImage": "https://static.colruytgroup.com/images/500x500/std.lang.all/40/94/asset-2454094.jpg",
    "squareImage": "https://static.colruytgroup.com/images/500x500sq/std.lang.all/40/94/asset-2454094.jpg",
    "content": "6x34st",
    "walkRouteSequenceNumber": 1446,
    "price": {
      "basicPrice": 2.98,
      "recommendedQuantity": "1.0",
      "measurementUnitPrice": 14.61,
      "measurementUnit": "K",
      "isRedPrice": false,
      "pricePerUOM": 14.61,
      "activationDate": "05-03-2024",
      "recordSource": "Offline",
      "isPromoActive": "N",
      "priceChangeCode": "H"
    },
    "isAvailable": true,
    "isPriceAvailable": true,
    "inPromo": false,
    "gtin": [
      "07613039800324",
      "07613039800317"
    ],
    "topCategoryName": "Koeken/Chocolade/Snoep",
    "topCategoryId": "335",
    "businessDomain": "RETAIL_BE",
    "IsPrivateLabel": false,
    "IsBiffe": false,
    "WeightconversionFactor": "0",
    "IsWeightArticle": false,
    "nutriscoreLabel": "E",
    "IsBio": false,
    "CountryOfOrigin": "DUITSLAND",
    "IsExclusivelySoldInLuxembourg": false,
    "OrderUnit": "P",
    "ShortName": "NEST SMARTIES MELK 6X34",
    "IsNew": false,
    "RecentQuanityOfStockUnits": "1,24",
    "LongName": "NESTLÉ SMARTIES melk 6x34st",
    "FicCode": "E"
  },
  {
    "productId": "68457",
    "technicalArticleNumber": "2742447",
    "commercialArticleNumber": "40913",
    "name": "paaseieren fondant chocol.",
    "brand": "LIBEERT",
    "seoBrand": "Libeert",
    "thumbNail": "https://static.colruytgroup.com/images/200x200/std.lang.all/21/27/asset-3142127.jpg",
    "fullImage": "https://static.colruytgroup.com/images/500x500/std.lang.all/21/27/asset-3142127.jpg",
    "squareImage": "https://static.colruytgroup.com/images/500x500sq/std.lang.all/21/27/asset-3142127.jpg",
    "content": "120g",
    "walkRouteSequenceNumber": 1476,
    "price": {
      "basicPrice": 3.69,
      "recommendedQuantity": "1.0",
      "measurementUnitPrice": 30.75,
      "measurementUnit": "K",
      "isRedPrice": false,
      "pricePerUOM": 30.75,
      "activationDate": "20-03-2024",
      "recordSource": "Offline",
      "isPromoActive": "N",
      "priceChangeCode": "H"
    },
    "isAvailable": true,
    "isPriceAvailable": true,
    "inPromo": false,
    "gtin": [
      "05411901927924",
      "05411901913927",
      "05411901060096"
    ],
    "topCategoryName": "Koeken/Chocolade/Snoep",
    "topCategoryId": "335",
    "businessDomain": "RETAIL_BE",
    "IsPrivateLabel": false,
    "IsBiffe": false,
    "WeightconversionFactor": "0",
    "IsWeightArticle": false,
    "nutriscoreLabel": "E",
    "IsBio": false,
    "CountryOfOrigin": "BELGIË",
    "IsExclusivelySoldInLuxembourg": false,
    "OrderUnit": "P",
    "ShortName": "LIB PASEN EI FOND.120G",
    "InSeason": true,
    "IsNew": false,
    "EcoscoreLabel": "D",
    "RecentQuanityOfStockUnits": "1,20",
    "LongName": "LIBEERT paaseieren fondant chocol. 120g",
    "AlcoholVolume": "0",
    "StartSeasonDate": "25/10/2023",
    "FicCode": "E",
    "EcoscoreValue": "38"
  },
  {
    "productId": "114298",
    "technicalArticleNumber": "3077300",
    "commercialArticleNumber": "31335",
    "name": "super fizzy stixx extra zuur",
    "brand": "BONI",
    "seoBrand": "Boni Selection",
    "thumbNail": "https://static.colruytgroup.com/images/200x200/std.lang.all/65/53/asset-2396553.jpg",
    "fullImage": "https://static.colruytgroup.com/images/500x500/std.lang.all/65/53/asset-2396553.jpg",
    "squareImage": "https://static.colruytgroup.com/images/500x500sq/std.lang.all/65/53/asset-2396553.jpg",
    "content": "600g",
    "walkRouteSequenceNumber": 1966,
    "price": {
      "basicPrice": 3.09,
      "recommendedQuantity": "1.0",
      "measurementUnitPrice": 5.15,
      "measurementUnit": "K",
      "isRedPrice": false,
      "pricePerUOM": 5.15,
      "activationDate": "29-02-2024",
      "recordSource": "Offline",
      "isPromoActive": "N",
      "priceChangeCode": "L"
    },
    "isAvailable": true,
    "isPriceAvailable": true,
    "inPromo": false,
    "gtin": [
      "05400141139365",
      "05400141083477",
      "15400141836360",
      "15400141561101",
      "05400141561104",
      "05400141412550",
      "15400141412557"
    ],
    "topCategoryName": "Koeken/Chocolade/Snoep",
    "topCategoryId": "335",
    "businessDomain": "RETAIL_BE",
    "IsPrivateLabel": true,
    "IsBiffe": false,
    "WeightconversionFactor": "0",
    "IsWeightArticle": false,
    "nutriscoreLabel": "E",
    "IsBio": false,
    "CountryOfOrigin": "NEDERLAND",
    "IsExclusivelySoldInLuxembourg": false,
    "OrderUnit": "P",
    "ShortName": "BONI SUP.FIZ.ST.ZUUR600",
    "IsNew": false,
    "EcoscoreLabel": "C",
    "RecentQuanityOfStockUnits": "1,1",
    "LongName": "BONI super fizzy stixx extra zuur 600g",
    "AlcoholVolume": "0",
    "FicCode": "I",
    "EcoscoreValue": "47"
  },
  {
    "productId": "1026435",
    "technicalArticleNumber": "4791619",
    "commercialArticleNumber": "33560",
    "name": "Boterwafeltjes Mini",
    "brand": "PETIT BARON",
    "seoBrand": "Petit Baron",
    "thumbNail": "https://static.colruytgroup.com/images/200x200/std.lang.all/59/62/asset-3435962.jpg",
    "fullImage": "https://static.colruytgroup.com/images/500x500/std.lang.all/59/62/asset-3435962.jpg",
    "squareImage": "https://static.colruytgroup.com/images/500x500sq/std.lang.all/59/62/asset-3435962.jpg",
    "content": "240g",
    "walkRouteSequenceNumber": 2036,
    "price": {
      "basicPrice": 2.75,
      "recommendedQuantity": "1.0",
      "measurementUnitPrice": 11.46,
      "measurementUnit": "K",
      "isRedPrice": false,
      "pricePerUOM": 11.46,
      "activationDate": "10-02-2024",
      "isPromoActive": "N",
      "priceChangeCode": "E"
    },
    "isAvailable": true,
    "isPriceAvailable": true,
    "inPromo": false,
    "gtin": [
      "05425024688037",
      "05425024688020"
    ],
    "topCategoryName": "Koeken/Chocolade/Snoep",
    "topCategoryId": "335",
    "businessDomain": "RETAIL_BE",
    "IsPrivateLabel": false,
    "IsBiffe": false,
    "WeightconversionFactor": "0",
    "IsWeightArticle": false,
    "nutriscoreLabel": "E",
    "IsBio": false,
    "CountryOfOrigin": "BELGIË",
    "IsExclusivelySoldInLuxembourg": false,
    "OrderUnit": "P",
    "ShortName": "PEBA MINI.BOTERWAFEL240",
    "IsNew": true,
    "EcoscoreLabel": "C",
    "RecentQuanityOfStockUnits": "1",
    "LongName": "PETIT BARON Boterwafeltjes Mini 240g",
    "FicCode": "E",
    "EcoscoreValue": "56"
  },
  {
    "productId": "309113",
    "technicalArticleNumber": "3744121",
    "commercialArticleNumber": "14304",
    "name": "crispy",
    "brand": "M&M'S",
    "seoBrand": "M&M's",
    "thumbNail": "https://static.colruytgroup.com/images/200x200/std.lang.all/58/38/asset-2885838.jpg",
    "fullImage": "https://static.colruytgroup.com/images/500x500/std.lang.all/58/38/asset-2885838.jpg",
    "squareImage": "https://static.colruytgroup.com/images/500x500sq/std.lang.all/58/38/asset-2885838.jpg",
    "content": "374g",
    "walkRouteSequenceNumber": 1462,
    "price": {
      "basicPrice": 3.28,
      "recommendedQuantity": "2.0",
      "measurementUnitPrice": 8.78,
      "measurementUnit": "K",
      "isRedPrice": false,
      "pricePerUOM": 8.78,
      "activationDate": "23-03-2024",
      "recordSource": "Folder",
      "isPromoActive": "N",
      "priceChangeCode": "E"
    },
    "isAvailable": true,
    "isPriceAvailable": true,
    "inPromo": false,
    "gtin": [
      "05400141140125",
      "05000159480840",
      "05000159564687",
      "05000159564694",
      "05000159480833"
    ],
    "topCategoryName": "Koeken/Chocolade/Snoep",
    "topCategoryId": "335",
    "businessDomain": "RETAIL_BE",
    "IsPrivateLabel": false,
    "IsBiffe": false,
    "WeightconversionFactor": "0",
    "IsWeightArticle": false,
    "nutriscoreLabel": "E",
    "IsBio": false,
    "CountryOfOrigin": "FRANKRIJK",
    "IsExclusivelySoldInLuxembourg": false,
    "OrderUnit": "P",
    "ShortName": "M&M CRISPY 374G",
    "IsNew": false,
    "RecentQuanityOfStockUnits": "2,1,1",
    "LongName": "M&M'S crispy 374g",
    "AlcoholVolume": "0",
    "FicCode": "E"
  },
  {
    "productId": "1026435",
    "technicalArticleNumber": "4791619",
    "commercialArticleNumber": "33560",
    "name": "Boterwafeltjes Mini",
    "brand": "PETIT BARON",
    "seoBrand": "Petit Baron",
    "thumbNail": "https://static.colruytgroup.com/images/200x200/std.lang.all/59/62/asset-3435962.jpg",
    "fullImage": "https://static.colruytgroup.com/images/500x500/std.lang.all/59/62/asset-3435962.jpg",
    "squareImage": "https://static.colruytgroup.com/images/500x500sq/std.lang.all/59/62/asset-3435962.jpg",
    "content": "240g",
    "walkRouteSequenceNumber": 2036,
    "price": {
      "basicPrice": 2.75,
      "recommendedQuantity": "1.0",
      "measurementUnitPrice": 11.46,
      "measurementUnit": "K",
      "isRedPrice": false,
      "pricePerUOM": 11.46,
      "activationDate": "10-02-2024",
      "isPromoActive": "N",
      "priceChangeCode": "E"
    },
    "isAvailable": true,
    "isPriceAvailable": true,
    "inPromo": false,
    "gtin": [
      "05425024688037",
      "05425024688020"
    ],
    "topCategoryName": "Koeken/Chocolade/Snoep",
    "topCategoryId": "335",
    "businessDomain": "RETAIL_BE",
    "IsPrivateLabel": false,
    "IsBiffe": false,
    "WeightconversionFactor": "0",
    "IsWeightArticle": false,
    "nutriscoreLabel": "E",
    "IsBio": false,
    "CountryOfOrigin": "BELGIË",
    "IsExclusivelySoldInLuxembourg": false,
    "OrderUnit": "P",
    "ShortName": "PEBA MINI.BOTERWAFEL240",
    "IsNew": true,
    "EcoscoreLabel": "C",
    "RecentQuanityOfStockUnits": "1",
    "LongName": "PETIT BARON Boterwafeltjes Mini 240g",
    "FicCode": "E",
    "EcoscoreValue": "56"
  },
  {
    "productId": "94610",
    "technicalArticleNumber": "2817168",
    "commercialArticleNumber": "16766",
    "name": "ABC Gummies",
    "brand": "BONI",
    "seoBrand": "Boni Selection",
    "thumbNail": "https://static.colruytgroup.com/images/200x200/std.lang.all/51/34/asset-2135134.jpg",
    "fullImage": "https://static.colruytgroup.com/images/500x500/std.lang.all/51/34/asset-2135134.jpg",
    "squareImage": "https://static.colruytgroup.com/images/500x500sq/std.lang.all/51/34/asset-2135134.jpg",
    "content": "600g",
    "walkRouteSequenceNumber": 1937,
    "price": {
      "basicPrice": 3.82,
      "recommendedQuantity": "1.0",
      "measurementUnitPrice": 6.37,
      "measurementUnit": "K",
      "isRedPrice": false,
      "pricePerUOM": 6.37,
      "activationDate": "11-01-2024",
      "recordSource": "Offline",
      "isPromoActive": "N",
      "priceChangeCode": "H"
    },
    "isAvailable": true,
    "isPriceAvailable": true,
    "inPromo": false,
    "gtin": [
      "15400141564577",
      "05400141564570",
      "05400141281798",
      "05400141092615",
      "05400141193374",
      "05400141401141",
      "15400141281795",
      "15400141401148"
    ],
    "topCategoryName": "Koeken/Chocolade/Snoep",
    "topCategoryId": "335",
    "businessDomain": "RETAIL_BE",
    "IsPrivateLabel": true,
    "IsBiffe": false,
    "WeightconversionFactor": "0",
    "IsWeightArticle": false,
    "nutriscoreLabel": "E",
    "IsBio": false,
    "CountryOfOrigin": "BELGIË",
    "IsExclusivelySoldInLuxembourg": false,
    "OrderUnit": "P",
    "ShortName": "BONI GES.GOM 600G .",
    "IsNew": false,
    "EcoscoreLabel": "A",
    "RecentQuanityOfStockUnits": "1",
    "LongName": "BONI ABC Gummies 600g",
    "AlcoholVolume": "0",
    "FicCode": "I",
    "EcoscoreValue": "98"
  },
  {
    "productId": "19036",
    "technicalArticleNumber": "1773538",
    "commercialArticleNumber": "21138",
    "name": "pure chocolade",
    "description": "*Individueel verpakt",
    "brand": "PICK UP!",
    "seoBrand": "Bahlsen Pick Up!",
    "thumbNail": "https://static.colruytgroup.com/images/200x200/std.lang.all/55/49/asset-3175549.jpg",
    "fullImage": "https://static.colruytgroup.com/images/500x500/std.lang.all/55/49/asset-3175549.jpg",
    "squareImage": "https://static.colruytgroup.com/images/500x500sq/std.lang.all/55/49/asset-3175549.jpg",
    "content": "10x28g",
    "walkRouteSequenceNumber": 2058,
    "price": {
      "basicPrice": 4.81,
      "recommendedQuantity": "1.0",
      "measurementUnitPrice": 17.18,
      "measurementUnit": "K",
      "isRedPrice": false,
      "pricePerUOM": 17.18,
      "activationDate": "12-03-2024",
      "recordSource": "Offline",
      "isPromoActive": "N",
      "priceChangeCode": "H"
    },
    "isAvailable": true,
    "isPriceAvailable": true,
    "inPromo": false,
    "gtin": [
      "04017100220685",
      "04017100622076",
      "04017100128790",
      "04017100287978"
    ],
    "topCategoryName": "Koeken/Chocolade/Snoep",
    "topCategoryId": "335",
    "businessDomain": "RETAIL_BE",
    "IsPrivateLabel": false,
    "IsBiffe": false,
    "WeightconversionFactor": "0",
    "IsWeightArticle": false,
    "nutriscoreLabel": "E",
    "IsBio": false,
    "CountryOfOrigin": "BELGIË",
    "IsExclusivelySoldInLuxembourg": false,
    "OrderUnit": "P",
    "ShortName": "BAHL PICK UP PUUR10X28G",
    "IsNew": false,
    "EcoscoreLabel": "D",
    "RecentQuanityOfStockUnits": "1",
    "LongName": "PICK UP! pure chocolade 10x28g",
    "AlcoholVolume": "0",
    "FicCode": "E",
    "EcoscoreValue": "36"
  },
  {
    "productId": "11417",
    "technicalArticleNumber": "1373364",
    "commercialArticleNumber": "15029",
    "name": "koeken granen",
    "description": "*Individueel verpakt",
    "brand": "LU GRANY",
    "seoBrand": "LU Grany",
    "thumbNail": "https://static.colruytgroup.com/images/200x200/std.lang.all/80/84/asset-1928084.jpg",
    "fullImage": "https://static.colruytgroup.com/images/500x500/std.lang.all/80/84/asset-1928084.jpg",
    "squareImage": "https://static.colruytgroup.com/images/500x500sq/std.lang.all/80/84/asset-1928084.jpg",
    "content": "6x28,5g",
    "walkRouteSequenceNumber": 2311,
    "price": {
      "basicPrice": 2.19,
      "recommendedQuantity": "2.0",
      "measurementUnitPrice": 12.81,
      "measurementUnit": "K",
      "isRedPrice": false,
      "pricePerUOM": 12.81,
      "activationDate": "13-03-2024",
      "recordSource": "Offline",
      "isPromoActive": "N",
      "priceChangeCode": "E"
    },
    "isAvailable": true,
    "isPriceAvailable": true,
    "inPromo": false,
    "gtin": [
      "05400141150292",
      "05410041196504",
      "15410041196501"
    ],
    "topCategoryName": "Brood/Ontbijt",
    "topCategoryId": "124",
    "businessDomain": "RETAIL_BE",
    "IsPrivateLabel": false,
    "IsBiffe": false,
    "WeightconversionFactor": "0",
    "IsWeightArticle": false,
    "nutriscoreLabel": "E",
    "IsBio": false,
    "CountryOfOrigin": "BELGIË",
    "IsExclusivelySoldInLuxembourg": false,
    "OrderUnit": "P",
    "ShortName": "LU GRANY GRAN KOEK 171G",
    "IsNew": false,
    "RecentQuanityOfStockUnits": "1,2,14",
    "LongName": "LU GRANY koeken granen 6x28,5g",
    "AlcoholVolume": "0",
    "FicCode": "E"
  },
  {
    "productId": "509150",
    "technicalArticleNumber": "4086266",
    "commercialArticleNumber": "7904",
    "name": "wintergreen 55st",
    "brand": "MENTOS PURE FRESH",
    "seoBrand": "Mentos",
    "thumbNail": "https://static.colruytgroup.com/images/200x200/std.lang.all/07/78/asset-2280778.jpg",
    "fullImage": "https://static.colruytgroup.com/images/500x500/std.lang.all/07/78/asset-2280778.jpg",
    "squareImage": "https://static.colruytgroup.com/images/500x500sq/std.lang.all/07/78/asset-2280778.jpg",
    "content": "110g",
    "walkRouteSequenceNumber": 18358,
    "price": {
      "basicPrice": 3.02,
      "recommendedQuantity": "1.0",
      "measurementUnitPrice": 0.055,
      "measurementUnit": "S",
      "isRedPrice": false,
      "pricePerUOM": 0.055,
      "activationDate": "23-03-2024",
      "recordSource": "Offline",
      "isPromoActive": "N",
      "priceChangeCode": "H"
    },
    "isAvailable": true,
    "isPriceAvailable": true,
    "inPromo": false,
    "gtin": [
      "00000080895442",
      "08003440991794"
    ],
    "topCategoryName": "Koeken/Chocolade/Snoep",
    "topCategoryId": "335",
    "businessDomain": "RETAIL_BE",
    "IsPrivateLabel": false,
    "IsBiffe": false,
    "WeightconversionFactor": "0",
    "IsWeightArticle": false,
    "nutriscoreLabel": "B",
    "IsBio": false,
    "CountryOfOrigin": "TURKIJE",
    "IsExclusivelySoldInLuxembourg": false,
    "OrderUnit": "P",
    "ShortName": "MENT PF GUM WINTERGR55S",
    "IsNew": false,
    "EcoscoreLabel": "C",
    "RecentQuanityOfStockUnits": "1",
    "LongName": "MENTOS PURE FRESH wintergreen 55st 110g",
    "FicCode": "E",
    "EcoscoreValue": "42"
  },
  {
    "productId": "1472",
    "technicalArticleNumber": "20014",
    "commercialArticleNumber": "20014",
    "name": "melk hazelnoot",
    "description": "*Belgische chocolade",
    "brand": "CÔTE D'OR",
    "seoBrand": "Côte d'Or L'Original",
    "thumbNail": "https://static.colruytgroup.com/images/200x200/std.lang.all/65/54/asset-2256554.jpg",
    "fullImage": "https://static.colruytgroup.com/images/500x500/std.lang.all/65/54/asset-2256554.jpg",
    "squareImage": "https://static.colruytgroup.com/images/500x500sq/std.lang.all/65/54/asset-2256554.jpg",
    "content": "2x200g",
    "walkRouteSequenceNumber": 1423,
    "price": {
      "basicPrice": 4.49,
      "recommendedQuantity": "2.0",
      "measurementUnitPrice": 11.23,
      "measurementUnit": "K",
      "isRedPrice": false,
      "pricePerUOM": 11.23,
      "activationDate": "23-03-2024",
      "recordSource": "Folder",
      "isPromoActive": "N",
      "priceChangeCode": "E"
    },
    "isAvailable": true,
    "isPriceAvailable": true,
    "inPromo": true,
    "promotion": [
      {
        "techPromoId": "100829COLR",
        "promotionId": "100829",
        "promotionType": "3",
        "isPersonalized": "N",
        "publicationStartDate": "13-03-2024",
        "publicationEndDate": "26-03-2024"
      }
    ],
    "gtin": [
      "05410081200292",
      "07622210100085",
      "07622210187352",
      "07622210758286",
      "07622210100283"
    ],
    "topCategoryName": "Koeken/Chocolade/Snoep",
    "topCategoryId": "335",
    "businessDomain": "RETAIL_BE",
    "IsPrivateLabel": false,
    "IsBiffe": false,
    "WeightconversionFactor": "0",
    "IsWeightArticle": false,
    "nutriscoreLabel": "E",
    "IsBio": false,
    "CountryOfOrigin": "BELGIË",
    "IsExclusivelySoldInLuxembourg": false,
    "OrderUnit": "P",
    "ShortName": "CD TABL MELK NOOT 400",
    "IsNew": false,
    "RecentQuanityOfStockUnits": "2,1",
    "LongName": "CÔTE D'OR melk hazelnoot 2x200g",
    "AlcoholVolume": "0",
    "FicCode": "E"
  },
  {
    "productId": "38965",
    "technicalArticleNumber": "1656587",
    "commercialArticleNumber": "19540",
    "name": "carrés melk hele hazeln.",
    "description": "*Belgische chocolade",
    "brand": "CÔTE D'OR",
    "seoBrand": "Côte d'Or",
    "thumbNail": "https://static.colruytgroup.com/images/200x200/std.lang.all/33/26/asset-2203326.jpg",
    "fullImage": "https://static.colruytgroup.com/images/500x500/std.lang.all/33/26/asset-2203326.jpg",
    "squareImage": "https://static.colruytgroup.com/images/500x500sq/std.lang.all/33/26/asset-2203326.jpg",
    "content": "200g",
    "walkRouteSequenceNumber": 1222,
    "price": {
      "basicPrice": 4.49,
      "recommendedQuantity": "1.0",
      "measurementUnitPrice": 22.45,
      "measurementUnit": "K",
      "isRedPrice": false,
      "pricePerUOM": 22.45,
      "activationDate": "12-03-2024",
      "recordSource": "Offline",
      "isPromoActive": "N",
      "priceChangeCode": "L"
    },
    "isAvailable": true,
    "isPriceAvailable": true,
    "inPromo": false,
    "gtin": [
      "03045140015832",
      "07622200688005"
    ],
    "topCategoryName": "Koeken/Chocolade/Snoep",
    "topCategoryId": "335",
    "businessDomain": "RETAIL_BE",
    "IsPrivateLabel": false,
    "IsBiffe": false,
    "WeightconversionFactor": "0",
    "IsWeightArticle": false,
    "nutriscoreLabel": "E",
    "IsBio": false,
    "CountryOfOrigin": "BELGIË",
    "IsExclusivelySoldInLuxembourg": false,
    "OrderUnit": "P",
    "ShortName": "CD CA.MELK NOOT 10S 200",
    "IsNew": false,
    "RecentQuanityOfStockUnits": "1,12",
    "LongName": "CÔTE D'OR carrés melk hele hazeln. 200g",
    "AlcoholVolume": "0",
    "FicCode": "E"
  },
  {
    "productId": "478684",
    "technicalArticleNumber": "3994765",
    "commercialArticleNumber": "4290",
    "name": "Ei Noisettine",
    "brand": "MILKA",
    "seoBrand": "Milka",
    "thumbNail": "https://static.colruytgroup.com/images/200x200/std.lang.all/63/64/asset-2366364.jpg",
    "fullImage": "https://static.colruytgroup.com/images/500x500/std.lang.all/63/64/asset-2366364.jpg",
    "squareImage": "https://static.colruytgroup.com/images/500x500sq/std.lang.all/63/64/asset-2366364.jpg",
    "content": "600g",
    "walkRouteSequenceNumber": 1597,
    "price": {
      "basicPrice": 9.24,
      "recommendedQuantity": "1.0",
      "measurementUnitPrice": 15.4,
      "measurementUnit": "K",
      "isRedPrice": false,
      "pricePerUOM": 15.4,
      "activationDate": "19-03-2024",
      "recordSource": "Folder",
      "isPromoActive": "N",
      "priceChangeCode": "L"
    },
    "isAvailable": true,
    "isPriceAvailable": true,
    "inPromo": true,
    "promotion": [
      {
        "techPromoId": "100832COLR",
        "promotionId": "100832",
        "promotionType": "4",
        "isPersonalized": "N",
        "publicationStartDate": "13-03-2024",
        "publicationEndDate": "26-03-2024"
      }
    ],
    "gtin": [
      "07622210948878",
      "07622210948861"
    ],
    "topCategoryName": "Koeken/Chocolade/Snoep",
    "topCategoryId": "335",
    "businessDomain": "RETAIL_BE",
    "IsPrivateLabel": false,
    "IsBiffe": false,
    "WeightconversionFactor": "0",
    "IsWeightArticle": false,
    "nutriscoreLabel": "E",
    "IsBio": false,
    "CountryOfOrigin": "BELGIË",
    "IsExclusivelySoldInLuxembourg": false,
    "OrderUnit": "P",
    "ShortName": "MILK EI NOISETTINE 600G",
    "InSeason": true,
    "IsNew": false,
    "RecentQuanityOfStockUnits": "1,18",
    "LongName": "MILKA Ei Noisettine 600g",
    "StartSeasonDate": "25/10/2023",
    "FicCode": "E"
  },
  {
    "productId": "136686",
    "technicalArticleNumber": "3168674",
    "commercialArticleNumber": "24926",
    "name": "snoep colaflesjes",
    "brand": "EVERYDAY",
    "seoBrand": "Everyday",
    "thumbNail": "https://static.colruytgroup.com/images/200x200/std.lang.all/53/54/asset-2195354.jpg",
    "fullImage": "https://static.colruytgroup.com/images/500x500/std.lang.all/53/54/asset-2195354.jpg",
    "squareImage": "https://static.colruytgroup.com/images/500x500sq/std.lang.all/53/54/asset-2195354.jpg",
    "content": "500g",
    "walkRouteSequenceNumber": 1973,
    "price": {
      "basicPrice": 2.38,
      "recommendedQuantity": "1.0",
      "measurementUnitPrice": 4.76,
      "measurementUnit": "K",
      "isRedPrice": false,
      "pricePerUOM": 4.76,
      "activationDate": "12-12-2023",
      "recordSource": "Offline",
      "isPromoActive": "N",
      "priceChangeCode": "E"
    },
    "isAvailable": true,
    "isPriceAvailable": true,
    "inPromo": false,
    "gtin": [
      "15400141914785",
      "05400141192599"
    ],
    "topCategoryName": "Koeken/Chocolade/Snoep",
    "topCategoryId": "335",
    "businessDomain": "RETAIL_BE",
    "IsPrivateLabel": true,
    "IsBiffe": false,
    "WeightconversionFactor": "0",
    "IsWeightArticle": false,
    "nutriscoreLabel": "D",
    "IsBio": false,
    "CountryOfOrigin": "NEDERLAND",
    "IsExclusivelySoldInLuxembourg": false,
    "OrderUnit": "P",
    "ShortName": "EVD COLAFLES 500GR",
    "IsNew": false,
    "EcoscoreLabel": "B",
    "RecentQuanityOfStockUnits": "1",
    "LongName": "EVERYDAY snoep colaflesjes 500g",
    "AlcoholVolume": "0",
    "FicCode": "I",
    "EcoscoreValue": "74"
  },
  {
    "productId": "797865",
    "technicalArticleNumber": "4609662",
    "commercialArticleNumber": "5895",
    "name": "fruit rings",
    "brand": "BONI",
    "seoBrand": "Boni Selection",
    "thumbNail": "https://static.colruytgroup.com/images/200x200/std.lang.all/36/87/asset-2933687.jpg",
    "fullImage": "https://static.colruytgroup.com/images/500x500/std.lang.all/36/87/asset-2933687.jpg",
    "squareImage": "https://static.colruytgroup.com/images/500x500sq/std.lang.all/36/87/asset-2933687.jpg",
    "content": "600g",
    "walkRouteSequenceNumber": 1968,
    "price": {
      "basicPrice": 2.85,
      "recommendedQuantity": "1.0",
      "measurementUnitPrice": 4.75,
      "measurementUnit": "K",
      "isRedPrice": false,
      "pricePerUOM": 4.75,
      "activationDate": "05-03-2024",
      "recordSource": "Offline",
      "isPromoActive": "N",
      "priceChangeCode": "E"
    },
    "isAvailable": true,
    "isPriceAvailable": true,
    "inPromo": false,
    "gtin": [
      "15400141436379",
      "05400141436372"
    ],
    "topCategoryName": "Koeken/Chocolade/Snoep",
    "topCategoryId": "335",
    "businessDomain": "RETAIL_BE",
    "IsPrivateLabel": true,
    "IsBiffe": false,
    "WeightconversionFactor": "0",
    "IsWeightArticle": false,
    "nutriscoreLabel": "E",
    "IsBio": false,
    "CountryOfOrigin": "BELGIË",
    "IsExclusivelySoldInLuxembourg": false,
    "OrderUnit": "P",
    "ShortName": "BONI FRUIT RINGS 600G",
    "IsNew": false,
    "EcoscoreLabel": "C",
    "RecentQuanityOfStockUnits": "1",
    "LongName": "BONI fruit rings 600g",
    "FicCode": "I",
    "EcoscoreValue": "42"
  },
  {
    "productId": "36575",
    "technicalArticleNumber": "1865466",
    "commercialArticleNumber": "21022",
    "name": "Carré frangipane Abr. 6st",
    "description": "*Individueel verpakt",
    "brand": "BONI",
    "seoBrand": "Boni Selection",
    "thumbNail": "https://static.colruytgroup.com/images/200x200/std.lang.all/25/42/asset-3452542.jpg",
    "fullImage": "https://static.colruytgroup.com/images/500x500/std.lang.all/25/42/asset-3452542.jpg",
    "squareImage": "https://static.colruytgroup.com/images/500x500sq/std.lang.all/25/42/asset-3452542.jpg",
    "content": "6x50g",
    "walkRouteSequenceNumber": 2063,
    "price": {
      "basicPrice": 2.45,
      "recommendedQuantity": "1.0",
      "measurementUnitPrice": 8.17,
      "measurementUnit": "K",
      "isRedPrice": false,
      "pricePerUOM": 8.17,
      "activationDate": "14-03-2024",
      "recordSource": "Offline",
      "isPromoActive": "N",
      "priceChangeCode": "E"
    },
    "isAvailable": true,
    "isPriceAvailable": true,
    "inPromo": false,
    "gtin": [
      "05400141138832",
      "15400141309109",
      "05400141563726",
      "05400141230833",
      "15400141932710",
      "15400141563723",
      "05400141624489",
      "05400141016338",
      "05400141015959",
      "05400141309102",
      "15400141624486"
    ],
    "topCategoryName": "Koeken/Chocolade/Snoep",
    "topCategoryId": "335",
    "businessDomain": "RETAIL_BE",
    "IsPrivateLabel": true,
    "IsBiffe": false,
    "WeightconversionFactor": "0",
    "IsWeightArticle": false,
    "nutriscoreLabel": "E",
    "IsBio": false,
    "CountryOfOrigin": "BELGIË",
    "IsExclusivelySoldInLuxembourg": false,
    "OrderUnit": "P",
    "ShortName": "BONI CARRE FRANGI 6X50G",
    "IsNew": false,
    "EcoscoreLabel": "D",
    "RecentQuanityOfStockUnits": "1,14",
    "LongName": "BONI Carré frangipane Abr. 6st 6x50g",
    "AlcoholVolume": "0",
    "FicCode": "I",
    "EcoscoreValue": "31"
  },
  {
    "productId": "855641",
    "technicalArticleNumber": "4704992",
    "commercialArticleNumber": "31361",
    "name": "Framboos",
    "description": "*Individueel verpakt\n*5x3stuks",
    "brand": "SULTANA",
    "seoBrand": "Sultana",
    "thumbNail": "https://static.colruytgroup.com/images/200x200/std.lang.all/97/69/asset-3249769.jpg",
    "fullImage": "https://static.colruytgroup.com/images/500x500/std.lang.all/97/69/asset-3249769.jpg",
    "squareImage": "https://static.colruytgroup.com/images/500x500sq/std.lang.all/97/69/asset-3249769.jpg",
    "content": "5x43,6g",
    "walkRouteSequenceNumber": 2308,
    "price": {
      "basicPrice": 1.87,
      "recommendedQuantity": "1.0",
      "measurementUnitPrice": 8.58,
      "measurementUnit": "K",
      "isRedPrice": false,
      "pricePerUOM": 8.58,
      "activationDate": "23-03-2024",
      "recordSource": "Folder",
      "isPromoActive": "N",
      "priceChangeCode": "E"
    },
    "isAvailable": true,
    "isPriceAvailable": true,
    "inPromo": false,
    "gtin": [
      "08710412042278",
      "08710412042261"
    ],
    "topCategoryName": "Koeken/Chocolade/Snoep",
    "topCategoryId": "335",
    "businessDomain": "RETAIL_BE",
    "IsPrivateLabel": false,
    "IsBiffe": false,
    "WeightconversionFactor": "0",
    "IsWeightArticle": false,
    "nutriscoreLabel": "C",
    "IsBio": false,
    "CountryOfOrigin": "NEDERLAND",
    "IsExclusivelySoldInLuxembourg": false,
    "OrderUnit": "P",
    "ShortName": "SULT FRAMBOOS 5X43.6G",
    "IsNew": false,
    "EcoscoreLabel": "C",
    "RecentQuanityOfStockUnits": "1,18",
    "LongName": "SULTANA Framboos 5x43,6g",
    "AlcoholVolume": "0",
    "FicCode": "E",
    "EcoscoreValue": "55"
  },
  {
    "productId": "509768",
    "technicalArticleNumber": "4080238",
    "commercialArticleNumber": "7642",
    "name": "madeleine chocolade",
    "brand": "LOTUS",
    "seoBrand": "Lotus",
    "thumbNail": "https://static.colruytgroup.com/images/200x200/std.lang.all/64/14/asset-2076414.jpg",
    "fullImage": "https://static.colruytgroup.com/images/500x500/std.lang.all/64/14/asset-2076414.jpg",
    "squareImage": "https://static.colruytgroup.com/images/500x500sq/std.lang.all/64/14/asset-2076414.jpg",
    "content": "12x25g",
    "walkRouteSequenceNumber": 2032,
    "price": {
      "basicPrice": 3.34,
      "recommendedQuantity": "1.0",
      "measurementUnitPrice": 11.14,
      "measurementUnit": "K",
      "isRedPrice": false,
      "pricePerUOM": 11.14,
      "activationDate": "20-03-2024",
      "recordSource": "Offline",
      "isPromoActive": "N",
      "priceChangeCode": "H"
    },
    "isAvailable": true,
    "isPriceAvailable": true,
    "inPromo": false,
    "gtin": [
      "15410126020011",
      "05410126020014"
    ],
    "topCategoryName": "Koeken/Chocolade/Snoep",
    "topCategoryId": "335",
    "businessDomain": "RETAIL_BE",
    "IsPrivateLabel": false,
    "IsBiffe": false,
    "WeightconversionFactor": "0",
    "IsWeightArticle": false,
    "nutriscoreLabel": "E",
    "IsBio": false,
    "CountryOfOrigin": "FRANKRIJK",
    "IsExclusivelySoldInLuxembourg": false,
    "OrderUnit": "P",
    "ShortName": "LOTU MAD CHOC LANG 300G",
    "IsNew": false,
    "RecentQuanityOfStockUnits": "1,7",
    "LongName": "LOTUS madeleine chocolade 12x25g",
    "FicCode": "E"
  },
  {
    "productId": "59407",
    "technicalArticleNumber": "2192029",
    "commercialArticleNumber": "21589",
    "name": "Sprits boter-chocolade",
    "brand": "BONI",
    "seoBrand": "Boni Selection",
    "thumbNail": "https://static.colruytgroup.com/images/200x200/std.lang.all/25/44/asset-3452544.jpg",
    "fullImage": "https://static.colruytgroup.com/images/500x500/std.lang.all/25/44/asset-3452544.jpg",
    "squareImage": "https://static.colruytgroup.com/images/500x500sq/std.lang.all/25/44/asset-3452544.jpg",
    "content": "200g",
    "walkRouteSequenceNumber": 2141,
    "price": {
      "basicPrice": 1.32,
      "recommendedQuantity": "1.0",
      "quantityPrice": 0.99,
      "quantityPriceQuantity": "3.0",
      "measurementUnitPrice": 6.6,
      "measurementUnitQuantityPrice": 4.95,
      "measurementUnit": "K",
      "isRedPrice": false,
      "pricePerUOM": 6.6,
      "activationDate": "20-03-2024",
      "recordSource": "Offline",
      "isPromoActive": "N",
      "priceChangeCode": "E",
      "quantityPricePerUOM": 4.95,
      "quantityActivationDate": "20-03-2024",
      "quantityPriceChangeCode": "L"
    },
    "isAvailable": true,
    "isPriceAvailable": true,
    "inPromo": false,
    "gtin": [
      "05400141215892",
      "05400141308501",
      "05400141427523",
      "15400141781929",
      "05400141052626",
      "15400141308508",
      "05400141477801"
    ],
    "topCategoryName": "Koeken/Chocolade/Snoep",
    "topCategoryId": "335",
    "businessDomain": "RETAIL_BE",
    "IsPrivateLabel": true,
    "IsBiffe": false,
    "WeightconversionFactor": "0",
    "IsWeightArticle": false,
    "nutriscoreLabel": "E",
    "IsBio": false,
    "CountryOfOrigin": "BELGIË",
    "IsExclusivelySoldInLuxembourg": false,
    "OrderUnit": "P",
    "ShortName": "BONI SPRIT CHOC BOT 200",
    "IsNew": false,
    "EcoscoreLabel": "B",
    "RecentQuanityOfStockUnits": "1",
    "LongName": "BONI Sprits boter-chocolade 200g",
    "AlcoholVolume": "0",
    "FicCode": "I",
    "EcoscoreValue": "71"
  },
  {
    "productId": "704413",
    "technicalArticleNumber": "4439059",
    "commercialArticleNumber": "23722",
    "name": "sprits frambozenconfituur",
    "brand": "CRUMBEL",
    "seoBrand": "Crumbel",
    "thumbNail": "https://static.colruytgroup.com/images/200x200/std.lang.all/51/03/asset-2525103.jpg",
    "fullImage": "https://static.colruytgroup.com/images/500x500/std.lang.all/51/03/asset-2525103.jpg",
    "squareImage": "https://static.colruytgroup.com/images/500x500sq/std.lang.all/51/03/asset-2525103.jpg",
    "content": "300g",
    "walkRouteSequenceNumber": 2035,
    "price": {
      "basicPrice": 3.99,
      "recommendedQuantity": "1.0",
      "measurementUnitPrice": 13.3,
      "measurementUnit": "K",
      "isRedPrice": false,
      "pricePerUOM": 13.3,
      "activationDate": "04-01-2024",
      "isPromoActive": "N",
      "priceChangeCode": "H"
    },
    "isAvailable": true,
    "isPriceAvailable": true,
    "inPromo": false,
    "gtin": [
      "05425026053079",
      "05425026053062"
    ],
    "topCategoryName": "Koeken/Chocolade/Snoep",
    "topCategoryId": "335",
    "businessDomain": "RETAIL_BE",
    "IsPrivateLabel": false,
    "IsBiffe": false,
    "WeightconversionFactor": "0",
    "IsWeightArticle": false,
    "nutriscoreLabel": "E",
    "IsBio": false,
    "CountryOfOrigin": "BELGIË",
    "IsExclusivelySoldInLuxembourg": false,
    "OrderUnit": "P",
    "ShortName": "CRUM SPRITS FRAM.CON300",
    "IsNew": false,
    "EcoscoreLabel": "B",
    "RecentQuanityOfStockUnits": "1",
    "LongName": "CRUMBEL sprits frambozenconfituur 300g",
    "FicCode": "E",
    "EcoscoreValue": "75"
  },
  {
    "productId": "461616",
    "technicalArticleNumber": "3957416",
    "commercialArticleNumber": "2246",
    "name": "Dessert 58",
    "brand": "CÔTE D'OR",
    "seoBrand": "Côte d'Or",
    "thumbNail": "https://static.colruytgroup.com/images/200x200/std.lang.all/59/04/asset-1545904.jpg",
    "fullImage": "https://static.colruytgroup.com/images/500x500/std.lang.all/59/04/asset-1545904.jpg",
    "squareImage": "https://static.colruytgroup.com/images/500x500sq/std.lang.all/59/04/asset-1545904.jpg",
    "content": "4x45g",
    "walkRouteSequenceNumber": 1438,
    "price": {
      "basicPrice": 3.39,
      "recommendedQuantity": "1.0",
      "measurementUnitPrice": 18.84,
      "measurementUnit": "K",
      "isRedPrice": false,
      "pricePerUOM": 18.84,
      "activationDate": "19-03-2024",
      "recordSource": "Offline",
      "isPromoActive": "N",
      "priceChangeCode": "H"
    },
    "isAvailable": true,
    "isPriceAvailable": true,
    "inPromo": true,
    "promotion": [
      {
        "techPromoId": "100830COLR",
        "promotionId": "100830",
        "promotionType": "3",
        "isPersonalized": "N",
        "publicationStartDate": "13-03-2024",
        "publicationEndDate": "26-03-2024"
      }
    ],
    "gtin": [
      "05400141073980",
      "07622210926395",
      "07622210926401"
    ],
    "topCategoryName": "Koeken/Chocolade/Snoep",
    "topCategoryId": "335",
    "businessDomain": "RETAIL_BE",
    "IsPrivateLabel": false,
    "IsBiffe": false,
    "WeightconversionFactor": "0",
    "IsWeightArticle": false,
    "IsBio": false,
    "CountryOfOrigin": "BELGIË",
    "IsExclusivelySoldInLuxembourg": false,
    "OrderUnit": "P",
    "ShortName": "CDO DESSERT 58 4X45G",
    "IsNew": false,
    "RecentQuanityOfStockUnits": "1,2,24",
    "LongName": "CÔTE D'OR Dessert 58 4x45g",
    "FicCode": "E"
  },
  {
    "productId": "17658",
    "technicalArticleNumber": "1542226",
    "commercialArticleNumber": "22316",
    "name": "confituurtaartje abrikoos",
    "description": "*Individueel verpakt",
    "brand": "LOTUS",
    "seoBrand": "Lotus",
    "thumbNail": "https://static.colruytgroup.com/images/200x200/std.lang.all/19/23/asset-1821923.jpg",
    "fullImage": "https://static.colruytgroup.com/images/500x500/std.lang.all/19/23/asset-1821923.jpg",
    "squareImage": "https://static.colruytgroup.com/images/500x500sq/std.lang.all/19/23/asset-1821923.jpg",
    "content": "6x34g",
    "walkRouteSequenceNumber": 2101,
    "price": {
      "basicPrice": 3.79,
      "recommendedQuantity": "1.0",
      "measurementUnitPrice": 18.58,
      "measurementUnit": "K",
      "isRedPrice": false,
      "pricePerUOM": 18.58,
      "activationDate": "15-03-2024",
      "recordSource": "Offline",
      "isPromoActive": "N",
      "priceChangeCode": "L"
    },
    "isAvailable": true,
    "isPriceAvailable": true,
    "inPromo": false,
    "gtin": [
      "15410126001164",
      "05410126001167"
    ],
    "topCategoryName": "Koeken/Chocolade/Snoep",
    "topCategoryId": "335",
    "businessDomain": "RETAIL_BE",
    "IsPrivateLabel": false,
    "IsBiffe": false,
    "WeightconversionFactor": "0",
    "IsWeightArticle": false,
    "nutriscoreLabel": "E",
    "IsBio": false,
    "CountryOfOrigin": "BELGIË",
    "IsExclusivelySoldInLuxembourg": false,
    "OrderUnit": "P",
    "ShortName": "LOT 6 CARRE CONFIT 204G",
    "IsNew": false,
    "RecentQuanityOfStockUnits": "1",
    "LongName": "LOTUS confituurtaartje abrikoos 6x34g",
    "AlcoholVolume": "0",
    "FicCode": "E"
  },
  {
    "productId": "15559",
    "technicalArticleNumber": "1623418",
    "commercialArticleNumber": "22985",
    "name": "ABC The Original",
    "brand": "LU LULU",
    "seoBrand": "LU LULU",
    "thumbNail": "https://static.colruytgroup.com/images/200x200/std.lang.all/30/40/asset-1323040.jpg",
    "fullImage": "https://static.colruytgroup.com/images/500x500/std.lang.all/30/40/asset-1323040.jpg",
    "squareImage": "https://static.colruytgroup.com/images/500x500sq/std.lang.all/30/40/asset-1323040.jpg",
    "content": "1kg",
    "walkRouteSequenceNumber": 2344,
    "price": {
      "basicPrice": 6.99,
      "recommendedQuantity": "1.0",
      "measurementUnitPrice": 6.99,
      "measurementUnit": "K",
      "isRedPrice": false,
      "pricePerUOM": 6.99,
      "activationDate": "15-03-2024",
      "recordSource": "Offline",
      "isPromoActive": "N",
      "priceChangeCode": "H"
    },
    "isAvailable": true,
    "isPriceAvailable": true,
    "inPromo": false,
    "gtin": [
      "05410041003000",
      "15410041003007",
      "07622201693589"
    ],
    "topCategoryName": "Koeken/Chocolade/Snoep",
    "topCategoryId": "335",
    "businessDomain": "RETAIL_BE",
    "IsPrivateLabel": false,
    "IsBiffe": false,
    "WeightconversionFactor": "0",
    "IsWeightArticle": false,
    "nutriscoreLabel": "D",
    "IsBio": false,
    "CountryOfOrigin": "HONGARIJE",
    "IsExclusivelySoldInLuxembourg": false,
    "OrderUnit": "P",
    "ShortName": "LU ABC NIC NAC 1KG",
    "InSeason": true,
    "IsNew": false,
    "RecentQuanityOfStockUnits": "1,5",
    "LongName": "LU LULU ABC The Original 1kg",
    "AlcoholVolume": "0",
    "StartSeasonDate": "06/01/2020",
    "FicCode": "E"
  },
  {
    "productId": "304058",
    "technicalArticleNumber": "3722401",
    "commercialArticleNumber": "20198",
    "name": "tablet praliné wit",
    "brand": "CÔTE D'OR",
    "seoBrand": "Côte d'Or",
    "thumbNail": "https://static.colruytgroup.com/images/200x200/std.lang.all/48/78/asset-2194878.jpg",
    "fullImage": "https://static.colruytgroup.com/images/500x500/std.lang.all/48/78/asset-2194878.jpg",
    "squareImage": "https://static.colruytgroup.com/images/500x500sq/std.lang.all/48/78/asset-2194878.jpg",
    "content": "200g",
    "walkRouteSequenceNumber": 1414,
    "price": {
      "basicPrice": 3.79,
      "recommendedQuantity": "2.0",
      "measurementUnitPrice": 18.95,
      "measurementUnit": "K",
      "isRedPrice": false,
      "pricePerUOM": 18.95,
      "activationDate": "21-03-2024",
      "recordSource": "Offline",
      "isPromoActive": "N",
      "priceChangeCode": "H"
    },
    "isAvailable": true,
    "isPriceAvailable": true,
    "inPromo": false,
    "gtin": [
      "07622400010422",
      "07622210792631",
      "07622201401542",
      "07622201401528",
      "07622201124786",
      "07622201124809"
    ],
    "topCategoryName": "Koeken/Chocolade/Snoep",
    "topCategoryId": "335",
    "businessDomain": "RETAIL_BE",
    "IsPrivateLabel": false,
    "IsBiffe": false,
    "WeightconversionFactor": "0",
    "IsWeightArticle": false,
    "nutriscoreLabel": "E",
    "IsBio": false,
    "CountryOfOrigin": "BELGIË",
    "IsExclusivelySoldInLuxembourg": false,
    "OrderUnit": "P",
    "ShortName": "CDO TBL PRALINE WIT200G",
    "InSeason": true,
    "IsNew": false,
    "RecentQuanityOfStockUnits": "1,2",
    "LongName": "CÔTE D'OR tablet praliné wit 200g",
    "AlcoholVolume": "0",
    "StartSeasonDate": "05/10/2022",
    "FicCode": "E"
  },
  {
    "productId": "243317",
    "technicalArticleNumber": "3535976",
    "commercialArticleNumber": "50724",
    "name": "Paw Patrol Choco Bars",
    "description": "*Individueel verpakt",
    "brand": "ZAGAZOE!",
    "seoBrand": "Zagazoe!",
    "thumbNail": "https://static.colruytgroup.com/images/200x200/std.lang.all/23/23/asset-1112323.jpg",
    "fullImage": "https://static.colruytgroup.com/images/500x500/std.lang.all/23/23/asset-1112323.jpg",
    "squareImage": "https://static.colruytgroup.com/images/500x500sq/std.lang.all/23/23/asset-1112323.jpg",
    "content": "6x20g",
    "walkRouteSequenceNumber": 2301,
    "price": {
      "basicPrice": 2.29,
      "recommendedQuantity": "1.0",
      "measurementUnitPrice": 19.09,
      "measurementUnit": "K",
      "isRedPrice": false,
      "pricePerUOM": 19.09,
      "activationDate": "26-07-2023",
      "recordSource": "Offline",
      "isPromoActive": "N",
      "priceChangeCode": "L"
    },
    "isAvailable": true,
    "isPriceAvailable": true,
    "inPromo": false,
    "gtin": [
      "05425019201739",
      "15425019201736"
    ],
    "topCategoryName": "Koeken/Chocolade/Snoep",
    "topCategoryId": "335",
    "businessDomain": "RETAIL_BE",
    "IsPrivateLabel": false,
    "IsBiffe": false,
    "WeightconversionFactor": "0",
    "IsWeightArticle": false,
    "nutriscoreLabel": "E",
    "IsBio": false,
    "CountryOfOrigin": "FRANKRIJK",
    "IsExclusivelySoldInLuxembourg": false,
    "OrderUnit": "P",
    "ShortName": "ZAG.CHOCO BAR PAW.P.120",
    "IsNew": false,
    "EcoscoreLabel": "D",
    "RecentQuanityOfStockUnits": "1",
    "LongName": "ZAGAZOE! Paw Patrol Choco Bars 6x20g",
    "AlcoholVolume": "0",
    "FicCode": "E",
    "EcoscoreValue": "36"
  },
  {
    "productId": "183570",
    "technicalArticleNumber": "3471684",
    "commercialArticleNumber": "50423",
    "name": "noir brut 86%",
    "brand": "CÔTE D'OR",
    "seoBrand": "Côte d'Or Fin Intense",
    "thumbNail": "https://static.colruytgroup.com/images/200x200/std.lang.all/71/87/asset-877187.jpg",
    "fullImage": "https://static.colruytgroup.com/images/500x500/std.lang.all/71/87/asset-877187.jpg",
    "squareImage": "https://static.colruytgroup.com/images/500x500sq/std.lang.all/71/87/asset-877187.jpg",
    "content": "100g",
    "walkRouteSequenceNumber": 1403,
    "price": {
      "basicPrice": 2.89,
      "recommendedQuantity": "2.0",
      "measurementUnitPrice": 28.9,
      "measurementUnit": "K",
      "isRedPrice": false,
      "pricePerUOM": 28.9,
      "activationDate": "12-03-2024",
      "recordSource": "Offline",
      "isPromoActive": "N",
      "priceChangeCode": "L"
    },
    "isAvailable": true,
    "isPriceAvailable": true,
    "inPromo": false,
    "gtin": [
      "07622400013423",
      "05400141113389",
      "07622200237760"
    ],
    "topCategoryName": "Koeken/Chocolade/Snoep",
    "topCategoryId": "335",
    "businessDomain": "RETAIL_BE",
    "IsPrivateLabel": false,
    "IsBiffe": false,
    "WeightconversionFactor": "0",
    "IsWeightArticle": false,
    "nutriscoreLabel": "D",
    "IsBio": false,
    "CountryOfOrigin": "BELGIË",
    "IsExclusivelySoldInLuxembourg": false,
    "OrderUnit": "P",
    "ShortName": "CD FIN NOIR 86% 100G",
    "IsNew": false,
    "RecentQuanityOfStockUnits": "1,2",
    "LongName": "CÔTE D'OR noir brut 86% 100g",
    "AlcoholVolume": "0",
    "FicCode": "E"
  },
  {
    "productId": "756614",
    "technicalArticleNumber": "4532411",
    "commercialArticleNumber": "10649",
    "name": "mini boterwafels",
    "brand": "BUTTER BISCUITS",
    "seoBrand": "Butter biscuits",
    "thumbNail": "https://static.colruytgroup.com/images/200x200/std.lang.all/49/53/asset-2684953.jpg",
    "fullImage": "https://static.colruytgroup.com/images/500x500/std.lang.all/49/53/asset-2684953.jpg",
    "squareImage": "https://static.colruytgroup.com/images/500x500sq/std.lang.all/49/53/asset-2684953.jpg",
    "content": "175g",
    "walkRouteSequenceNumber": 2051,
    "price": {
      "basicPrice": 2.09,
      "recommendedQuantity": "1.0",
      "measurementUnitPrice": 11.95,
      "measurementUnit": "K",
      "isRedPrice": false,
      "pricePerUOM": 11.95,
      "activationDate": "14-11-2023",
      "isPromoActive": "N",
      "priceChangeCode": "E"
    },
    "isAvailable": true,
    "isPriceAvailable": true,
    "inPromo": false,
    "gtin": [
      "05412036017207",
      "05412036017023"
    ],
    "topCategoryName": "Koeken/Chocolade/Snoep",
    "topCategoryId": "335",
    "businessDomain": "RETAIL_BE",
    "IsPrivateLabel": false,
    "IsBiffe": false,
    "WeightconversionFactor": "0",
    "IsWeightArticle": false,
    "IsBio": false,
    "CountryOfOrigin": "BELGIË",
    "IsExclusivelySoldInLuxembourg": false,
    "OrderUnit": "P",
    "ShortName": "BUBI MINI BOTERWAFEL175",
    "IsNew": false,
    "RecentQuanityOfStockUnits": "1",
    "LongName": "BUTTER BISCUITS mini boterwafels 175g",
    "FicCode": "E"
  },
  {
    "productId": "832697",
    "technicalArticleNumber": "4673678",
    "commercialArticleNumber": "30260",
    "name": "Chocolade Pasen eieren",
    "brand": "ABS SWEETS",
    "seoBrand": "ABS Sweets",
    "thumbNail": "https://static.colruytgroup.com/images/200x200/std.lang.all/30/10/asset-3133010.jpg",
    "fullImage": "https://static.colruytgroup.com/images/500x500/std.lang.all/30/10/asset-3133010.jpg",
    "squareImage": "https://static.colruytgroup.com/images/500x500sq/std.lang.all/30/10/asset-3133010.jpg",
    "content": "500g",
    "walkRouteSequenceNumber": 1489,
    "price": {
      "basicPrice": 4.7,
      "recommendedQuantity": "1.0",
      "measurementUnitPrice": 9.4,
      "measurementUnit": "K",
      "isRedPrice": false,
      "pricePerUOM": 9.4,
      "activationDate": "18-01-2024",
      "isPromoActive": "N",
      "priceChangeCode": "H"
    },
    "isAvailable": true,
    "isPriceAvailable": true,
    "inPromo": false,
    "gtin": [
      "08720874519003",
      "08717677074945",
      "08717677079940"
    ],
    "topCategoryName": "Koeken/Chocolade/Snoep",
    "topCategoryId": "335",
    "businessDomain": "RETAIL_BE",
    "IsPrivateLabel": false,
    "IsBiffe": false,
    "WeightconversionFactor": "0",
    "IsWeightArticle": false,
    "IsBio": false,
    "CountryOfOrigin": "POLEN",
    "IsExclusivelySoldInLuxembourg": false,
    "OrderUnit": "P",
    "ShortName": "ABSS PAASEIEREN 500G",
    "InSeason": true,
    "IsNew": false,
    "RecentQuanityOfStockUnits": "8,1",
    "LongName": "ABS SWEETS Chocolade Pasen eieren 500g",
    "StartSeasonDate": "25/10/2023",
    "FicCode": "E"
  },
  {
    "productId": "200679",
    "technicalArticleNumber": "3425107",
    "commercialArticleNumber": "13203",
    "name": "pure chocolade",
    "brand": "DÉLICHOC",
    "seoBrand": "Delacre Délichoc",
    "thumbNail": "https://static.colruytgroup.com/images/200x200/std.lang.all/17/79/asset-761779.jpg",
    "fullImage": "https://static.colruytgroup.com/images/500x500/std.lang.all/17/79/asset-761779.jpg",
    "squareImage": "https://static.colruytgroup.com/images/500x500sq/std.lang.all/17/79/asset-761779.jpg",
    "content": "150g",
    "walkRouteSequenceNumber": 2147,
    "price": {
      "basicPrice": 2.19,
      "recommendedQuantity": "2.0",
      "measurementUnitPrice": 14.6,
      "measurementUnit": "K",
      "isRedPrice": false,
      "pricePerUOM": 14.6,
      "activationDate": "15-03-2024",
      "recordSource": "Offline",
      "isPromoActive": "N",
      "priceChangeCode": "H"
    },
    "isAvailable": true,
    "isPriceAvailable": true,
    "inPromo": false,
    "gtin": [
      "05400141289770",
      "03116430517203",
      "03116430516817",
      "03116430210432",
      "03116430208941",
      "03116430519412"
    ],
    "topCategoryName": "Koeken/Chocolade/Snoep",
    "topCategoryId": "335",
    "businessDomain": "RETAIL_BE",
    "IsPrivateLabel": false,
    "IsBiffe": false,
    "WeightconversionFactor": "0",
    "IsWeightArticle": false,
    "nutriscoreLabel": "E",
    "IsBio": false,
    "CountryOfOrigin": "BELGIË",
    "IsExclusivelySoldInLuxembourg": false,
    "OrderUnit": "P",
    "ShortName": "DEL DELICHOC PUUR 150G",
    "IsNew": false,
    "RecentQuanityOfStockUnits": "1,2",
    "LongName": "DÉLICHOC pure chocolade 150g",
    "AlcoholVolume": "0",
    "FicCode": "E"
  },
  {
    "productId": "161751",
    "technicalArticleNumber": "3288756",
    "commercialArticleNumber": "44699",
    "name": "chocolade puur mini",
    "description": "Boni mignonette fondant 300gram.",
    "brand": "BONI",
    "seoBrand": "Boni Selection",
    "thumbNail": "https://static.colruytgroup.com/images/200x200/std.lang.all/67/04/asset-1916704.jpg",
    "fullImage": "https://static.colruytgroup.com/images/500x500/std.lang.all/67/04/asset-1916704.jpg",
    "squareImage": "https://static.colruytgroup.com/images/500x500sq/std.lang.all/67/04/asset-1916704.jpg",
    "content": "300g",
    "walkRouteSequenceNumber": 1220,
    "price": {
      "basicPrice": 3.09,
      "recommendedQuantity": "1.0",
      "measurementUnitPrice": 10.3,
      "measurementUnit": "K",
      "isRedPrice": false,
      "pricePerUOM": 10.3,
      "activationDate": "05-03-2024",
      "recordSource": "Offline",
      "isPromoActive": "N",
      "priceChangeCode": "H"
    },
    "isAvailable": true,
    "isPriceAvailable": true,
    "inPromo": false,
    "gtin": [
      "05400141287257",
      "15400141847595",
      "15400141287254",
      "05400141382402"
    ],
    "topCategoryName": "Koeken/Chocolade/Snoep",
    "topCategoryId": "335",
    "businessDomain": "RETAIL_BE",
    "IsPrivateLabel": true,
    "IsBiffe": false,
    "WeightconversionFactor": "0",
    "IsWeightArticle": false,
    "nutriscoreLabel": "E",
    "IsBio": false,
    "CountryOfOrigin": "BELGIË",
    "IsExclusivelySoldInLuxembourg": false,
    "OrderUnit": "P",
    "ShortName": "BONI MIGNON. FOND. 300G",
    "IsNew": false,
    "EcoscoreLabel": "D",
    "RecentQuanityOfStockUnits": "1",
    "LongName": "BONI chocolade puur mini 300g",
    "AlcoholVolume": "0",
    "FicCode": "I",
    "EcoscoreValue": "37"
  },
  {
    "productId": "28302",
    "technicalArticleNumber": "1940109",
    "commercialArticleNumber": "21155",
    "name": "De Smurfen melkchocolade",
    "description": "*Individueel verpakt",
    "brand": "DELACRE",
    "seoBrand": "Delacre",
    "thumbNail": "https://static.colruytgroup.com/images/200x200/std.lang.all/32/26/asset-2823226.jpg",
    "fullImage": "https://static.colruytgroup.com/images/500x500/std.lang.all/32/26/asset-2823226.jpg",
    "squareImage": "https://static.colruytgroup.com/images/500x500sq/std.lang.all/32/26/asset-2823226.jpg",
    "content": "6x25g",
    "walkRouteSequenceNumber": 2290,
    "price": {
      "basicPrice": 2.69,
      "recommendedQuantity": "2.0",
      "measurementUnitPrice": 17.94,
      "measurementUnit": "K",
      "isRedPrice": false,
      "pricePerUOM": 17.94,
      "activationDate": "06-03-2024",
      "recordSource": "Offline",
      "isPromoActive": "N",
      "priceChangeCode": "H"
    },
    "isAvailable": true,
    "isPriceAvailable": true,
    "inPromo": false,
    "gtin": [
      "03061990142153",
      "03116430202178",
      "03116430505583",
      "03116430216069",
      "03061990044624",
      "03116430528995"
    ],
    "topCategoryName": "Koeken/Chocolade/Snoep",
    "topCategoryId": "335",
    "businessDomain": "RETAIL_BE",
    "IsPrivateLabel": false,
    "IsBiffe": false,
    "WeightconversionFactor": "0",
    "IsWeightArticle": false,
    "nutriscoreLabel": "E",
    "IsBio": false,
    "CountryOfOrigin": "FRANKRIJK",
    "IsExclusivelySoldInLuxembourg": false,
    "OrderUnit": "P",
    "ShortName": "DELACRE SMURF 150G",
    "IsNew": false,
    "RecentQuanityOfStockUnits": "1,2",
    "LongName": "DELACRE De Smurfen melkchocolade 6x25g",
    "AlcoholVolume": "0",
    "FicCode": "E"
  },
  {
    "productId": "54181",
    "technicalArticleNumber": "2478703",
    "commercialArticleNumber": "38499",
    "name": "Sweet Mint 5x10st",
    "brand": "FREEDENT WHITE",
    "seoBrand": "Wrigley's Freedent",
    "thumbNail": "https://static.colruytgroup.com/images/200x200/std.lang.all/76/26/asset-827626.jpg",
    "fullImage": "https://static.colruytgroup.com/images/500x500/std.lang.all/76/26/asset-827626.jpg",
    "squareImage": "https://static.colruytgroup.com/images/500x500sq/std.lang.all/76/26/asset-827626.jpg",
    "content": "70g",
    "walkRouteSequenceNumber": 18393,
    "price": {
      "basicPrice": 2.79,
      "recommendedQuantity": "1.0",
      "measurementUnitPrice": 0.056,
      "measurementUnit": "S",
      "isRedPrice": false,
      "pricePerUOM": 0.056,
      "activationDate": "23-03-2024",
      "recordSource": "Offline",
      "isPromoActive": "Y",
      "priceChangeCode": "L"
    },
    "isAvailable": true,
    "isPriceAvailable": true,
    "inPromo": true,
    "promotion": [
      {
        "techPromoId": "100882COLR",
        "promotionId": "100882",
        "promotionType": "3",
        "isPersonalized": "N",
        "publicationStartDate": "13-03-2024",
        "publicationEndDate": "26-03-2024"
      }
    ],
    "gtin": [
      "04009900504386",
      "04009900452205"
    ],
    "topCategoryName": "Koeken/Chocolade/Snoep",
    "topCategoryId": "335",
    "businessDomain": "RETAIL_BE",
    "IsPrivateLabel": false,
    "IsBiffe": false,
    "WeightconversionFactor": "0",
    "IsWeightArticle": false,
    "nutriscoreLabel": "B",
    "IsBio": false,
    "CountryOfOrigin": "POLEN",
    "IsExclusivelySoldInLuxembourg": false,
    "OrderUnit": "P",
    "ShortName": "FREED WHIT.SWEETMINT 5P",
    "IsNew": false,
    "EcoscoreLabel": "C",
    "RecentQuanityOfStockUnits": "1",
    "LongName": "FREEDENT WHITE Sweet Mint 5x10st 70g",
    "AlcoholVolume": "0",
    "FicCode": "E",
    "EcoscoreValue": "55"
  },
  {
    "productId": "38966",
    "technicalArticleNumber": "1656589",
    "commercialArticleNumber": "19541",
    "name": "Carrés Puur Hazelnoten",
    "description": "*Min. 47 %\ncacaobestanddelen\n*Belgische chocolade",
    "brand": "CÔTE D'OR",
    "seoBrand": "Côte d'Or",
    "thumbNail": "https://static.colruytgroup.com/images/200x200/std.lang.all/48/83/asset-2434883.jpg",
    "fullImage": "https://static.colruytgroup.com/images/500x500/std.lang.all/48/83/asset-2434883.jpg",
    "squareImage": "https://static.colruytgroup.com/images/500x500sq/std.lang.all/48/83/asset-2434883.jpg",
    "content": "200g",
    "walkRouteSequenceNumber": 1226,
    "price": {
      "basicPrice": 4.49,
      "recommendedQuantity": "1.0",
      "measurementUnitPrice": 22.45,
      "measurementUnit": "K",
      "isRedPrice": false,
      "pricePerUOM": 22.45,
      "activationDate": "23-03-2024",
      "recordSource": "Offline",
      "isPromoActive": "N",
      "priceChangeCode": "L"
    },
    "isAvailable": true,
    "isPriceAvailable": true,
    "inPromo": false,
    "gtin": [
      "07622200688012",
      "03045140015849"
    ],
    "topCategoryName": "Koeken/Chocolade/Snoep",
    "topCategoryId": "335",
    "businessDomain": "RETAIL_BE",
    "IsPrivateLabel": false,
    "IsBiffe": false,
    "WeightconversionFactor": "0",
    "IsWeightArticle": false,
    "nutriscoreLabel": "E",
    "IsBio": false,
    "CountryOfOrigin": "BELGIË",
    "IsExclusivelySoldInLuxembourg": false,
    "OrderUnit": "P",
    "ShortName": "CD CA.NOIR NOOT 10S 200",
    "IsNew": false,
    "RecentQuanityOfStockUnits": "1",
    "LongName": "CÔTE D'OR Carrés Puur Hazelnoten 200g",
    "AlcoholVolume": "0",
    "FicCode": "E"
  },
  {
    "productId": "28029",
    "technicalArticleNumber": "1973649",
    "commercialArticleNumber": "22241",
    "name": "witte chocolade",
    "brand": "LU MIKADO",
    "seoBrand": "LU Mikado",
    "thumbNail": "https://static.colruytgroup.com/images/200x200/std.lang.all/46/50/asset-1174650.jpg",
    "fullImage": "https://static.colruytgroup.com/images/500x500/std.lang.all/46/50/asset-1174650.jpg",
    "squareImage": "https://static.colruytgroup.com/images/500x500sq/std.lang.all/46/50/asset-1174650.jpg",
    "content": "70g",
    "walkRouteSequenceNumber": 2148,
    "price": {
      "basicPrice": 2.29,
      "recommendedQuantity": "1.0",
      "measurementUnitPrice": 32.72,
      "measurementUnit": "K",
      "isRedPrice": false,
      "pricePerUOM": 32.72,
      "activationDate": "17-02-2024",
      "recordSource": "Offline",
      "isPromoActive": "N",
      "priceChangeCode": "E"
    },
    "isAvailable": true,
    "isPriceAvailable": true,
    "inPromo": true,
    "promotion": [
      {
        "techPromoId": "100898COLR",
        "promotionId": "100898",
        "promotionType": "3",
        "isPersonalized": "N",
        "publicationStartDate": "13-03-2024",
        "publicationEndDate": "26-03-2024"
      }
    ],
    "gtin": [
      "13017760649138",
      "05400141222418",
      "03017760649193"
    ],
    "topCategoryName": "Koeken/Chocolade/Snoep",
    "topCategoryId": "335",
    "businessDomain": "RETAIL_BE",
    "IsPrivateLabel": false,
    "IsBiffe": false,
    "WeightconversionFactor": "0",
    "IsWeightArticle": false,
    "IsBio": false,
    "CountryOfOrigin": "FRANKRIJK",
    "IsExclusivelySoldInLuxembourg": false,
    "OrderUnit": "P",
    "ShortName": "LU MIKADO WIT 70GR",
    "IsNew": false,
    "RecentQuanityOfStockUnits": "1,3,24",
    "LongName": "LU MIKADO witte chocolade 70g",
    "AlcoholVolume": "0",
    "FicCode": "E"
  },
  {
    "productId": "302864",
    "technicalArticleNumber": "3729293",
    "commercialArticleNumber": "16727",
    "name": "paashaas praliné",
    "brand": "BONI",
    "seoBrand": "Boni Selection",
    "thumbNail": "https://static.colruytgroup.com/images/200x200/std.lang.all/87/95/asset-2038795.jpg",
    "fullImage": "https://static.colruytgroup.com/images/500x500/std.lang.all/87/95/asset-2038795.jpg",
    "squareImage": "https://static.colruytgroup.com/images/500x500sq/std.lang.all/87/95/asset-2038795.jpg",
    "content": "200g",
    "walkRouteSequenceNumber": 1646,
    "price": {
      "basicPrice": 2.59,
      "recommendedQuantity": "1.0",
      "measurementUnitPrice": 12.95,
      "measurementUnit": "K",
      "isRedPrice": false,
      "pricePerUOM": 12.95,
      "activationDate": "19-03-2024",
      "recordSource": "Offline",
      "isPromoActive": "N",
      "priceChangeCode": "E"
    },
    "isAvailable": true,
    "isPriceAvailable": true,
    "inPromo": false,
    "gtin": [
      "15400141277064",
      "05400141194296",
      "05400141277067",
      "15400141128656"
    ],
    "topCategoryName": "Koeken/Chocolade/Snoep",
    "topCategoryId": "335",
    "businessDomain": "RETAIL_BE",
    "IsPrivateLabel": true,
    "IsBiffe": false,
    "WeightconversionFactor": "0",
    "IsWeightArticle": false,
    "nutriscoreLabel": "E",
    "IsBio": false,
    "CountryOfOrigin": "BELGIË",
    "IsExclusivelySoldInLuxembourg": false,
    "OrderUnit": "P",
    "ShortName": "BONI PAASHAAS PRAL.200G",
    "InSeason": true,
    "IsNew": false,
    "EcoscoreLabel": "D",
    "RecentQuanityOfStockUnits": "1,35",
    "LongName": "BONI paashaas praliné 200g",
    "AlcoholVolume": "0",
    "StartSeasonDate": "25/10/2023",
    "FicCode": "I",
    "EcoscoreValue": "37"
  },
  {
    "productId": "553810",
    "technicalArticleNumber": "4186885",
    "commercialArticleNumber": "13762",
    "name": "eucalyptus",
    "brand": "DR. TOM'S",
    "seoBrand": "Dr. Tom's",
    "thumbNail": "https://static.colruytgroup.com/images/200x200/std.lang.all/36/82/asset-2933682.jpg",
    "fullImage": "https://static.colruytgroup.com/images/500x500/std.lang.all/36/82/asset-2933682.jpg",
    "squareImage": "https://static.colruytgroup.com/images/500x500sq/std.lang.all/36/82/asset-2933682.jpg",
    "content": "150g",
    "walkRouteSequenceNumber": 18377,
    "price": {
      "basicPrice": 1.99,
      "recommendedQuantity": "1.0",
      "measurementUnitPrice": 13.27,
      "measurementUnit": "K",
      "isRedPrice": false,
      "pricePerUOM": 13.27,
      "activationDate": "14-02-2024",
      "isPromoActive": "N",
      "priceChangeCode": "E"
    },
    "isAvailable": true,
    "isPriceAvailable": true,
    "inPromo": false,
    "gtin": [
      "08717399035866",
      "08710666036900"
    ],
    "topCategoryName": "Koeken/Chocolade/Snoep",
    "topCategoryId": "335",
    "businessDomain": "RETAIL_BE",
    "IsPrivateLabel": false,
    "IsBiffe": false,
    "WeightconversionFactor": "0",
    "IsWeightArticle": false,
    "IsBio": false,
    "CountryOfOrigin": "NEDERLAND",
    "IsExclusivelySoldInLuxembourg": false,
    "OrderUnit": "P",
    "ShortName": "DRTO EUCALYPTUS 150G",
    "IsNew": false,
    "EcoscoreLabel": "B",
    "RecentQuanityOfStockUnits": "1",
    "LongName": "DR. TOM'S eucalyptus 150g",
    "FicCode": "E",
    "EcoscoreValue": "66"
  },
  {
    "productId": "306034",
    "technicalArticleNumber": "3722450",
    "commercialArticleNumber": "18578",
    "name": "tabl.pral.double noisette",
    "brand": "CÔTE D'OR",
    "seoBrand": "Côte d'Or",
    "thumbNail": "https://static.colruytgroup.com/images/200x200/std.lang.all/12/11/asset-1331211.jpg",
    "fullImage": "https://static.colruytgroup.com/images/500x500/std.lang.all/12/11/asset-1331211.jpg",
    "squareImage": "https://static.colruytgroup.com/images/500x500sq/std.lang.all/12/11/asset-1331211.jpg",
    "content": "200g",
    "walkRouteSequenceNumber": 1418,
    "price": {
      "basicPrice": 3.69,
      "recommendedQuantity": "2.0",
      "measurementUnitPrice": 18.45,
      "measurementUnit": "K",
      "isRedPrice": false,
      "pricePerUOM": 18.45,
      "activationDate": "21-03-2024",
      "recordSource": "Offline",
      "isPromoActive": "N",
      "priceChangeCode": "H"
    },
    "isAvailable": true,
    "isPriceAvailable": true,
    "inPromo": false,
    "gtin": [
      "07622210792617",
      "07622210678652",
      "07622400010446"
    ],
    "topCategoryName": "Koeken/Chocolade/Snoep",
    "topCategoryId": "335",
    "businessDomain": "RETAIL_BE",
    "IsPrivateLabel": false,
    "IsBiffe": false,
    "WeightconversionFactor": "0",
    "IsWeightArticle": false,
    "nutriscoreLabel": "E",
    "IsBio": false,
    "CountryOfOrigin": "BELGIË",
    "IsExclusivelySoldInLuxembourg": false,
    "OrderUnit": "P",
    "ShortName": "CDO TBL PRA.DBL.NOIS200",
    "IsNew": false,
    "RecentQuanityOfStockUnits": "2,1",
    "LongName": "CÔTE D'OR tabl.pral.double noisette 200g",
    "AlcoholVolume": "0",
    "FicCode": "E"
  },
  {
    "productId": "856264",
    "technicalArticleNumber": "4705674",
    "commercialArticleNumber": "31404",
    "name": "tartélice citroen",
    "brand": "LOTUS",
    "seoBrand": "Lotus",
    "thumbNail": "https://static.colruytgroup.com/images/200x200/std.lang.all/04/59/asset-3140459.jpg",
    "fullImage": "https://static.colruytgroup.com/images/500x500/std.lang.all/04/59/asset-3140459.jpg",
    "squareImage": "https://static.colruytgroup.com/images/500x500sq/std.lang.all/04/59/asset-3140459.jpg",
    "content": "6x57,5g",
    "walkRouteSequenceNumber": 2110,
    "price": {
      "basicPrice": 3.69,
      "recommendedQuantity": "1.0",
      "quantityPrice": 3.06,
      "quantityPriceQuantity": "2.0",
      "measurementUnitPrice": 10.7,
      "measurementUnitQuantityPrice": 8.87,
      "measurementUnit": "K",
      "isRedPrice": false,
      "pricePerUOM": 10.7,
      "activationDate": "22-03-2024",
      "recordSource": "Offline",
      "isPromoActive": "N",
      "priceChangeCode": "E",
      "quantityPricePerUOM": 8.87,
      "quantityActivationDate": "22-03-2024",
      "quantityPriceChangeCode": "E"
    },
    "isAvailable": true,
    "isPriceAvailable": true,
    "inPromo": false,
    "gtin": [
      "05410126250855",
      "15410126250852"
    ],
    "topCategoryName": "Koeken/Chocolade/Snoep",
    "topCategoryId": "335",
    "businessDomain": "RETAIL_BE",
    "IsPrivateLabel": false,
    "IsBiffe": false,
    "WeightconversionFactor": "0",
    "IsWeightArticle": false,
    "nutriscoreLabel": "E",
    "IsBio": false,
    "CountryOfOrigin": "FRANKRIJK",
    "IsExclusivelySoldInLuxembourg": false,
    "OrderUnit": "P",
    "ShortName": "LOTU TARTELI.CITROEN345",
    "IsNew": false,
    "RecentQuanityOfStockUnits": "1",
    "LongName": "LOTUS tartélice citroen 6x57,5g",
    "AlcoholVolume": "0",
    "FicCode": "E"
  },
  {
    "productId": "734818",
    "technicalArticleNumber": "4495338",
    "commercialArticleNumber": "15512",
    "name": "paashaas wit fairtrade",
    "brand": "BONI",
    "seoBrand": "Boni Selection",
    "thumbNail": "https://static.colruytgroup.com/images/200x200/std.lang.all/64/82/asset-2556482.jpg",
    "fullImage": "https://static.colruytgroup.com/images/500x500/std.lang.all/64/82/asset-2556482.jpg",
    "squareImage": "https://static.colruytgroup.com/images/500x500sq/std.lang.all/64/82/asset-2556482.jpg",
    "content": "180g",
    "walkRouteSequenceNumber": 1471,
    "price": {
      "basicPrice": 2.79,
      "recommendedQuantity": "1.0",
      "measurementUnitPrice": 15.5,
      "measurementUnit": "K",
      "isRedPrice": false,
      "pricePerUOM": 15.5,
      "activationDate": "16-02-2024",
      "recordSource": "Offline",
      "isPromoActive": "N",
      "priceChangeCode": "E"
    },
    "isAvailable": true,
    "isPriceAvailable": true,
    "inPromo": false,
    "gtin": [
      "05400141642711",
      "15400141642718"
    ],
    "topCategoryName": "Koeken/Chocolade/Snoep",
    "topCategoryId": "335",
    "businessDomain": "RETAIL_BE",
    "IsPrivateLabel": true,
    "IsBiffe": false,
    "WeightconversionFactor": "0",
    "IsWeightArticle": false,
    "nutriscoreLabel": "E",
    "IsBio": false,
    "CountryOfOrigin": "BELGIË",
    "IsExclusivelySoldInLuxembourg": false,
    "OrderUnit": "P",
    "ShortName": "BONI PAASHAAS WIT FT180",
    "InSeason": true,
    "IsNew": false,
    "EcoscoreLabel": "C",
    "RecentQuanityOfStockUnits": "1,24",
    "LongName": "BONI paashaas wit fairtrade 180g",
    "StartSeasonDate": "25/10/2023",
    "FicCode": "I",
    "EcoscoreValue": "49"
  },
  {
    "productId": "135788",
    "technicalArticleNumber": "3175609",
    "commercialArticleNumber": "35685",
    "name": "Muffins chocolade",
    "brand": "BONI",
    "seoBrand": "Boni Selection",
    "thumbNail": "https://static.colruytgroup.com/images/200x200/std.lang.all/17/30/asset-3401730.jpg",
    "fullImage": "https://static.colruytgroup.com/images/500x500/std.lang.all/17/30/asset-3401730.jpg",
    "squareImage": "https://static.colruytgroup.com/images/500x500sq/std.lang.all/17/30/asset-3401730.jpg",
    "content": "15x15g",
    "walkRouteSequenceNumber": 2066,
    "price": {
      "basicPrice": 2.77,
      "recommendedQuantity": "1.0",
      "measurementUnitPrice": 12.32,
      "measurementUnit": "K",
      "isRedPrice": false,
      "pricePerUOM": 12.32,
      "activationDate": "13-02-2024",
      "isPromoActive": "N",
      "priceChangeCode": "H"
    },
    "isAvailable": true,
    "isPriceAvailable": true,
    "inPromo": false,
    "gtin": [
      "05400141415896",
      "05400141625202",
      "05400141056860",
      "05400141357615",
      "15400141357612",
      "15400141824206",
      "15400141056867",
      "15400141415893",
      "15400141625209"
    ],
    "topCategoryName": "Koeken/Chocolade/Snoep",
    "topCategoryId": "335",
    "businessDomain": "RETAIL_BE",
    "IsPrivateLabel": true,
    "IsBiffe": false,
    "WeightconversionFactor": "0",
    "IsWeightArticle": false,
    "nutriscoreLabel": "E",
    "IsBio": false,
    "CountryOfOrigin": "BELGIË",
    "IsExclusivelySoldInLuxembourg": false,
    "OrderUnit": "P",
    "ShortName": "BONI MI.MUF.CHOC.15X15G",
    "IsNew": false,
    "EcoscoreLabel": "B",
    "RecentQuanityOfStockUnits": "1,8",
    "LongName": "BONI Muffins chocolade 15x15g",
    "AlcoholVolume": "0",
    "FicCode": "I",
    "EcoscoreValue": "78"
  },
  {
    "productId": "106928",
    "technicalArticleNumber": "3106024",
    "commercialArticleNumber": "1405",
    "name": "Bouchée Mini",
    "description": "*Belgische chocolade",
    "brand": "CÔTE D'OR",
    "seoBrand": "Côte d'Or",
    "thumbNail": "https://static.colruytgroup.com/images/200x200/std.lang.all/69/16/asset-1326916.jpg",
    "fullImage": "https://static.colruytgroup.com/images/500x500/std.lang.all/69/16/asset-1326916.jpg",
    "squareImage": "https://static.colruytgroup.com/images/500x500sq/std.lang.all/69/16/asset-1326916.jpg",
    "content": "122g",
    "walkRouteSequenceNumber": 1211,
    "price": {
      "basicPrice": 3.45,
      "recommendedQuantity": "1.0",
      "measurementUnitPrice": 28.28,
      "measurementUnit": "K",
      "isRedPrice": false,
      "pricePerUOM": 28.28,
      "activationDate": "12-03-2024",
      "recordSource": "Offline",
      "isPromoActive": "N",
      "priceChangeCode": "H"
    },
    "isAvailable": true,
    "isPriceAvailable": true,
    "inPromo": false,
    "gtin": [
      "07622210229519",
      "07622210229526",
      "07622210569370",
      "07622210569387"
    ],
    "topCategoryName": "Koeken/Chocolade/Snoep",
    "topCategoryId": "335",
    "businessDomain": "RETAIL_BE",
    "IsPrivateLabel": false,
    "IsBiffe": false,
    "WeightconversionFactor": "0",
    "IsWeightArticle": false,
    "nutriscoreLabel": "E",
    "IsBio": false,
    "CountryOfOrigin": "SLOWAKIJE",
    "IsExclusivelySoldInLuxembourg": false,
    "OrderUnit": "P",
    "ShortName": "C.DO MINI BOUCHEE 122G",
    "IsNew": false,
    "RecentQuanityOfStockUnits": "1,10",
    "LongName": "CÔTE D'OR Bouchée Mini 122g",
    "AlcoholVolume": "0",
    "FicCode": "E"
  },
  {
    "productId": "717333",
    "technicalArticleNumber": "4463939",
    "commercialArticleNumber": "26784",
    "name": "peanut bar",
    "brand": "KNOPPERS",
    "seoBrand": "Knoppers",
    "thumbNail": "https://static.colruytgroup.com/images/200x200/std.lang.all/63/85/asset-2486385.jpg",
    "fullImage": "https://static.colruytgroup.com/images/500x500/std.lang.all/63/85/asset-2486385.jpg",
    "squareImage": "https://static.colruytgroup.com/images/500x500sq/std.lang.all/63/85/asset-2486385.jpg",
    "content": "5x40g",
    "walkRouteSequenceNumber": 1308,
    "price": {
      "basicPrice": 2.39,
      "recommendedQuantity": "1.0",
      "measurementUnitPrice": 11.95,
      "measurementUnit": "K",
      "isRedPrice": false,
      "pricePerUOM": 11.95,
      "activationDate": "07-03-2024",
      "recordSource": "Offline",
      "isPromoActive": "N",
      "priceChangeCode": "L"
    },
    "isAvailable": true,
    "isPriceAvailable": true,
    "inPromo": false,
    "gtin": [
      "04014400929355",
      "04014400471748"
    ],
    "topCategoryName": "Koeken/Chocolade/Snoep",
    "topCategoryId": "335",
    "businessDomain": "RETAIL_BE",
    "IsPrivateLabel": false,
    "IsBiffe": false,
    "WeightconversionFactor": "0",
    "IsWeightArticle": false,
    "nutriscoreLabel": "E",
    "IsBio": false,
    "CountryOfOrigin": "DUITSLAND",
    "IsExclusivelySoldInLuxembourg": false,
    "OrderUnit": "P",
    "ShortName": "KNOP PEANUT BAR 200G",
    "IsNew": false,
    "EcoscoreLabel": "D",
    "RecentQuanityOfStockUnits": "1",
    "LongName": "KNOPPERS peanut bar 5x40g",
    "FicCode": "E",
    "EcoscoreValue": "33"
  },
  {
    "productId": "851504",
    "technicalArticleNumber": "4699562",
    "commercialArticleNumber": "30953",
    "name": "Witte choco.",
    "brand": "LU PRINCE MINISTARS",
    "seoBrand": "Prince LU MiniStars",
    "thumbNail": "https://static.colruytgroup.com/images/200x200/std.lang.all/69/34/asset-3036934.jpg",
    "fullImage": "https://static.colruytgroup.com/images/500x500/std.lang.all/69/34/asset-3036934.jpg",
    "squareImage": "https://static.colruytgroup.com/images/500x500sq/std.lang.all/69/34/asset-3036934.jpg",
    "content": "5x37,5g",
    "walkRouteSequenceNumber": 1521,
    "price": {
      "basicPrice": 2.69,
      "recommendedQuantity": "1.0",
      "quantityPrice": 1.44,
      "quantityPriceQuantity": "2.0",
      "measurementUnitPrice": 14.31,
      "measurementUnitQuantityPrice": 7.66,
      "measurementUnit": "K",
      "isRedPrice": false,
      "pricePerUOM": 14.31,
      "activationDate": "20-03-2024",
      "recordSource": "Offline",
      "isPromoActive": "N",
      "priceChangeCode": "E",
      "quantityPricePerUOM": 7.66,
      "quantityActivationDate": "20-03-2024",
      "quantityPriceChangeCode": "H"
    },
    "isAvailable": true,
    "isPriceAvailable": true,
    "inPromo": false,
    "gtin": [
      "07622210665713",
      "07622210665706"
    ],
    "topCategoryName": "Koeken/Chocolade/Snoep",
    "topCategoryId": "335",
    "businessDomain": "RETAIL_BE",
    "IsPrivateLabel": false,
    "IsBiffe": false,
    "WeightconversionFactor": "0",
    "IsWeightArticle": false,
    "nutriscoreLabel": "E",
    "IsBio": false,
    "CountryOfOrigin": "TSJECHIË (REPUBLIEK)",
    "IsExclusivelySoldInLuxembourg": false,
    "OrderUnit": "P",
    "ShortName": "PRIN MIN.STAR.WIT5X37.5",
    "IsNew": false,
    "RecentQuanityOfStockUnits": "1,16",
    "LongName": "LU PRINCE MINISTARS Witte choco. 5x37,5g",
    "FicCode": "E"
  },
  {
    "productId": "280945",
    "technicalArticleNumber": "3668087",
    "commercialArticleNumber": "11533",
    "name": "mini",
    "description": "*Individueel verpakt",
    "brand": "KINDER BUENO",
    "seoBrand": "Kinder Bueno",
    "thumbNail": "https://static.colruytgroup.com/images/200x200/std.lang.all/80/03/asset-2848003.jpg",
    "fullImage": "https://static.colruytgroup.com/images/500x500/std.lang.all/80/03/asset-2848003.jpg",
    "squareImage": "https://static.colruytgroup.com/images/500x500sq/std.lang.all/80/03/asset-2848003.jpg",
    "content": "108g",
    "walkRouteSequenceNumber": 1452,
    "price": {
      "basicPrice": 2.29,
      "recommendedQuantity": "1.0",
      "measurementUnitPrice": 21.21,
      "measurementUnit": "K",
      "isRedPrice": false,
      "pricePerUOM": 21.21,
      "activationDate": "07-03-2024",
      "recordSource": "Offline",
      "isPromoActive": "N",
      "priceChangeCode": "L"
    },
    "isAvailable": true,
    "isPriceAvailable": true,
    "inPromo": false,
    "gtin": [
      "08000500253694",
      "08000500255643",
      "08000500180709",
      "08000500293164"
    ],
    "topCategoryName": "Koeken/Chocolade/Snoep",
    "topCategoryId": "335",
    "businessDomain": "RETAIL_BE",
    "IsPrivateLabel": false,
    "IsBiffe": false,
    "WeightconversionFactor": "0",
    "IsWeightArticle": false,
    "nutriscoreLabel": "E",
    "IsBio": false,
    "CountryOfOrigin": "POLEN",
    "IsExclusivelySoldInLuxembourg": false,
    "OrderUnit": "P",
    "ShortName": "KIND BUENO MINI T20 108",
    "IsNew": false,
    "RecentQuanityOfStockUnits": "1,12",
    "LongName": "KINDER BUENO mini 108g",
    "AlcoholVolume": "0",
    "FicCode": "E"
  },
  {
    "productId": "59555",
    "technicalArticleNumber": "2299424",
    "commercialArticleNumber": "21539",
    "name": "fijnproever zakje mix",
    "brand": "LIBEERT",
    "seoBrand": "Libeert",
    "thumbNail": "https://static.colruytgroup.com/images/200x200/std.lang.all/82/22/asset-3178222.jpg",
    "fullImage": "https://static.colruytgroup.com/images/500x500/std.lang.all/82/22/asset-3178222.jpg",
    "squareImage": "https://static.colruytgroup.com/images/500x500sq/std.lang.all/82/22/asset-3178222.jpg",
    "content": "155g",
    "walkRouteSequenceNumber": 1474,
    "price": {
      "basicPrice": 5.09,
      "recommendedQuantity": "1.0",
      "measurementUnitPrice": 32.84,
      "measurementUnit": "K",
      "isRedPrice": false,
      "pricePerUOM": 32.84,
      "activationDate": "12-03-2024",
      "recordSource": "Offline",
      "isPromoActive": "N",
      "priceChangeCode": "E"
    },
    "isAvailable": true,
    "isPriceAvailable": true,
    "inPromo": false,
    "gtin": [
      "05411901062137",
      "05411901929058"
    ],
    "topCategoryName": "Koeken/Chocolade/Snoep",
    "topCategoryId": "335",
    "businessDomain": "RETAIL_BE",
    "IsPrivateLabel": false,
    "IsBiffe": false,
    "WeightconversionFactor": "0",
    "IsWeightArticle": false,
    "nutriscoreLabel": "E",
    "IsBio": false,
    "CountryOfOrigin": "BELGIË",
    "IsExclusivelySoldInLuxembourg": false,
    "OrderUnit": "P",
    "ShortName": "LIB FIJNPROEVER 155G",
    "InSeason": true,
    "IsNew": false,
    "EcoscoreLabel": "C",
    "RecentQuanityOfStockUnits": "20,1",
    "LongName": "LIBEERT fijnproever zakje mix 155g",
    "AlcoholVolume": "0",
    "StartSeasonDate": "25/10/2023",
    "FicCode": "E",
    "EcoscoreValue": "40"
  },
  {
    "productId": "645484",
    "technicalArticleNumber": "4341552",
    "commercialArticleNumber": "6859",
    "name": "tablet cookies",
    "brand": "MILKA",
    "seoBrand": "Milka",
    "thumbNail": "https://static.colruytgroup.com/images/200x200/std.lang.all/90/09/asset-2939009.jpg",
    "fullImage": "https://static.colruytgroup.com/images/500x500/std.lang.all/90/09/asset-2939009.jpg",
    "squareImage": "https://static.colruytgroup.com/images/500x500sq/std.lang.all/90/09/asset-2939009.jpg",
    "content": "100g",
    "walkRouteSequenceNumber": 1372,
    "price": {
      "basicPrice": 1.29,
      "recommendedQuantity": "1.0",
      "quantityPrice": 0.965,
      "quantityPriceQuantity": "2.0",
      "measurementUnitPrice": 12.9,
      "measurementUnitQuantityPrice": 9.65,
      "measurementUnit": "K",
      "isRedPrice": false,
      "pricePerUOM": 12.9,
      "activationDate": "23-03-2024",
      "recordSource": "Offline",
      "isPromoActive": "N",
      "priceChangeCode": "E",
      "quantityPricePerUOM": 9.65,
      "quantityActivationDate": "23-03-2024",
      "quantityPriceChangeCode": "E"
    },
    "isAvailable": true,
    "isPriceAvailable": true,
    "inPromo": false,
    "gtin": [
      "07622201424848",
      "07622201424824"
    ],
    "topCategoryName": "Koeken/Chocolade/Snoep",
    "topCategoryId": "335",
    "businessDomain": "RETAIL_BE",
    "IsPrivateLabel": false,
    "IsBiffe": false,
    "WeightconversionFactor": "0",
    "IsWeightArticle": false,
    "nutriscoreLabel": "E",
    "IsBio": false,
    "CountryOfOrigin": "DUITSLAND",
    "IsExclusivelySoldInLuxembourg": false,
    "OrderUnit": "P",
    "ShortName": "MILK COOKIES 100G",
    "IsNew": false,
    "RecentQuanityOfStockUnits": "22,1",
    "LongName": "MILKA tablet cookies 100g",
    "FicCode": "E"
  },
  {
    "productId": "116586",
    "technicalArticleNumber": "3053805",
    "commercialArticleNumber": "20260",
    "name": "snoep Worldmix",
    "brand": "HARIBO",
    "seoBrand": "Haribo",
    "thumbNail": "https://static.colruytgroup.com/images/200x200/std.lang.all/18/02/asset-1721802.jpg",
    "fullImage": "https://static.colruytgroup.com/images/500x500/std.lang.all/18/02/asset-1721802.jpg",
    "squareImage": "https://static.colruytgroup.com/images/500x500sq/std.lang.all/18/02/asset-1721802.jpg",
    "content": "400g",
    "walkRouteSequenceNumber": 1817,
    "price": {
      "basicPrice": 4.25,
      "recommendedQuantity": "1.0",
      "measurementUnitPrice": 10.63,
      "measurementUnit": "K",
      "isRedPrice": false,
      "pricePerUOM": 10.63,
      "activationDate": "14-03-2024",
      "recordSource": "Folder",
      "isPromoActive": "N",
      "priceChangeCode": "L"
    },
    "isAvailable": true,
    "isPriceAvailable": true,
    "inPromo": false,
    "gtin": [
      "18426617127647",
      "08426617127640"
    ],
    "topCategoryName": "Koeken/Chocolade/Snoep",
    "topCategoryId": "335",
    "businessDomain": "RETAIL_BE",
    "IsPrivateLabel": false,
    "IsBiffe": false,
    "WeightconversionFactor": "0",
    "IsWeightArticle": false,
    "nutriscoreLabel": "E",
    "IsBio": false,
    "CountryOfOrigin": "SPANJE",
    "IsExclusivelySoldInLuxembourg": false,
    "OrderUnit": "P",
    "ShortName": "HARIBO WORLD MIX 400G",
    "IsNew": false,
    "EcoscoreLabel": "B",
    "RecentQuanityOfStockUnits": "1",
    "LongName": "HARIBO snoep Worldmix 400g",
    "AlcoholVolume": "0",
    "FicCode": "E",
    "EcoscoreValue": "69"
  },
  {
    "productId": "134443",
    "technicalArticleNumber": "3175101",
    "commercialArticleNumber": "18758",
    "name": "chocolaatjes melk 30st",
    "description": "*Belgische chocolade",
    "brand": "BONI",
    "seoBrand": "Boni Selection",
    "thumbNail": "https://static.colruytgroup.com/images/200x200/std.lang.all/35/22/asset-1993522.jpg",
    "fullImage": "https://static.colruytgroup.com/images/500x500/std.lang.all/35/22/asset-1993522.jpg",
    "squareImage": "https://static.colruytgroup.com/images/500x500sq/std.lang.all/35/22/asset-1993522.jpg",
    "content": "300g",
    "walkRouteSequenceNumber": 1221,
    "price": {
      "basicPrice": 3.39,
      "recommendedQuantity": "1.0",
      "measurementUnitPrice": 11.3,
      "measurementUnit": "K",
      "isRedPrice": false,
      "pricePerUOM": 11.3,
      "activationDate": "05-03-2024",
      "recordSource": "Offline",
      "isPromoActive": "N",
      "priceChangeCode": "H"
    },
    "isAvailable": true,
    "isPriceAvailable": true,
    "inPromo": false,
    "gtin": [
      "15400141836070",
      "15400141286233",
      "05400141382396",
      "05400141192865",
      "05400141286236"
    ],
    "topCategoryName": "Koeken/Chocolade/Snoep",
    "topCategoryId": "335",
    "businessDomain": "RETAIL_BE",
    "IsPrivateLabel": true,
    "IsBiffe": false,
    "WeightconversionFactor": "0",
    "IsWeightArticle": false,
    "nutriscoreLabel": "E",
    "IsBio": false,
    "CountryOfOrigin": "BELGIË",
    "IsExclusivelySoldInLuxembourg": false,
    "OrderUnit": "P",
    "ShortName": "BONI MINI CHOCO 300GR",
    "IsNew": false,
    "EcoscoreLabel": "D",
    "RecentQuanityOfStockUnits": "18,1",
    "LongName": "BONI chocolaatjes melk 30st 300g",
    "AlcoholVolume": "0",
    "FicCode": "I",
    "EcoscoreValue": "28"
  },
  {
    "productId": "377132",
    "technicalArticleNumber": "3843243",
    "commercialArticleNumber": "51290",
    "name": "mini hamburgers",
    "brand": "TROLLI",
    "seoBrand": "Trolli",
    "thumbNail": "https://static.colruytgroup.com/images/200x200/std.lang.all/29/10/asset-3252910.jpg",
    "fullImage": "https://static.colruytgroup.com/images/500x500/std.lang.all/29/10/asset-3252910.jpg",
    "squareImage": "https://static.colruytgroup.com/images/500x500sq/std.lang.all/29/10/asset-3252910.jpg",
    "content": "170g",
    "walkRouteSequenceNumber": 1956,
    "price": {
      "basicPrice": 1.77,
      "recommendedQuantity": "1.0",
      "measurementUnitPrice": 10.42,
      "measurementUnit": "K",
      "isRedPrice": false,
      "pricePerUOM": 10.42,
      "activationDate": "22-02-2024",
      "recordSource": "Offline",
      "isPromoActive": "N",
      "priceChangeCode": "L"
    },
    "isAvailable": true,
    "isPriceAvailable": true,
    "inPromo": false,
    "gtin": [
      "04000512270010",
      "04000512004905"
    ],
    "topCategoryName": "Koeken/Chocolade/Snoep",
    "topCategoryId": "335",
    "businessDomain": "RETAIL_BE",
    "IsPrivateLabel": false,
    "IsBiffe": false,
    "WeightconversionFactor": "0",
    "IsWeightArticle": false,
    "nutriscoreLabel": "D",
    "IsBio": false,
    "CountryOfOrigin": "DUITSLAND",
    "IsExclusivelySoldInLuxembourg": false,
    "OrderUnit": "P",
    "ShortName": "TROL HAMBURGERS 170G",
    "InSeason": true,
    "IsNew": false,
    "EcoscoreLabel": "B",
    "RecentQuanityOfStockUnits": "1,8",
    "LongName": "TROLLI mini hamburgers 170g",
    "AlcoholVolume": "0",
    "StartSeasonDate": "07/09/2020",
    "FicCode": "E",
    "EcoscoreValue": "69"
  },
  {
    "productId": "868150",
    "technicalArticleNumber": "4720972",
    "commercialArticleNumber": "14171",
    "name": "Karamelsnoep",
    "brand": "MOKATINE",
    "seoBrand": "Caramella Mokatine",
    "thumbNail": "https://static.colruytgroup.com/images/200x200/std.lang.all/08/03/asset-3130803.jpg",
    "fullImage": "https://static.colruytgroup.com/images/500x500/std.lang.all/08/03/asset-3130803.jpg",
    "squareImage": "https://static.colruytgroup.com/images/500x500sq/std.lang.all/08/03/asset-3130803.jpg",
    "content": "175g",
    "walkRouteSequenceNumber": 1997,
    "price": {
      "basicPrice": 2.05,
      "recommendedQuantity": "1.0",
      "measurementUnitPrice": 11.72,
      "measurementUnit": "K",
      "isRedPrice": false,
      "pricePerUOM": 11.72,
      "activationDate": "13-01-2024",
      "recordSource": "Offline",
      "isPromoActive": "N",
      "priceChangeCode": "H"
    },
    "isAvailable": true,
    "isPriceAvailable": true,
    "inPromo": false,
    "gtin": [
      "05410628101129",
      "05410628001016"
    ],
    "topCategoryName": "Koeken/Chocolade/Snoep",
    "topCategoryId": "335",
    "businessDomain": "RETAIL_BE",
    "IsPrivateLabel": false,
    "IsBiffe": false,
    "WeightconversionFactor": "0",
    "IsWeightArticle": false,
    "nutriscoreLabel": "E",
    "IsBio": false,
    "CountryOfOrigin": "BELGIË",
    "IsExclusivelySoldInLuxembourg": false,
    "OrderUnit": "P",
    "ShortName": "MOKATINE 175G",
    "IsNew": false,
    "EcoscoreLabel": "C",
    "RecentQuanityOfStockUnits": "1",
    "LongName": "MOKATINE Karamelsnoep 175g",
    "AlcoholVolume": "0",
    "FicCode": "E",
    "EcoscoreValue": "42"
  },
  {
    "productId": "519738",
    "technicalArticleNumber": "4103032",
    "commercialArticleNumber": "6460",
    "name": "lu sandwich",
    "brand": "MILKA",
    "seoBrand": "Milka",
    "thumbNail": "https://static.colruytgroup.com/images/200x200/std.lang.all/03/67/asset-3380367.jpg",
    "fullImage": "https://static.colruytgroup.com/images/500x500/std.lang.all/03/67/asset-3380367.jpg",
    "squareImage": "https://static.colruytgroup.com/images/500x500sq/std.lang.all/03/67/asset-3380367.jpg",
    "content": "87g",
    "walkRouteSequenceNumber": 1373,
    "price": {
      "basicPrice": 1.11,
      "recommendedQuantity": "2.0",
      "measurementUnitPrice": 12.76,
      "measurementUnit": "K",
      "isRedPrice": false,
      "pricePerUOM": 12.76,
      "activationDate": "23-03-2024",
      "recordSource": "Folder",
      "isPromoActive": "N",
      "priceChangeCode": "E"
    },
    "isAvailable": true,
    "isPriceAvailable": true,
    "inPromo": false,
    "gtin": [
      "07622300787844",
      "07622210453334",
      "07622210286109",
      "45400141277515",
      "07622210452122"
    ],
    "topCategoryName": "Koeken/Chocolade/Snoep",
    "topCategoryId": "335",
    "businessDomain": "RETAIL_BE",
    "IsPrivateLabel": false,
    "IsBiffe": false,
    "WeightconversionFactor": "0",
    "IsWeightArticle": false,
    "nutriscoreLabel": "E",
    "IsBio": false,
    "CountryOfOrigin": "HONGARIJE",
    "IsExclusivelySoldInLuxembourg": false,
    "OrderUnit": "P",
    "ShortName": "MILK LU SANDWICH 87G",
    "IsNew": false,
    "RecentQuanityOfStockUnits": "2,1,18",
    "LongName": "MILKA lu sandwich 87g",
    "FicCode": "E"
  },
  {
    "productId": "511486",
    "technicalArticleNumber": "4074993",
    "commercialArticleNumber": "7344",
    "name": "Golden Roll",
    "brand": "OREO",
    "seoBrand": "Oreo",
    "thumbNail": "https://static.colruytgroup.com/images/200x200/std.lang.all/13/88/asset-2231388.jpg",
    "fullImage": "https://static.colruytgroup.com/images/500x500/std.lang.all/13/88/asset-2231388.jpg",
    "squareImage": "https://static.colruytgroup.com/images/500x500sq/std.lang.all/13/88/asset-2231388.jpg",
    "content": "154g",
    "walkRouteSequenceNumber": 2222,
    "price": {
      "basicPrice": 1.39,
      "recommendedQuantity": "2.0",
      "measurementUnitPrice": 9.03,
      "measurementUnit": "K",
      "isRedPrice": false,
      "pricePerUOM": 9.03,
      "activationDate": "29-02-2024",
      "recordSource": "Offline",
      "isPromoActive": "N",
      "priceChangeCode": "E"
    },
    "isAvailable": true,
    "isPriceAvailable": true,
    "inPromo": false,
    "gtin": [
      "15400141420590",
      "07622210584519",
      "07622210584526"
    ],
    "topCategoryName": "Koeken/Chocolade/Snoep",
    "topCategoryId": "335",
    "businessDomain": "RETAIL_BE",
    "IsPrivateLabel": false,
    "IsBiffe": false,
    "WeightconversionFactor": "0",
    "IsWeightArticle": false,
    "nutriscoreLabel": "E",
    "IsBio": false,
    "CountryOfOrigin": "TSJECHIË (REPUBLIEK)",
    "IsExclusivelySoldInLuxembourg": false,
    "OrderUnit": "P",
    "ShortName": "OREO GOLDEN ROLL 154G",
    "IsNew": false,
    "RecentQuanityOfStockUnits": "2,1,16",
    "LongName": "OREO Golden Roll 154g",
    "FicCode": "E"
  },
  {
    "productId": "310634",
    "technicalArticleNumber": "3751637",
    "commercialArticleNumber": "12006",
    "name": "M'Cakes",
    "brand": "BONI",
    "seoBrand": "Boni Selection",
    "thumbNail": "https://static.colruytgroup.com/images/200x200/std.lang.all/34/97/asset-2003497.jpg",
    "fullImage": "https://static.colruytgroup.com/images/500x500/std.lang.all/34/97/asset-2003497.jpg",
    "squareImage": "https://static.colruytgroup.com/images/500x500sq/std.lang.all/34/97/asset-2003497.jpg",
    "content": "20x17g",
    "walkRouteSequenceNumber": 1311,
    "price": {
      "basicPrice": 3.04,
      "recommendedQuantity": "1.0",
      "measurementUnitPrice": 8.95,
      "measurementUnit": "K",
      "isRedPrice": false,
      "pricePerUOM": 8.95,
      "activationDate": "23-01-2024",
      "recordSource": "Offline",
      "isPromoActive": "N",
      "priceChangeCode": "H"
    },
    "isAvailable": true,
    "isPriceAvailable": true,
    "inPromo": false,
    "gtin": [
      "05400141275391",
      "05400141190519",
      "15400141275398"
    ],
    "topCategoryName": "Koeken/Chocolade/Snoep",
    "topCategoryId": "335",
    "businessDomain": "RETAIL_BE",
    "IsPrivateLabel": true,
    "IsBiffe": false,
    "WeightconversionFactor": "0",
    "IsWeightArticle": false,
    "nutriscoreLabel": "E",
    "IsBio": false,
    "CountryOfOrigin": "DUITSLAND",
    "IsExclusivelySoldInLuxembourg": false,
    "OrderUnit": "P",
    "ShortName": "BONI M CAKES 340G",
    "IsNew": false,
    "RecentQuanityOfStockUnits": "12,1",
    "LongName": "BONI M'Cakes 20x17g",
    "AlcoholVolume": "0",
    "FicCode": "I"
  },
  {
    "productId": "14166",
    "technicalArticleNumber": "1573123",
    "commercialArticleNumber": "21657",
    "name": "Choc'Land",
    "description": "*Individueel verpakt",
    "brand": "BN",
    "seoBrand": "BN Choc'Land",
    "thumbNail": "https://static.colruytgroup.com/images/200x200/std.lang.all/86/10/asset-3288610.jpg",
    "fullImage": "https://static.colruytgroup.com/images/500x500/std.lang.all/86/10/asset-3288610.jpg",
    "squareImage": "https://static.colruytgroup.com/images/500x500sq/std.lang.all/86/10/asset-3288610.jpg",
    "content": "4x37,5g",
    "walkRouteSequenceNumber": 2296,
    "price": {
      "basicPrice": 3.59,
      "recommendedQuantity": "1.0",
      "measurementUnitPrice": 23.94,
      "measurementUnit": "K",
      "isRedPrice": false,
      "pricePerUOM": 23.94,
      "activationDate": "11-03-2024",
      "recordSource": "Offline",
      "isPromoActive": "N",
      "priceChangeCode": "E"
    },
    "isAvailable": true,
    "isPriceAvailable": true,
    "inPromo": false,
    "gtin": [
      "03061990134219",
      "03061990030184",
      "00301990039606"
    ],
    "topCategoryName": "Koeken/Chocolade/Snoep",
    "topCategoryId": "335",
    "businessDomain": "RETAIL_BE",
    "IsPrivateLabel": false,
    "IsBiffe": false,
    "WeightconversionFactor": "0",
    "IsWeightArticle": false,
    "nutriscoreLabel": "E",
    "IsBio": false,
    "CountryOfOrigin": "BELGIË",
    "IsExclusivelySoldInLuxembourg": false,
    "OrderUnit": "P",
    "ShortName": "BN CHOCLAND MAGIC 150GR",
    "IsNew": false,
    "EcoscoreLabel": "D",
    "RecentQuanityOfStockUnits": "1",
    "LongName": "BN Choc'Land 4x37,5g",
    "AlcoholVolume": "0",
    "FicCode": "E",
    "EcoscoreValue": "32"
  },
  {
    "productId": "461629",
    "technicalArticleNumber": "3957429",
    "commercialArticleNumber": "2251",
    "name": "melk",
    "brand": "CÔTE D'OR",
    "seoBrand": "Côte d'Or",
    "thumbNail": "https://static.colruytgroup.com/images/200x200/std.lang.all/07/39/asset-1620739.jpg",
    "fullImage": "https://static.colruytgroup.com/images/500x500/std.lang.all/07/39/asset-1620739.jpg",
    "squareImage": "https://static.colruytgroup.com/images/500x500sq/std.lang.all/07/39/asset-1620739.jpg",
    "content": "4x47g",
    "walkRouteSequenceNumber": 1435,
    "price": {
      "basicPrice": 2.99,
      "recommendedQuantity": "2.0",
      "measurementUnitPrice": 15.91,
      "measurementUnit": "K",
      "isRedPrice": false,
      "pricePerUOM": 15.91,
      "activationDate": "13-03-2024",
      "recordSource": "Offline",
      "isPromoActive": "N",
      "priceChangeCode": "H"
    },
    "isAvailable": true,
    "isPriceAvailable": true,
    "inPromo": true,
    "promotion": [
      {
        "techPromoId": "100830COLR",
        "promotionId": "100830",
        "promotionType": "3",
        "isPersonalized": "N",
        "publicationStartDate": "13-03-2024",
        "publicationEndDate": "26-03-2024"
      }
    ],
    "gtin": [
      "05400141074000",
      "07622210926302",
      "07622210926326"
    ],
    "topCategoryName": "Koeken/Chocolade/Snoep",
    "topCategoryId": "335",
    "businessDomain": "RETAIL_BE",
    "IsPrivateLabel": false,
    "IsBiffe": false,
    "WeightconversionFactor": "0",
    "IsWeightArticle": false,
    "IsBio": false,
    "CountryOfOrigin": "BELGIË",
    "IsExclusivelySoldInLuxembourg": false,
    "OrderUnit": "P",
    "ShortName": "CDO MELK 4X47G",
    "IsNew": false,
    "RecentQuanityOfStockUnits": "1,2,24",
    "LongName": "CÔTE D'OR melk 4x47g",
    "FicCode": "E"
  },
  {
    "productId": "83966",
    "technicalArticleNumber": "2955507",
    "commercialArticleNumber": "1589",
    "brand": "MILKYWAY",
    "seoBrand": "Milky Way",
    "thumbNail": "https://static.colruytgroup.com/images/200x200/std.lang.all/26/30/asset-352630.jpg",
    "fullImage": "https://static.colruytgroup.com/images/500x500/std.lang.all/26/30/asset-352630.jpg",
    "squareImage": "https://static.colruytgroup.com/images/500x500sq/std.lang.all/26/30/asset-352630.jpg",
    "content": "9x21,5g",
    "walkRouteSequenceNumber": 1305,
    "price": {
      "basicPrice": 4.99,
      "recommendedQuantity": "2.0",
      "measurementUnitPrice": 25.86,
      "measurementUnit": "K",
      "isRedPrice": false,
      "pricePerUOM": 25.86,
      "activationDate": "20-03-2024",
      "recordSource": "Offline",
      "isPromoActive": "N",
      "priceChangeCode": "H"
    },
    "isAvailable": true,
    "isPriceAvailable": true,
    "inPromo": false,
    "gtin": [
      "05000159507356",
      "05000159460811",
      "05000159507363",
      "05400141113341",
      "05000159550956",
      "05000159550963"
    ],
    "topCategoryName": "Koeken/Chocolade/Snoep",
    "topCategoryId": "335",
    "businessDomain": "RETAIL_BE",
    "IsPrivateLabel": false,
    "IsBiffe": false,
    "WeightconversionFactor": "0",
    "IsWeightArticle": false,
    "nutriscoreLabel": "E",
    "IsBio": false,
    "CountryOfOrigin": "BELGIË",
    "IsExclusivelySoldInLuxembourg": false,
    "OrderUnit": "P",
    "ShortName": "MILKY WAY 9 PACK",
    "IsNew": false,
    "RecentQuanityOfStockUnits": "2,1",
    "LongName": "MILKYWAY 9x21,5g",
    "AlcoholVolume": "0",
    "FicCode": "E"
  },
  {
    "productId": "625754",
    "technicalArticleNumber": "4308353",
    "commercialArticleNumber": "16340",
    "name": "T23",
    "brand": "RAFFAELLO",
    "seoBrand": "Raffaello",
    "thumbNail": "https://static.colruytgroup.com/images/200x200/std.lang.all/69/91/asset-2246991.jpg",
    "fullImage": "https://static.colruytgroup.com/images/500x500/std.lang.all/69/91/asset-2246991.jpg",
    "squareImage": "https://static.colruytgroup.com/images/500x500sq/std.lang.all/69/91/asset-2246991.jpg",
    "content": "230g",
    "walkRouteSequenceNumber": 1225,
    "price": {
      "basicPrice": 4.89,
      "recommendedQuantity": "1.0",
      "measurementUnitPrice": 21.27,
      "measurementUnit": "K",
      "isRedPrice": false,
      "pricePerUOM": 21.27,
      "activationDate": "22-02-2024",
      "recordSource": "Offline",
      "isPromoActive": "N",
      "priceChangeCode": "H"
    },
    "isAvailable": true,
    "isPriceAvailable": true,
    "inPromo": false,
    "gtin": [
      "04008400183008",
      "04008400183022"
    ],
    "topCategoryName": "Koeken/Chocolade/Snoep",
    "topCategoryId": "335",
    "businessDomain": "RETAIL_BE",
    "IsPrivateLabel": false,
    "IsBiffe": false,
    "WeightconversionFactor": "0",
    "IsWeightArticle": false,
    "nutriscoreLabel": "E",
    "IsBio": false,
    "CountryOfOrigin": "BELGIË",
    "IsExclusivelySoldInLuxembourg": false,
    "OrderUnit": "P",
    "ShortName": "FERR RAFFAELLO 230G",
    "IsNew": false,
    "RecentQuanityOfStockUnits": "1",
    "LongName": "RAFFAELLO T23 230g",
    "FicCode": "E"
  },
  {
    "productId": "153104",
    "technicalArticleNumber": "3246223",
    "commercialArticleNumber": "9409",
    "name": "gebak assortiment 10st",
    "description": "*Individueel verpakt",
    "brand": "LOTUS",
    "seoBrand": "Lotus",
    "thumbNail": "https://static.colruytgroup.com/images/200x200/std.lang.all/21/31/asset-1822131.jpg",
    "fullImage": "https://static.colruytgroup.com/images/500x500/std.lang.all/21/31/asset-1822131.jpg",
    "squareImage": "https://static.colruytgroup.com/images/500x500sq/std.lang.all/21/31/asset-1822131.jpg",
    "content": "385g",
    "walkRouteSequenceNumber": 2104,
    "price": {
      "basicPrice": 5.42,
      "recommendedQuantity": "1.0",
      "measurementUnitPrice": 14.08,
      "measurementUnit": "K",
      "isRedPrice": false,
      "pricePerUOM": 14.08,
      "activationDate": "13-03-2024",
      "recordSource": "Offline",
      "isPromoActive": "N",
      "priceChangeCode": "L"
    },
    "isAvailable": true,
    "isPriceAvailable": true,
    "inPromo": false,
    "gtin": [
      "15410126087267",
      "05410126047264"
    ],
    "topCategoryName": "Koeken/Chocolade/Snoep",
    "topCategoryId": "335",
    "businessDomain": "RETAIL_BE",
    "IsPrivateLabel": false,
    "IsBiffe": false,
    "WeightconversionFactor": "0",
    "IsWeightArticle": false,
    "nutriscoreLabel": "E",
    "IsBio": false,
    "CountryOfOrigin": "BELGIË",
    "IsExclusivelySoldInLuxembourg": false,
    "OrderUnit": "P",
    "ShortName": "LOTUS ASSORT GEBAK 385G",
    "IsNew": false,
    "RecentQuanityOfStockUnits": "1,6",
    "LongName": "LOTUS gebak assortiment 10st 385g",
    "AlcoholVolume": "0",
    "FicCode": "E"
  },
  {
    "productId": "13110",
    "technicalArticleNumber": "1220517",
    "commercialArticleNumber": "21812",
    "name": "boterwafels",
    "brand": "BONI BIO",
    "seoBrand": "Boni Selection Bio",
    "thumbNail": "https://static.colruytgroup.com/images/200x200/std.lang.all/45/14/asset-2024514.jpg",
    "fullImage": "https://static.colruytgroup.com/images/500x500/std.lang.all/45/14/asset-2024514.jpg",
    "squareImage": "https://static.colruytgroup.com/images/500x500sq/std.lang.all/45/14/asset-2024514.jpg",
    "content": "500g",
    "walkRouteSequenceNumber": 1799,
    "price": {
      "basicPrice": 5.99,
      "recommendedQuantity": "1.0",
      "measurementUnitPrice": 11.98,
      "measurementUnit": "K",
      "isRedPrice": false,
      "pricePerUOM": 11.98,
      "activationDate": "17-11-2023",
      "isPromoActive": "N",
      "priceChangeCode": "E"
    },
    "isAvailable": true,
    "isPriceAvailable": true,
    "inPromo": false,
    "gtin": [
      "05400141186628",
      "05400141187236",
      "05400141358803",
      "15400141318125",
      "15400141358800"
    ],
    "topCategoryName": "Koeken/Chocolade/Snoep",
    "topCategoryId": "335",
    "businessDomain": "RETAIL_BE",
    "IsPrivateLabel": true,
    "IsBiffe": false,
    "WeightconversionFactor": "0",
    "IsWeightArticle": false,
    "nutriscoreLabel": "E",
    "IsBio": true,
    "CountryOfOrigin": "BELGIË",
    "IsExclusivelySoldInLuxembourg": false,
    "OrderUnit": "P",
    "ShortName": "BS BIO ART WAF BOTER500",
    "IsNew": false,
    "EcoscoreLabel": "B",
    "RecentQuanityOfStockUnits": "1,8",
    "LongName": "BONI BIO boterwafels 500g",
    "AlcoholVolume": "0",
    "FicCode": "I",
    "EcoscoreValue": "76"
  },
  {
    "productId": "384662",
    "technicalArticleNumber": "3838283",
    "commercialArticleNumber": "51269",
    "name": "Peanut Pouch",
    "brand": "M&M'S",
    "seoBrand": "M&M's",
    "thumbNail": "https://static.colruytgroup.com/images/200x200/std.lang.all/78/74/asset-2947874.jpg",
    "fullImage": "https://static.colruytgroup.com/images/500x500/std.lang.all/78/74/asset-2947874.jpg",
    "squareImage": "https://static.colruytgroup.com/images/500x500sq/std.lang.all/78/74/asset-2947874.jpg",
    "content": "330g",
    "walkRouteSequenceNumber": 1440,
    "price": {
      "basicPrice": 2.61,
      "recommendedQuantity": "2.0",
      "measurementUnitPrice": 7.91,
      "measurementUnit": "K",
      "isRedPrice": false,
      "pricePerUOM": 7.91,
      "activationDate": "20-03-2024",
      "recordSource": "Offline",
      "isPromoActive": "N",
      "priceChangeCode": "L"
    },
    "isAvailable": true,
    "isPriceAvailable": true,
    "inPromo": false,
    "gtin": [
      "05400141237429",
      "05000159452595",
      "05000159452588"
    ],
    "topCategoryName": "Koeken/Chocolade/Snoep",
    "topCategoryId": "335",
    "businessDomain": "RETAIL_BE",
    "IsPrivateLabel": false,
    "IsBiffe": false,
    "WeightconversionFactor": "0",
    "IsWeightArticle": false,
    "nutriscoreLabel": "E",
    "IsBio": false,
    "CountryOfOrigin": "FRANKRIJK",
    "IsExclusivelySoldInLuxembourg": false,
    "OrderUnit": "P",
    "ShortName": "M&M PEANUT POUCH 330G",
    "IsNew": false,
    "RecentQuanityOfStockUnits": "1,20,2",
    "LongName": "M&M'S Peanut Pouch 330g",
    "AlcoholVolume": "0",
    "FicCode": "E"
  },
  {
    "productId": "709291",
    "technicalArticleNumber": "4448947",
    "commercialArticleNumber": "26347",
    "name": "melkchocolade praliné FT",
    "brand": "BONI",
    "seoBrand": "Boni Selection",
    "thumbNail": "https://static.colruytgroup.com/images/200x200/std.lang.all/58/24/asset-2495824.jpg",
    "fullImage": "https://static.colruytgroup.com/images/500x500/std.lang.all/58/24/asset-2495824.jpg",
    "squareImage": "https://static.colruytgroup.com/images/500x500sq/std.lang.all/58/24/asset-2495824.jpg",
    "content": "200g",
    "walkRouteSequenceNumber": 1343,
    "price": {
      "basicPrice": 2.79,
      "recommendedQuantity": "1.0",
      "measurementUnitPrice": 13.95,
      "measurementUnit": "K",
      "isRedPrice": false,
      "pricePerUOM": 13.95,
      "activationDate": "06-03-2024",
      "isPromoActive": "N",
      "priceChangeCode": "H"
    },
    "isAvailable": true,
    "isPriceAvailable": true,
    "inPromo": false,
    "gtin": [
      "05400141761801",
      "15400141761808"
    ],
    "topCategoryName": "Koeken/Chocolade/Snoep",
    "topCategoryId": "335",
    "businessDomain": "RETAIL_BE",
    "IsPrivateLabel": true,
    "IsBiffe": false,
    "WeightconversionFactor": "0",
    "IsWeightArticle": false,
    "nutriscoreLabel": "E",
    "IsBio": false,
    "CountryOfOrigin": "BELGIË",
    "IsExclusivelySoldInLuxembourg": false,
    "OrderUnit": "P",
    "ShortName": "BONI FT MELKCHO.PRAL200",
    "IsNew": false,
    "EcoscoreLabel": "D",
    "RecentQuanityOfStockUnits": "1",
    "LongName": "BONI melkchocolade praliné FT 200g",
    "FicCode": "I",
    "EcoscoreValue": "28"
  },
  {
    "productId": "28186",
    "technicalArticleNumber": "1939479",
    "commercialArticleNumber": "21833",
    "name": "zand/theekoekjes",
    "brand": "LA MÈRE POULARD",
    "seoBrand": "La Mère Poulard",
    "thumbNail": "https://static.colruytgroup.com/images/200x200/std.lang.all/39/83/asset-1893983.jpg",
    "fullImage": "https://static.colruytgroup.com/images/500x500/std.lang.all/39/83/asset-1893983.jpg",
    "squareImage": "https://static.colruytgroup.com/images/500x500sq/std.lang.all/39/83/asset-1893983.jpg",
    "content": "300g",
    "walkRouteSequenceNumber": 2332,
    "price": {
      "basicPrice": 3.55,
      "recommendedQuantity": "1.0",
      "measurementUnitPrice": 11.84,
      "measurementUnit": "K",
      "isRedPrice": false,
      "pricePerUOM": 11.84,
      "activationDate": "29-11-2023",
      "isPromoActive": "N",
      "priceChangeCode": "E"
    },
    "isAvailable": true,
    "isPriceAvailable": true,
    "inPromo": false,
    "gtin": [
      "33472860091265",
      "33472860094730",
      "03472860091264",
      "03472860094739",
      "33472860173268"
    ],
    "topCategoryName": "Koeken/Chocolade/Snoep",
    "topCategoryId": "335",
    "businessDomain": "RETAIL_BE",
    "IsPrivateLabel": false,
    "IsBiffe": false,
    "WeightconversionFactor": "0",
    "IsWeightArticle": false,
    "IsBio": false,
    "CountryOfOrigin": "BELGIË",
    "IsExclusivelySoldInLuxembourg": false,
    "OrderUnit": "P",
    "ShortName": "M.P.ZANDK/PAL.300G ASS",
    "IsNew": false,
    "EcoscoreLabel": "C",
    "RecentQuanityOfStockUnits": "1,1",
    "LongName": "LA MÈRE POULARD zand/theekoekjes 300g",
    "AlcoholVolume": "0",
    "FicCode": "E",
    "EcoscoreValue": "46"
  },
  {
    "productId": "511130",
    "technicalArticleNumber": "4077980",
    "commercialArticleNumber": "7453",
    "name": "Goudberen",
    "brand": "HARIBO",
    "seoBrand": "Haribo",
    "thumbNail": "https://static.colruytgroup.com/images/200x200/std.lang.all/19/62/asset-1781962.jpg",
    "fullImage": "https://static.colruytgroup.com/images/500x500/std.lang.all/19/62/asset-1781962.jpg",
    "squareImage": "https://static.colruytgroup.com/images/500x500sq/std.lang.all/19/62/asset-1781962.jpg",
    "content": "500g",
    "walkRouteSequenceNumber": 1828,
    "price": {
      "basicPrice": 3.6,
      "recommendedQuantity": "1.0",
      "measurementUnitPrice": 7.2,
      "measurementUnit": "K",
      "isRedPrice": false,
      "pricePerUOM": 7.2,
      "activationDate": "14-03-2024",
      "recordSource": "Folder",
      "isPromoActive": "N",
      "priceChangeCode": "L"
    },
    "isAvailable": true,
    "isPriceAvailable": true,
    "inPromo": false,
    "gtin": [
      "05996379301105",
      "05996379300160"
    ],
    "topCategoryName": "Koeken/Chocolade/Snoep",
    "topCategoryId": "335",
    "businessDomain": "RETAIL_BE",
    "IsPrivateLabel": false,
    "IsBiffe": false,
    "WeightconversionFactor": "0",
    "IsWeightArticle": false,
    "nutriscoreLabel": "D",
    "IsBio": false,
    "CountryOfOrigin": "HONGARIJE",
    "IsExclusivelySoldInLuxembourg": false,
    "OrderUnit": "P",
    "ShortName": "HARI GOUDBEREN 500G",
    "IsNew": false,
    "EcoscoreLabel": "B",
    "RecentQuanityOfStockUnits": "1",
    "LongName": "HARIBO Goudberen 500g",
    "FicCode": "E",
    "EcoscoreValue": "67"
  },
  {
    "productId": "600326",
    "technicalArticleNumber": "4266083",
    "commercialArticleNumber": "16440",
    "name": "Lol+Paw Patrol verrassingsei",
    "brand": "HAMLET",
    "seoBrand": "Hamlet",
    "thumbNail": "https://static.colruytgroup.com/images/200x200/std.lang.all/90/25/asset-2379025.jpg",
    "fullImage": "https://static.colruytgroup.com/images/500x500/std.lang.all/90/25/asset-2379025.jpg",
    "squareImage": "https://static.colruytgroup.com/images/500x500sq/std.lang.all/90/25/asset-2379025.jpg",
    "content": "60g",
    "walkRouteSequenceNumber": 1288,
    "price": {
      "basicPrice": 1.79,
      "recommendedQuantity": "1.0",
      "measurementUnitPrice": 29.84,
      "measurementUnit": "K",
      "isRedPrice": false,
      "pricePerUOM": 29.84,
      "activationDate": "22-09-2023",
      "isPromoActive": "N",
      "priceChangeCode": "H"
    },
    "isAvailable": true,
    "isPriceAvailable": true,
    "inPromo": false,
    "gtin": [
      "08436549487385",
      "28435477904784",
      "18435477903506",
      "08436549487378",
      "08435477903509"
    ],
    "topCategoryName": "Koeken/Chocolade/Snoep",
    "topCategoryId": "335",
    "businessDomain": "RETAIL_BE",
    "IsPrivateLabel": false,
    "IsBiffe": false,
    "WeightconversionFactor": "0",
    "IsWeightArticle": false,
    "nutriscoreLabel": "E",
    "IsBio": false,
    "CountryOfOrigin": "ITALIË",
    "IsExclusivelySoldInLuxembourg": false,
    "OrderUnit": "P",
    "ShortName": "HAML LOL/P.PAT.VER.EI60",
    "InSeason": true,
    "IsNew": false,
    "EcoscoreLabel": "D",
    "RecentQuanityOfStockUnits": "1,1",
    "LongName": "HAMLET Lol+Paw Patrol verrassingsei 60g",
    "StartSeasonDate": "25/04/2022",
    "FicCode": "E",
    "EcoscoreValue": "28"
  },
  {
    "productId": "1644",
    "technicalArticleNumber": "21246",
    "commercialArticleNumber": "21246",
    "name": "Gâteau",
    "brand": "DELACRE",
    "seoBrand": "Delacre Gâteau",
    "thumbNail": "https://static.colruytgroup.com/images/200x200/std.lang.all/65/58/asset-1576558.jpg",
    "fullImage": "https://static.colruytgroup.com/images/500x500/std.lang.all/65/58/asset-1576558.jpg",
    "squareImage": "https://static.colruytgroup.com/images/500x500sq/std.lang.all/65/58/asset-1576558.jpg",
    "content": "200g",
    "walkRouteSequenceNumber": 2210,
    "price": {
      "basicPrice": 2.69,
      "recommendedQuantity": "2.0",
      "measurementUnitPrice": 13.45,
      "measurementUnit": "K",
      "isRedPrice": false,
      "pricePerUOM": 13.45,
      "activationDate": "02-03-2024",
      "recordSource": "Offline",
      "isPromoActive": "N",
      "priceChangeCode": "H"
    },
    "isAvailable": true,
    "isPriceAvailable": true,
    "inPromo": false,
    "gtin": [
      "03116430519856",
      "03116430210609",
      "03116430057716",
      "03116430157713"
    ],
    "topCategoryName": "Koeken/Chocolade/Snoep",
    "topCategoryId": "335",
    "businessDomain": "RETAIL_BE",
    "IsPrivateLabel": false,
    "IsBiffe": false,
    "WeightconversionFactor": "0",
    "IsWeightArticle": false,
    "nutriscoreLabel": "E",
    "IsBio": false,
    "CountryOfOrigin": "FRANKRIJK",
    "IsExclusivelySoldInLuxembourg": false,
    "OrderUnit": "P",
    "ShortName": "DEL GATEAU CHOC 200GR",
    "IsNew": false,
    "RecentQuanityOfStockUnits": "2,1",
    "LongName": "DELACRE Gâteau 200g",
    "AlcoholVolume": "0",
    "FicCode": "E"
  },
  {
    "productId": "332801",
    "technicalArticleNumber": "3813291",
    "commercialArticleNumber": "18231",
    "name": "kauwgom peppermint 50st",
    "brand": "BONI",
    "seoBrand": "Boni Selection",
    "thumbNail": "https://static.colruytgroup.com/images/200x200/std.lang.all/47/34/asset-2954734.jpg",
    "fullImage": "https://static.colruytgroup.com/images/500x500/std.lang.all/47/34/asset-2954734.jpg",
    "squareImage": "https://static.colruytgroup.com/images/500x500sq/std.lang.all/47/34/asset-2954734.jpg",
    "content": "100g",
    "walkRouteSequenceNumber": 18365,
    "price": {
      "basicPrice": 2.16,
      "recommendedQuantity": "1.0",
      "measurementUnitPrice": 0.044,
      "measurementUnit": "S",
      "isRedPrice": false,
      "pricePerUOM": 0.044,
      "activationDate": "17-11-2023",
      "recordSource": "Offline",
      "isPromoActive": "N",
      "priceChangeCode": "E"
    },
    "isAvailable": true,
    "isPriceAvailable": true,
    "inPromo": false,
    "gtin": [
      "15400141605393",
      "05400141224207",
      "15400141216490",
      "05400141605396",
      "05400141344370",
      "15400141344377"
    ],
    "topCategoryName": "Koeken/Chocolade/Snoep",
    "topCategoryId": "335",
    "businessDomain": "RETAIL_BE",
    "IsPrivateLabel": true,
    "IsBiffe": false,
    "WeightconversionFactor": "0",
    "IsWeightArticle": false,
    "nutriscoreLabel": "B",
    "IsBio": false,
    "CountryOfOrigin": "MAROKKO",
    "IsExclusivelySoldInLuxembourg": false,
    "OrderUnit": "P",
    "ShortName": "BONI KAUWGOM PEPPERM50S",
    "IsNew": false,
    "EcoscoreLabel": "B",
    "RecentQuanityOfStockUnits": "1,12",
    "LongName": "BONI kauwgom peppermint 50st 100g",
    "AlcoholVolume": "0",
    "FicCode": "I",
    "EcoscoreValue": "74"
  },
  {
    "productId": "153368",
    "technicalArticleNumber": "3291306",
    "commercialArticleNumber": "44815",
    "name": "fruit",
    "brand": "SKITTLES",
    "seoBrand": "Skittles",
    "thumbNail": "https://static.colruytgroup.com/images/200x200/std.lang.all/32/11/asset-1443211.jpg",
    "fullImage": "https://static.colruytgroup.com/images/500x500/std.lang.all/32/11/asset-1443211.jpg",
    "squareImage": "https://static.colruytgroup.com/images/500x500sq/std.lang.all/32/11/asset-1443211.jpg",
    "content": "174g",
    "walkRouteSequenceNumber": 1963,
    "price": {
      "basicPrice": 1.7,
      "recommendedQuantity": "1.0",
      "measurementUnitPrice": 9.78,
      "measurementUnit": "K",
      "isRedPrice": false,
      "pricePerUOM": 9.78,
      "activationDate": "07-03-2024",
      "recordSource": "Offline",
      "isPromoActive": "N",
      "priceChangeCode": "H"
    },
    "isAvailable": true,
    "isPriceAvailable": true,
    "inPromo": false,
    "gtin": [
      "04009900455312",
      "04009900455299"
    ],
    "topCategoryName": "Koeken/Chocolade/Snoep",
    "topCategoryId": "335",
    "businessDomain": "RETAIL_BE",
    "IsPrivateLabel": false,
    "IsBiffe": false,
    "WeightconversionFactor": "0",
    "IsWeightArticle": false,
    "nutriscoreLabel": "E",
    "IsBio": false,
    "CountryOfOrigin": "TSJECHIË (REPUBLIEK)",
    "IsExclusivelySoldInLuxembourg": false,
    "OrderUnit": "P",
    "ShortName": "SKIT FRUIT 174G",
    "IsNew": false,
    "EcoscoreLabel": "B",
    "RecentQuanityOfStockUnits": "1,14",
    "LongName": "SKITTLES fruit 174g",
    "AlcoholVolume": "0",
    "FicCode": "E",
    "EcoscoreValue": "75"
  },
  {
    "productId": "3741",
    "technicalArticleNumber": "1103298",
    "commercialArticleNumber": "20976",
    "name": "LEO",
    "brand": "MILKA",
    "seoBrand": "Milka Leo",
    "thumbNail": "https://ecgproductmw.colruytgroup.com/ecgproductmw/noPicForArticle_2.jpg",
    "fullImage": "https://ecgproductmw.colruytgroup.com/ecgproductmw/noPicForArticle_5.jpg",
    "squareImage": "https://ecgproductmw.colruytgroup.com/ecgproductmw/noPicForArticle_5.jpg",
    "content": "33,3g",
    "walkRouteSequenceNumber": 1391,
    "price": {
      "basicPrice": 1.05,
      "recommendedQuantity": "1.0",
      "measurementUnitPrice": 31.82,
      "measurementUnit": "K",
      "isRedPrice": false,
      "pricePerUOM": 31.82,
      "activationDate": "28-02-2024",
      "recordSource": "Offline",
      "isPromoActive": "N",
      "priceChangeCode": "E"
    },
    "isAvailable": true,
    "isPriceAvailable": true,
    "inPromo": false,
    "gtin": [
      "00000076222276",
      "07622200017898",
      "07622400001710"
    ],
    "topCategoryName": "Koeken/Chocolade/Snoep",
    "topCategoryId": "335",
    "businessDomain": "RETAIL_BE",
    "IsPrivateLabel": false,
    "IsBiffe": false,
    "WeightconversionFactor": "0",
    "IsWeightArticle": false,
    "nutriscoreLabel": "E",
    "IsBio": false,
    "CountryOfOrigin": "BELGIË",
    "IsExclusivelySoldInLuxembourg": false,
    "OrderUnit": "P",
    "ShortName": "MILKA LEO WAFERS 33G3",
    "IsNew": false,
    "RecentQuanityOfStockUnits": "32,1,1",
    "LongName": "MILKA LEO 33,3g",
    "AlcoholVolume": "0",
    "FicCode": "E"
  },
  {
    "productId": "871052",
    "technicalArticleNumber": "4724888",
    "commercialArticleNumber": "5818",
    "name": "Boterwafels vanille",
    "brand": "PETIT BARON",
    "seoBrand": "Petit Baron",
    "thumbNail": "https://static.colruytgroup.com/images/200x200/std.lang.all/53/62/asset-3215362.jpg",
    "fullImage": "https://static.colruytgroup.com/images/500x500/std.lang.all/53/62/asset-3215362.jpg",
    "squareImage": "https://static.colruytgroup.com/images/500x500sq/std.lang.all/53/62/asset-3215362.jpg",
    "content": "280g",
    "walkRouteSequenceNumber": 2050,
    "price": {
      "basicPrice": 2.49,
      "recommendedQuantity": "1.0",
      "measurementUnitPrice": 8.9,
      "measurementUnit": "K",
      "isRedPrice": false,
      "pricePerUOM": 8.9,
      "activationDate": "02-01-2024",
      "isPromoActive": "N",
      "priceChangeCode": "E"
    },
    "isAvailable": true,
    "isPriceAvailable": true,
    "inPromo": false,
    "gtin": [
      "05425024680000",
      "05425024680765"
    ],
    "topCategoryName": "Koeken/Chocolade/Snoep",
    "topCategoryId": "335",
    "businessDomain": "RETAIL_BE",
    "IsPrivateLabel": false,
    "IsBiffe": false,
    "WeightconversionFactor": "0",
    "IsWeightArticle": false,
    "nutriscoreLabel": "E",
    "IsBio": false,
    "CountryOfOrigin": "BELGIË",
    "IsExclusivelySoldInLuxembourg": false,
    "OrderUnit": "P",
    "ShortName": "PEBA BOTERW.VANILLE 280",
    "IsNew": false,
    "EcoscoreLabel": "C",
    "RecentQuanityOfStockUnits": "1,10",
    "LongName": "PETIT BARON Boterwafels vanille 280g",
    "FicCode": "E",
    "EcoscoreValue": "56"
  },
  {
    "productId": "734781",
    "technicalArticleNumber": "4495301",
    "commercialArticleNumber": "15467",
    "name": "paashaas puur fairtrade",
    "description": "*Belgische chocolade\n*Min. 56 %\ncacaobestanddelen\n*Fairtrade gecertificeerd",
    "brand": "BONI",
    "seoBrand": "Boni Selection",
    "thumbNail": "https://static.colruytgroup.com/images/200x200/std.lang.all/51/45/asset-2755145.jpg",
    "fullImage": "https://static.colruytgroup.com/images/500x500/std.lang.all/51/45/asset-2755145.jpg",
    "squareImage": "https://static.colruytgroup.com/images/500x500sq/std.lang.all/51/45/asset-2755145.jpg",
    "content": "180g",
    "walkRouteSequenceNumber": 1472,
    "price": {
      "basicPrice": 2.24,
      "recommendedQuantity": "1.0",
      "measurementUnitPrice": 12.45,
      "measurementUnit": "K",
      "isRedPrice": false,
      "pricePerUOM": 12.45,
      "activationDate": "20-03-2024",
      "recordSource": "Folder",
      "isPromoActive": "N",
      "priceChangeCode": "L"
    },
    "isAvailable": true,
    "isPriceAvailable": true,
    "inPromo": false,
    "gtin": [
      "15400141642732",
      "05400141642735"
    ],
    "topCategoryName": "Koeken/Chocolade/Snoep",
    "topCategoryId": "335",
    "businessDomain": "RETAIL_BE",
    "IsPrivateLabel": true,
    "IsBiffe": false,
    "WeightconversionFactor": "0",
    "IsWeightArticle": false,
    "nutriscoreLabel": "E",
    "IsBio": false,
    "CountryOfOrigin": "BELGIË",
    "IsExclusivelySoldInLuxembourg": false,
    "OrderUnit": "P",
    "ShortName": "BONI PAASHAAS PU.FT 180",
    "InSeason": true,
    "IsNew": false,
    "EcoscoreLabel": "C",
    "RecentQuanityOfStockUnits": "1,24",
    "LongName": "BONI paashaas puur fairtrade 180g",
    "StartSeasonDate": "25/10/2023",
    "FicCode": "I",
    "EcoscoreValue": "43"
  },
  {
    "productId": "734781",
    "technicalArticleNumber": "4495301",
    "commercialArticleNumber": "15467",
    "name": "paashaas puur fairtrade",
    "description": "*Belgische chocolade\n*Min. 56 %\ncacaobestanddelen\n*Fairtrade gecertificeerd",
    "brand": "BONI",
    "seoBrand": "Boni Selection",
    "thumbNail": "https://static.colruytgroup.com/images/200x200/std.lang.all/51/45/asset-2755145.jpg",
    "fullImage": "https://static.colruytgroup.com/images/500x500/std.lang.all/51/45/asset-2755145.jpg",
    "squareImage": "https://static.colruytgroup.com/images/500x500sq/std.lang.all/51/45/asset-2755145.jpg",
    "content": "180g",
    "walkRouteSequenceNumber": 1472,
    "price": {
      "basicPrice": 2.24,
      "recommendedQuantity": "1.0",
      "measurementUnitPrice": 12.45,
      "measurementUnit": "K",
      "isRedPrice": false,
      "pricePerUOM": 12.45,
      "activationDate": "20-03-2024",
      "recordSource": "Folder",
      "isPromoActive": "N",
      "priceChangeCode": "L"
    },
    "isAvailable": true,
    "isPriceAvailable": true,
    "inPromo": false,
    "gtin": [
      "15400141642732",
      "05400141642735"
    ],
    "topCategoryName": "Koeken/Chocolade/Snoep",
    "topCategoryId": "335",
    "businessDomain": "RETAIL_BE",
    "IsPrivateLabel": true,
    "IsBiffe": false,
    "WeightconversionFactor": "0",
    "IsWeightArticle": false,
    "nutriscoreLabel": "E",
    "IsBio": false,
    "CountryOfOrigin": "BELGIË",
    "IsExclusivelySoldInLuxembourg": false,
    "OrderUnit": "P",
    "ShortName": "BONI PAASHAAS PU.FT 180",
    "InSeason": true,
    "IsNew": false,
    "EcoscoreLabel": "C",
    "RecentQuanityOfStockUnits": "1,24",
    "LongName": "BONI paashaas puur fairtrade 180g",
    "StartSeasonDate": "25/10/2023",
    "FicCode": "I",
    "EcoscoreValue": "43"
  },
  {
    "productId": "346939",
    "technicalArticleNumber": "3740503",
    "commercialArticleNumber": "14173",
    "name": "crunchy haver&honing",
    "description": "*Vegan\n*Volkoren",
    "brand": "NATURE VALLEY",
    "seoBrand": "Nature Valley",
    "thumbNail": "https://static.colruytgroup.com/images/200x200/std.lang.all/15/93/asset-1421593.jpg",
    "fullImage": "https://static.colruytgroup.com/images/500x500/std.lang.all/15/93/asset-1421593.jpg",
    "squareImage": "https://static.colruytgroup.com/images/500x500sq/std.lang.all/15/93/asset-1421593.jpg",
    "content": "210g",
    "walkRouteSequenceNumber": 2204,
    "price": {
      "basicPrice": 2.99,
      "recommendedQuantity": "1.0",
      "measurementUnitPrice": 14.24,
      "measurementUnit": "K",
      "isRedPrice": false,
      "pricePerUOM": 14.24,
      "activationDate": "23-02-2024",
      "recordSource": "Offline",
      "isPromoActive": "N",
      "priceChangeCode": "H"
    },
    "isAvailable": true,
    "isPriceAvailable": true,
    "inPromo": false,
    "gtin": [
      "08410076601414",
      "08410076702418"
    ],
    "topCategoryName": "Brood/Ontbijt",
    "topCategoryId": "124",
    "businessDomain": "RETAIL_BE",
    "IsPrivateLabel": false,
    "IsBiffe": false,
    "WeightconversionFactor": "0",
    "IsWeightArticle": false,
    "nutriscoreLabel": "D",
    "IsBio": false,
    "CountryOfOrigin": "SPANJE",
    "IsExclusivelySoldInLuxembourg": false,
    "OrderUnit": "P",
    "ShortName": "NAVA CRUNCH HA&HON.210",
    "IsNew": false,
    "EcoscoreLabel": "D",
    "RecentQuanityOfStockUnits": "1,5",
    "LongName": "NATURE VALLEY crunchy haver&honing 210g",
    "AlcoholVolume": "0",
    "FicCode": "E",
    "EcoscoreValue": "35"
  },
  {
    "productId": "461152",
    "technicalArticleNumber": "3954301",
    "commercialArticleNumber": "2021",
    "name": "tubo aardbeismaak",
    "brand": "BONI",
    "seoBrand": "Boni Selection",
    "thumbNail": "https://static.colruytgroup.com/images/200x200/std.lang.all/35/96/asset-3363596.jpg",
    "fullImage": "https://static.colruytgroup.com/images/500x500/std.lang.all/35/96/asset-3363596.jpg",
    "squareImage": "https://static.colruytgroup.com/images/500x500sq/std.lang.all/35/96/asset-3363596.jpg",
    "content": "500g",
    "walkRouteSequenceNumber": 1935,
    "price": {
      "basicPrice": 5.99,
      "recommendedQuantity": "1.0",
      "measurementUnitPrice": 11.98,
      "measurementUnit": "K",
      "isRedPrice": false,
      "pricePerUOM": 11.98,
      "activationDate": "13-03-2024",
      "isPromoActive": "N",
      "priceChangeCode": "H"
    },
    "isAvailable": true,
    "isPriceAvailable": true,
    "inPromo": false,
    "gtin": [
      "15400141848790",
      "05400141193503",
      "05400141194326",
      "05400141358315",
      "15400141037507",
      "15400141358312",
      "05400141848793"
    ],
    "topCategoryName": "Koeken/Chocolade/Snoep",
    "topCategoryId": "335",
    "businessDomain": "RETAIL_BE",
    "IsPrivateLabel": true,
    "IsBiffe": false,
    "WeightconversionFactor": "0",
    "IsWeightArticle": false,
    "nutriscoreLabel": "E",
    "IsBio": false,
    "CountryOfOrigin": "BELGIË",
    "IsExclusivelySoldInLuxembourg": false,
    "OrderUnit": "P",
    "ShortName": "BONI TUBO AARDBEI 500",
    "IsNew": false,
    "EcoscoreLabel": "B",
    "RecentQuanityOfStockUnits": "1,1",
    "LongName": "BONI tubo aardbeismaak 500g",
    "FicCode": "I",
    "EcoscoreValue": "75"
  },
  {
    "productId": "25544",
    "technicalArticleNumber": "1958485",
    "commercialArticleNumber": "20188",
    "name": "zakje paasfiguur fondant",
    "description": "*Belgische chocolade",
    "brand": "LIBEERT",
    "seoBrand": "Libeert",
    "thumbNail": "https://static.colruytgroup.com/images/200x200/std.lang.all/82/21/asset-3178221.jpg",
    "fullImage": "https://static.colruytgroup.com/images/500x500/std.lang.all/82/21/asset-3178221.jpg",
    "squareImage": "https://static.colruytgroup.com/images/500x500sq/std.lang.all/82/21/asset-3178221.jpg",
    "content": "175g",
    "walkRouteSequenceNumber": 1485,
    "price": {
      "basicPrice": 5.09,
      "recommendedQuantity": "1.0",
      "measurementUnitPrice": 29.09,
      "measurementUnit": "K",
      "isRedPrice": false,
      "pricePerUOM": 29.09,
      "activationDate": "31-01-2024",
      "recordSource": "Offline",
      "isPromoActive": "N",
      "priceChangeCode": "E"
    },
    "isAvailable": true,
    "isPriceAvailable": true,
    "inPromo": false,
    "gtin": [
      "05411901063028",
      "05411901949148"
    ],
    "topCategoryName": "Koeken/Chocolade/Snoep",
    "topCategoryId": "335",
    "businessDomain": "RETAIL_BE",
    "IsPrivateLabel": false,
    "IsBiffe": false,
    "WeightconversionFactor": "0",
    "IsWeightArticle": false,
    "nutriscoreLabel": "E",
    "IsBio": false,
    "CountryOfOrigin": "BELGIË",
    "IsExclusivelySoldInLuxembourg": false,
    "OrderUnit": "P",
    "ShortName": "LIB PASEN FONDANT 175G",
    "InSeason": true,
    "IsNew": false,
    "EcoscoreLabel": "D",
    "RecentQuanityOfStockUnits": "1,20",
    "LongName": "LIBEERT zakje paasfiguur fondant 175g",
    "AlcoholVolume": "0",
    "StartSeasonDate": "25/10/2023",
    "FicCode": "E",
    "EcoscoreValue": "38"
  },
  {
    "productId": "692545",
    "technicalArticleNumber": "4420202",
    "commercialArticleNumber": "25698",
    "name": "mini wafel melkchocolade",
    "brand": "LOTUS SUZY",
    "seoBrand": "Lotus Suzy",
    "thumbNail": "https://static.colruytgroup.com/images/200x200/std.lang.all/71/52/asset-2397152.jpg",
    "fullImage": "https://static.colruytgroup.com/images/500x500/std.lang.all/71/52/asset-2397152.jpg",
    "squareImage": "https://static.colruytgroup.com/images/500x500sq/std.lang.all/71/52/asset-2397152.jpg",
    "content": "292g",
    "walkRouteSequenceNumber": 2022,
    "price": {
      "basicPrice": 3.35,
      "recommendedQuantity": "1.0",
      "measurementUnitPrice": 11.48,
      "measurementUnit": "K",
      "isRedPrice": false,
      "pricePerUOM": 11.48,
      "activationDate": "23-02-2024",
      "recordSource": "Offline",
      "isPromoActive": "N",
      "priceChangeCode": "L"
    },
    "isAvailable": true,
    "isPriceAvailable": true,
    "inPromo": false,
    "gtin": [
      "15410126012436",
      "05410126012439"
    ],
    "topCategoryName": "Koeken/Chocolade/Snoep",
    "topCategoryId": "335",
    "businessDomain": "RETAIL_BE",
    "IsPrivateLabel": false,
    "IsBiffe": false,
    "WeightconversionFactor": "0",
    "IsWeightArticle": false,
    "nutriscoreLabel": "E",
    "IsBio": false,
    "CountryOfOrigin": "BELGIË",
    "IsExclusivelySoldInLuxembourg": false,
    "OrderUnit": "P",
    "ShortName": "LOTU SUZ.M.WAFE.M.CH292",
    "IsNew": false,
    "RecentQuanityOfStockUnits": "1,10",
    "LongName": "LOTUS SUZY mini wafel melkchocolade 292g",
    "FicCode": "E"
  },
  {
    "productId": "338941",
    "technicalArticleNumber": "3831427",
    "commercialArticleNumber": "14675",
    "name": "aardbei 50st",
    "brand": "MENTOS PURE FRESH",
    "seoBrand": "Mentos",
    "thumbNail": "https://static.colruytgroup.com/images/200x200/std.lang.all/06/11/asset-3330611.jpg",
    "fullImage": "https://static.colruytgroup.com/images/500x500/std.lang.all/06/11/asset-3330611.jpg",
    "squareImage": "https://static.colruytgroup.com/images/500x500sq/std.lang.all/06/11/asset-3330611.jpg",
    "content": "100g",
    "walkRouteSequenceNumber": 18339,
    "price": {
      "basicPrice": 3.19,
      "recommendedQuantity": "1.0",
      "measurementUnitPrice": 0.064,
      "measurementUnit": "S",
      "isRedPrice": false,
      "pricePerUOM": 0.064,
      "activationDate": "14-02-2024",
      "recordSource": "Offline",
      "isPromoActive": "N",
      "priceChangeCode": "E"
    },
    "isAvailable": true,
    "isPriceAvailable": true,
    "inPromo": false,
    "gtin": [
      "00000080858003",
      "08723400819233"
    ],
    "topCategoryName": "Koeken/Chocolade/Snoep",
    "topCategoryId": "335",
    "businessDomain": "RETAIL_BE",
    "IsPrivateLabel": false,
    "IsBiffe": false,
    "WeightconversionFactor": "0",
    "IsWeightArticle": false,
    "nutriscoreLabel": "B",
    "IsBio": false,
    "CountryOfOrigin": "TURKIJE",
    "IsExclusivelySoldInLuxembourg": false,
    "OrderUnit": "P",
    "ShortName": "MENT PF AARDBEI 50ST",
    "IsNew": false,
    "EcoscoreLabel": "C",
    "RecentQuanityOfStockUnits": "1",
    "LongName": "MENTOS PURE FRESH aardbei 50st 100g",
    "AlcoholVolume": "0",
    "FicCode": "E",
    "EcoscoreValue": "42"
  },
  {
    "productId": "345923",
    "technicalArticleNumber": "3831086",
    "commercialArticleNumber": "51249",
    "name": "roulette",
    "brand": "HARIBO",
    "seoBrand": "Haribo",
    "thumbNail": "https://static.colruytgroup.com/images/200x200/std.lang.all/98/24/asset-2719824.jpg",
    "fullImage": "https://static.colruytgroup.com/images/500x500/std.lang.all/98/24/asset-2719824.jpg",
    "squareImage": "https://static.colruytgroup.com/images/500x500sq/std.lang.all/98/24/asset-2719824.jpg",
    "content": "250g",
    "walkRouteSequenceNumber": 1836,
    "price": {
      "basicPrice": 4.75,
      "recommendedQuantity": "1.0",
      "quantityPrice": 3.99,
      "quantityPriceQuantity": "2.0",
      "measurementUnitPrice": 19,
      "measurementUnitQuantityPrice": 15.96,
      "measurementUnit": "K",
      "isRedPrice": false,
      "pricePerUOM": 19,
      "activationDate": "22-03-2024",
      "recordSource": "Online",
      "isPromoActive": "N",
      "priceChangeCode": "E",
      "quantityPricePerUOM": 15.96,
      "quantityActivationDate": "22-03-2024",
      "quantityPriceChangeCode": "E"
    },
    "isAvailable": true,
    "isPriceAvailable": true,
    "inPromo": false,
    "gtin": [
      "04001686371091",
      "05391347000026",
      "04001686372944"
    ],
    "topCategoryName": "Koeken/Chocolade/Snoep",
    "topCategoryId": "335",
    "businessDomain": "RETAIL_BE",
    "IsPrivateLabel": false,
    "IsBiffe": false,
    "WeightconversionFactor": "0",
    "IsWeightArticle": false,
    "nutriscoreLabel": "D",
    "IsBio": false,
    "CountryOfOrigin": "DUITSLAND",
    "IsExclusivelySoldInLuxembourg": false,
    "OrderUnit": "P",
    "ShortName": "HARI ROULETTE 250G",
    "InSeason": true,
    "IsNew": false,
    "EcoscoreLabel": "B",
    "RecentQuanityOfStockUnits": "1",
    "LongName": "HARIBO roulette 250g",
    "AlcoholVolume": "0",
    "StartSeasonDate": "31/12/2021",
    "FicCode": "E",
    "EcoscoreValue": "69"
  },
  {
    "productId": "1631",
    "technicalArticleNumber": "21108",
    "commercialArticleNumber": "21108",
    "name": "Choco Leibniz melk",
    "brand": "BAHLSEN",
    "seoBrand": "Bahlsen",
    "thumbNail": "https://static.colruytgroup.com/images/200x200/std.lang.all/53/83/asset-3365383.jpg",
    "fullImage": "https://static.colruytgroup.com/images/500x500/std.lang.all/53/83/asset-3365383.jpg",
    "squareImage": "https://static.colruytgroup.com/images/500x500sq/std.lang.all/53/83/asset-3365383.jpg",
    "content": "125g",
    "walkRouteSequenceNumber": 2144,
    "price": {
      "basicPrice": 2.39,
      "recommendedQuantity": "2.0",
      "measurementUnitPrice": 19.12,
      "measurementUnit": "K",
      "isRedPrice": false,
      "pricePerUOM": 19.12,
      "activationDate": "13-03-2024",
      "recordSource": "Offline",
      "isPromoActive": "Y",
      "priceChangeCode": "E"
    },
    "isAvailable": true,
    "isPriceAvailable": true,
    "inPromo": true,
    "promotion": [
      {
        "techPromoId": "100912COLR",
        "promotionId": "100912",
        "promotionType": "3",
        "isPersonalized": "N",
        "publicationStartDate": "13-03-2024",
        "publicationEndDate": "26-03-2024"
      }
    ],
    "gtin": [
      "00000024211086",
      "04017100020919",
      "04017100290008",
      "05400141211085"
    ],
    "topCategoryName": "Koeken/Chocolade/Snoep",
    "topCategoryId": "335",
    "businessDomain": "RETAIL_BE",
    "IsPrivateLabel": false,
    "IsBiffe": false,
    "WeightconversionFactor": "0",
    "IsWeightArticle": false,
    "nutriscoreLabel": "E",
    "IsBio": false,
    "CountryOfOrigin": "DUITSLAND",
    "IsExclusivelySoldInLuxembourg": false,
    "OrderUnit": "P",
    "ShortName": "BAHL LEIBNIZ MELK 125G",
    "IsNew": false,
    "EcoscoreLabel": "D",
    "RecentQuanityOfStockUnits": "2,1",
    "LongName": "BAHLSEN Choco Leibniz melk 125g",
    "AlcoholVolume": "0",
    "FicCode": "E",
    "EcoscoreValue": "36"
  },
  {
    "productId": "11198",
    "technicalArticleNumber": "1372328",
    "commercialArticleNumber": "21754",
    "name": "Mergpijpjes marsepein",
    "brand": "LOTUS",
    "seoBrand": "Lotus",
    "thumbNail": "https://static.colruytgroup.com/images/200x200/std.lang.all/19/20/asset-1821920.jpg",
    "fullImage": "https://static.colruytgroup.com/images/500x500/std.lang.all/19/20/asset-1821920.jpg",
    "squareImage": "https://static.colruytgroup.com/images/500x500sq/std.lang.all/19/20/asset-1821920.jpg",
    "content": "200g",
    "walkRouteSequenceNumber": 2098,
    "price": {
      "basicPrice": 2.99,
      "recommendedQuantity": "1.0",
      "measurementUnitPrice": 14.95,
      "measurementUnit": "K",
      "isRedPrice": false,
      "pricePerUOM": 14.95,
      "activationDate": "22-02-2024",
      "recordSource": "Offline",
      "isPromoActive": "N",
      "priceChangeCode": "E"
    },
    "isAvailable": true,
    "isPriceAvailable": true,
    "inPromo": false,
    "gtin": [
      "08710434511110",
      "18710434511117"
    ],
    "topCategoryName": "Koeken/Chocolade/Snoep",
    "topCategoryId": "335",
    "businessDomain": "RETAIL_BE",
    "IsPrivateLabel": false,
    "IsBiffe": false,
    "WeightconversionFactor": "0",
    "IsWeightArticle": false,
    "nutriscoreLabel": "E",
    "IsBio": false,
    "CountryOfOrigin": "NEDERLAND",
    "IsExclusivelySoldInLuxembourg": false,
    "OrderUnit": "P",
    "ShortName": "LOTUS 7 MERGPIJPJES 200",
    "IsNew": false,
    "RecentQuanityOfStockUnits": "1",
    "LongName": "LOTUS Mergpijpjes marsepein 200g",
    "AlcoholVolume": "0",
    "FicCode": "E"
  },
  {
    "productId": "895591",
    "technicalArticleNumber": "4755655",
    "commercialArticleNumber": "8838",
    "name": "Greatest Hits",
    "brand": "HARIBO",
    "seoBrand": "Haribo",
    "thumbNail": "https://static.colruytgroup.com/images/200x200/std.lang.all/38/90/asset-3303890.jpg",
    "fullImage": "https://static.colruytgroup.com/images/500x500/std.lang.all/38/90/asset-3303890.jpg",
    "squareImage": "https://static.colruytgroup.com/images/500x500sq/std.lang.all/38/90/asset-3303890.jpg",
    "content": "475g",
    "walkRouteSequenceNumber": 1825,
    "price": {
      "basicPrice": 5.49,
      "recommendedQuantity": "1.0",
      "measurementUnitPrice": 11.56,
      "measurementUnit": "K",
      "isRedPrice": false,
      "pricePerUOM": 11.56,
      "activationDate": "03-01-2024",
      "isPromoActive": "N",
      "priceChangeCode": "H"
    },
    "isAvailable": true,
    "isPriceAvailable": true,
    "inPromo": false,
    "gtin": [
      "05996379749761",
      "05996379749754"
    ],
    "topCategoryName": "Koeken/Chocolade/Snoep",
    "topCategoryId": "335",
    "businessDomain": "RETAIL_BE",
    "IsPrivateLabel": false,
    "IsBiffe": false,
    "WeightconversionFactor": "0",
    "IsWeightArticle": false,
    "nutriscoreLabel": "D",
    "IsBio": false,
    "CountryOfOrigin": "HONGARIJE",
    "IsExclusivelySoldInLuxembourg": false,
    "OrderUnit": "P",
    "ShortName": "HARI GREATEST HITS 475G",
    "IsNew": false,
    "EcoscoreLabel": "C",
    "RecentQuanityOfStockUnits": "1",
    "LongName": "HARIBO Greatest Hits 475g",
    "FicCode": "E",
    "EcoscoreValue": "42"
  },
  {
    "productId": "794027",
    "technicalArticleNumber": "4602307",
    "commercialArticleNumber": "11964",
    "name": "biscuit",
    "brand": "M&M'S",
    "seoBrand": "M&M's",
    "thumbNail": "https://static.colruytgroup.com/images/200x200/std.lang.all/58/43/asset-2885843.jpg",
    "fullImage": "https://static.colruytgroup.com/images/500x500/std.lang.all/58/43/asset-2885843.jpg",
    "squareImage": "https://static.colruytgroup.com/images/500x500sq/std.lang.all/58/43/asset-2885843.jpg",
    "content": "198g",
    "walkRouteSequenceNumber": 1304,
    "price": {
      "basicPrice": 1.99,
      "recommendedQuantity": "1.0",
      "measurementUnitPrice": 10.06,
      "measurementUnit": "K",
      "isRedPrice": false,
      "pricePerUOM": 10.06,
      "activationDate": "23-03-2024",
      "recordSource": "Folder",
      "isPromoActive": "N",
      "priceChangeCode": "E"
    },
    "isAvailable": true,
    "isPriceAvailable": true,
    "inPromo": false,
    "gtin": [
      "05900951251801",
      "05900951251818"
    ],
    "topCategoryName": "Koeken/Chocolade/Snoep",
    "topCategoryId": "335",
    "businessDomain": "RETAIL_BE",
    "IsPrivateLabel": false,
    "IsBiffe": false,
    "WeightconversionFactor": "0",
    "IsWeightArticle": false,
    "nutriscoreLabel": "E",
    "IsBio": false,
    "CountryOfOrigin": "POLEN",
    "IsExclusivelySoldInLuxembourg": false,
    "OrderUnit": "P",
    "ShortName": "M&MS BISCUIT 198G",
    "IsNew": false,
    "RecentQuanityOfStockUnits": "1",
    "LongName": "M&M'S biscuit 198g",
    "FicCode": "E"
  },
  {
    "productId": "136541",
    "technicalArticleNumber": "3178696",
    "commercialArticleNumber": "15391",
    "name": "koeken Milk Choc",
    "description": "*Individueel verpakt",
    "brand": "OREO",
    "seoBrand": "Oreo",
    "thumbNail": "https://static.colruytgroup.com/images/200x200/std.lang.all/63/66/asset-396366.jpg",
    "fullImage": "https://static.colruytgroup.com/images/500x500/std.lang.all/63/66/asset-396366.jpg",
    "squareImage": "https://static.colruytgroup.com/images/500x500sq/std.lang.all/63/66/asset-396366.jpg",
    "content": "6x41g",
    "walkRouteSequenceNumber": 2219,
    "price": {
      "basicPrice": 2.79,
      "recommendedQuantity": "2.0",
      "measurementUnitPrice": 11.35,
      "measurementUnit": "K",
      "isRedPrice": false,
      "pricePerUOM": 11.35,
      "activationDate": "08-03-2024",
      "recordSource": "Offline",
      "isPromoActive": "N",
      "priceChangeCode": "E"
    },
    "isAvailable": true,
    "isPriceAvailable": true,
    "inPromo": false,
    "gtin": [
      "07622300491215",
      "07622300489403",
      "05400141391541",
      "07622300489434"
    ],
    "topCategoryName": "Koeken/Chocolade/Snoep",
    "topCategoryId": "335",
    "businessDomain": "RETAIL_BE",
    "IsPrivateLabel": false,
    "IsBiffe": false,
    "WeightconversionFactor": "0",
    "IsWeightArticle": false,
    "nutriscoreLabel": "E",
    "IsBio": false,
    "CountryOfOrigin": "ZWITSERLAND",
    "IsExclusivelySoldInLuxembourg": false,
    "OrderUnit": "P",
    "ShortName": "OREO COVERED MILK 246GR",
    "IsNew": false,
    "RecentQuanityOfStockUnits": "1,2,10",
    "LongName": "OREO koeken Milk Choc 6x41g",
    "AlcoholVolume": "0",
    "FicCode": "E"
  },
  {
    "productId": "183199",
    "technicalArticleNumber": "3339594",
    "commercialArticleNumber": "34200",
    "name": "grote galetten",
    "description": "*Individueel verpakt",
    "brand": "LA MÈRE POULARD",
    "seoBrand": "La Mère Poulard",
    "thumbNail": "https://static.colruytgroup.com/images/200x200/std.lang.all/00/59/asset-640059.jpg",
    "fullImage": "https://static.colruytgroup.com/images/500x500/std.lang.all/00/59/asset-640059.jpg",
    "squareImage": "https://static.colruytgroup.com/images/500x500sq/std.lang.all/00/59/asset-640059.jpg",
    "content": "135g",
    "walkRouteSequenceNumber": 2331,
    "price": {
      "basicPrice": 1.95,
      "recommendedQuantity": "1.0",
      "measurementUnitPrice": 14.45,
      "measurementUnit": "K",
      "isRedPrice": false,
      "pricePerUOM": 14.45,
      "activationDate": "17-02-2024",
      "isPromoActive": "N",
      "priceChangeCode": "E"
    },
    "isAvailable": true,
    "isPriceAvailable": true,
    "inPromo": false,
    "gtin": [
      "03472860001713",
      "03472860406327"
    ],
    "topCategoryName": "Koeken/Chocolade/Snoep",
    "topCategoryId": "335",
    "businessDomain": "RETAIL_BE",
    "IsPrivateLabel": false,
    "IsBiffe": false,
    "WeightconversionFactor": "0",
    "IsWeightArticle": false,
    "IsBio": false,
    "CountryOfOrigin": "BELGIË",
    "IsExclusivelySoldInLuxembourg": false,
    "OrderUnit": "P",
    "ShortName": "RE MP. GROOT GALET.135G",
    "IsNew": false,
    "RecentQuanityOfStockUnits": "1",
    "LongName": "LA MÈRE POULARD grote galetten 135g",
    "AlcoholVolume": "0",
    "FicCode": "E"
  },
  {
    "productId": "261976",
    "technicalArticleNumber": "3582766",
    "commercialArticleNumber": "50991",
    "name": "Zakje eieren melk color",
    "description": "*5 eieren",
    "brand": "LIBEERT",
    "seoBrand": "Libeert",
    "thumbNail": "https://static.colruytgroup.com/images/200x200/std.lang.all/86/37/asset-3178637.jpg",
    "fullImage": "https://static.colruytgroup.com/images/500x500/std.lang.all/86/37/asset-3178637.jpg",
    "squareImage": "https://static.colruytgroup.com/images/500x500sq/std.lang.all/86/37/asset-3178637.jpg",
    "content": "125g",
    "walkRouteSequenceNumber": 1477,
    "price": {
      "basicPrice": 3.99,
      "recommendedQuantity": "1.0",
      "measurementUnitPrice": 31.92,
      "measurementUnit": "K",
      "isRedPrice": false,
      "pricePerUOM": 31.92,
      "activationDate": "15-03-2024",
      "recordSource": "Offline",
      "isPromoActive": "N",
      "priceChangeCode": "L"
    },
    "isAvailable": true,
    "isPriceAvailable": true,
    "inPromo": false,
    "gtin": [
      "05411901603477",
      "05411901949452"
    ],
    "topCategoryName": "Koeken/Chocolade/Snoep",
    "topCategoryId": "335",
    "businessDomain": "RETAIL_BE",
    "IsPrivateLabel": false,
    "IsBiffe": false,
    "WeightconversionFactor": "0",
    "IsWeightArticle": false,
    "nutriscoreLabel": "E",
    "IsBio": false,
    "CountryOfOrigin": "BELGIË",
    "IsExclusivelySoldInLuxembourg": false,
    "OrderUnit": "P",
    "ShortName": "LIBE EI MELKCH.DECO125G",
    "InSeason": true,
    "IsNew": false,
    "EcoscoreLabel": "C",
    "RecentQuanityOfStockUnits": "1,20",
    "LongName": "LIBEERT Zakje eieren melk color 125g",
    "AlcoholVolume": "0",
    "StartSeasonDate": "25/10/2023",
    "FicCode": "E",
    "EcoscoreValue": "43"
  },
  {
    "productId": "472969",
    "technicalArticleNumber": "4063389",
    "commercialArticleNumber": "7065",
    "name": "Peppermint",
    "brand": "FRISK",
    "seoBrand": "Frisk",
    "thumbNail": "https://static.colruytgroup.com/images/200x200/std.lang.all/15/05/asset-1761505.jpg",
    "fullImage": "https://static.colruytgroup.com/images/500x500/std.lang.all/15/05/asset-1761505.jpg",
    "squareImage": "https://static.colruytgroup.com/images/500x500sq/std.lang.all/15/05/asset-1761505.jpg",
    "content": "105g",
    "walkRouteSequenceNumber": 18372,
    "price": {
      "basicPrice": 4.99,
      "recommendedQuantity": "1.0",
      "measurementUnitPrice": 47.53,
      "measurementUnit": "K",
      "isRedPrice": false,
      "pricePerUOM": 47.53,
      "activationDate": "28-02-2024",
      "recordSource": "Offline",
      "isPromoActive": "N",
      "priceChangeCode": "E"
    },
    "isAvailable": true,
    "isPriceAvailable": true,
    "inPromo": false,
    "gtin": [
      "00000087345025",
      "08723400784913",
      "08723400784944"
    ],
    "topCategoryName": "Koeken/Chocolade/Snoep",
    "topCategoryId": "335",
    "businessDomain": "RETAIL_BE",
    "IsPrivateLabel": false,
    "IsBiffe": false,
    "WeightconversionFactor": "0",
    "IsWeightArticle": false,
    "nutriscoreLabel": "C",
    "IsBio": false,
    "CountryOfOrigin": "TURKIJE",
    "IsExclusivelySoldInLuxembourg": false,
    "OrderUnit": "P",
    "ShortName": "FRIS PEPPERMINT 105G",
    "IsNew": false,
    "EcoscoreLabel": "B",
    "RecentQuanityOfStockUnits": "1,8",
    "LongName": "FRISK Peppermint 105g",
    "FicCode": "E",
    "EcoscoreValue": "66"
  },
  {
    "productId": "748424",
    "technicalArticleNumber": "4518102",
    "commercialArticleNumber": "3074",
    "name": "Peppermint 36st",
    "brand": "SMART",
    "seoBrand": "SMART",
    "thumbNail": "https://static.colruytgroup.com/images/200x200/std.lang.all/02/01/asset-2660201.jpg",
    "fullImage": "https://static.colruytgroup.com/images/500x500/std.lang.all/02/01/asset-2660201.jpg",
    "squareImage": "https://static.colruytgroup.com/images/500x500sq/std.lang.all/02/01/asset-2660201.jpg",
    "content": "40g",
    "walkRouteSequenceNumber": 18411,
    "price": {
      "basicPrice": 1.09,
      "recommendedQuantity": "1.0",
      "measurementUnitPrice": 0.031,
      "measurementUnit": "S",
      "isRedPrice": false,
      "pricePerUOM": 0.031,
      "activationDate": "08-02-2024",
      "isPromoActive": "N",
      "priceChangeCode": "H"
    },
    "isAvailable": true,
    "isPriceAvailable": true,
    "inPromo": false,
    "gtin": [
      "05400265171128",
      "05400265007687"
    ],
    "topCategoryName": "Koeken/Chocolade/Snoep",
    "topCategoryId": "335",
    "businessDomain": "RETAIL_BE",
    "IsPrivateLabel": false,
    "IsBiffe": false,
    "WeightconversionFactor": "0",
    "IsWeightArticle": false,
    "nutriscoreLabel": "B",
    "IsBio": false,
    "CountryOfOrigin": "MAROKKO",
    "IsExclusivelySoldInLuxembourg": false,
    "OrderUnit": "P",
    "ShortName": "SMAR KAUWGOM PEPP.SV36",
    "IsNew": false,
    "EcoscoreLabel": "C",
    "RecentQuanityOfStockUnits": "1",
    "LongName": "SMART Peppermint 36st 40g",
    "FicCode": "E",
    "EcoscoreValue": "42"
  },
  {
    "productId": "334663",
    "technicalArticleNumber": "3806920",
    "commercialArticleNumber": "14589",
    "name": "Clean Breath peppermint",
    "brand": "FRISK",
    "seoBrand": "Frisk",
    "thumbNail": "https://static.colruytgroup.com/images/200x200/std.lang.all/05/92/asset-1450592.jpg",
    "fullImage": "https://static.colruytgroup.com/images/500x500/std.lang.all/05/92/asset-1450592.jpg",
    "squareImage": "https://static.colruytgroup.com/images/500x500sq/std.lang.all/05/92/asset-1450592.jpg",
    "content": "35g",
    "walkRouteSequenceNumber": 18346,
    "price": {
      "basicPrice": 2.29,
      "recommendedQuantity": "1.0",
      "quantityPrice": 1.99,
      "quantityPriceQuantity": "2.0",
      "measurementUnitPrice": 65.43,
      "measurementUnitQuantityPrice": 56.86,
      "measurementUnit": "K",
      "isRedPrice": false,
      "pricePerUOM": 65.43,
      "activationDate": "05-03-2024",
      "recordSource": "Offline",
      "isPromoActive": "N",
      "priceChangeCode": "L",
      "quantityPricePerUOM": 56.86,
      "quantityActivationDate": "05-03-2024",
      "quantityPriceChangeCode": "E"
    },
    "isAvailable": true,
    "isPriceAvailable": true,
    "inPromo": false,
    "gtin": [
      "00000054138391",
      "05412841606504",
      "05412841606481"
    ],
    "topCategoryName": "Koeken/Chocolade/Snoep",
    "topCategoryId": "335",
    "businessDomain": "RETAIL_BE",
    "IsPrivateLabel": false,
    "IsBiffe": false,
    "WeightconversionFactor": "0",
    "IsWeightArticle": false,
    "nutriscoreLabel": "C",
    "IsBio": false,
    "CountryOfOrigin": "TURKIJE",
    "IsExclusivelySoldInLuxembourg": false,
    "OrderUnit": "P",
    "ShortName": "FRIS CLEAN BR.PEPPERM35",
    "InSeason": true,
    "IsNew": false,
    "EcoscoreLabel": "B",
    "RecentQuanityOfStockUnits": "1,12",
    "LongName": "FRISK Clean Breath peppermint 35g",
    "AlcoholVolume": "0",
    "StartSeasonDate": "21/02/2022",
    "FicCode": "E",
    "EcoscoreValue": "66"
  },
  {
    "productId": "1478",
    "technicalArticleNumber": "20084",
    "commercialArticleNumber": "20084",
    "name": "callets puur 54,5% cacao",
    "description": "*Min. 53,8 %\ncacaobestanddelen\n*Belgische chocolade\n*Altijd met factuur",
    "brand": "CALLEBAUT",
    "seoBrand": "Callebaut",
    "thumbNail": "https://static.colruytgroup.com/images/200x200/std.lang.all/32/37/asset-1733237.jpg",
    "fullImage": "https://static.colruytgroup.com/images/500x500/std.lang.all/32/37/asset-1733237.jpg",
    "squareImage": "https://static.colruytgroup.com/images/500x500sq/std.lang.all/32/37/asset-1733237.jpg",
    "content": "2,5kg",
    "walkRouteSequenceNumber": 1299,
    "price": {
      "basicPrice": 29.99,
      "recommendedQuantity": "1.0",
      "measurementUnitPrice": 12,
      "measurementUnit": "K",
      "isRedPrice": false,
      "pricePerUOM": 12,
      "activationDate": "02-01-2024",
      "isPromoActive": "N",
      "priceChangeCode": "E"
    },
    "isAvailable": true,
    "isPriceAvailable": true,
    "inPromo": false,
    "gtin": [
      "05410522513257",
      "15410522569879",
      "05410522456417",
      "05410522456400",
      "05410522233759",
      "05410522233742",
      "05410522023213",
      "05410522534399",
      "05410522513240"
    ],
    "topCategoryName": "Koeken/Chocolade/Snoep",
    "topCategoryId": "335",
    "businessDomain": "RETAIL_BE",
    "IsPrivateLabel": false,
    "IsBiffe": false,
    "WeightconversionFactor": "0",
    "IsWeightArticle": false,
    "nutriscoreLabel": "E",
    "IsBio": false,
    "CountryOfOrigin": "BELGIË",
    "IsExclusivelySoldInLuxembourg": false,
    "OrderUnit": "P",
    "ShortName": "HC CALL 811CAL.DARK 2K5",
    "IsNew": false,
    "EcoscoreLabel": "E",
    "RecentQuanityOfStockUnits": "4,1",
    "LongName": "CALLEBAUT callets puur 54,5% cacao 2,5kg",
    "AlcoholVolume": "0",
    "FicCode": "E",
    "EcoscoreValue": "15"
  },
  {
    "productId": "332236",
    "technicalArticleNumber": "3800860",
    "commercialArticleNumber": "13225",
    "name": "Nicaragua puur 72%",
    "brand": "BONI",
    "seoBrand": "Boni Selection",
    "thumbNail": "https://static.colruytgroup.com/images/200x200/std.lang.all/80/63/asset-3348063.jpg",
    "fullImage": "https://static.colruytgroup.com/images/500x500/std.lang.all/80/63/asset-3348063.jpg",
    "squareImage": "https://static.colruytgroup.com/images/500x500sq/std.lang.all/80/63/asset-3348063.jpg",
    "content": "100g",
    "walkRouteSequenceNumber": 1332,
    "price": {
      "basicPrice": 1.45,
      "recommendedQuantity": "1.0",
      "measurementUnitPrice": 14.5,
      "measurementUnit": "K",
      "isRedPrice": false,
      "pricePerUOM": 14.5,
      "activationDate": "06-03-2024",
      "isPromoActive": "N",
      "priceChangeCode": "H"
    },
    "isAvailable": true,
    "isPriceAvailable": true,
    "inPromo": false,
    "gtin": [
      "05400141275599",
      "05400141213324",
      "15400141275596",
      "15400141213321"
    ],
    "topCategoryName": "Koeken/Chocolade/Snoep",
    "topCategoryId": "335",
    "businessDomain": "RETAIL_BE",
    "IsPrivateLabel": true,
    "IsBiffe": false,
    "WeightconversionFactor": "0",
    "IsWeightArticle": false,
    "nutriscoreLabel": "D",
    "IsBio": false,
    "CountryOfOrigin": "NICARAGUA",
    "IsExclusivelySoldInLuxembourg": false,
    "OrderUnit": "P",
    "ShortName": "BONI NICAR.PUUR72% 100G",
    "IsNew": false,
    "EcoscoreLabel": "D",
    "RecentQuanityOfStockUnits": "1",
    "LongName": "BONI Nicaragua puur 72% 100g",
    "AlcoholVolume": "0",
    "FicCode": "I",
    "EcoscoreValue": "37"
  },
  {
    "productId": "56170",
    "technicalArticleNumber": "2473264",
    "commercialArticleNumber": "38385",
    "name": "BEST OF OUR MINIS",
    "brand": "MARS",
    "seoBrand": "Mars",
    "thumbNail": "https://static.colruytgroup.com/images/200x200/std.lang.all/39/01/asset-393901.jpg",
    "fullImage": "https://static.colruytgroup.com/images/500x500/std.lang.all/39/01/asset-393901.jpg",
    "squareImage": "https://static.colruytgroup.com/images/500x500sq/std.lang.all/39/01/asset-393901.jpg",
    "content": "1,425kg",
    "walkRouteSequenceNumber": 1456,
    "price": {
      "basicPrice": 17.49,
      "recommendedQuantity": "1.0",
      "measurementUnitPrice": 12.28,
      "measurementUnit": "K",
      "isRedPrice": false,
      "pricePerUOM": 12.28,
      "activationDate": "22-03-2024",
      "recordSource": "Offline",
      "isPromoActive": "N",
      "priceChangeCode": "L"
    },
    "isAvailable": true,
    "isPriceAvailable": true,
    "inPromo": false,
    "gtin": [
      "05000159561013",
      "05000159560993",
      "05000159410434",
      "05000159410410"
    ],
    "topCategoryName": "Koeken/Chocolade/Snoep",
    "topCategoryId": "335",
    "businessDomain": "RETAIL_BE",
    "IsPrivateLabel": false,
    "IsBiffe": false,
    "WeightconversionFactor": "0",
    "IsWeightArticle": false,
    "nutriscoreLabel": "E",
    "IsBio": false,
    "CountryOfOrigin": "BELGIË",
    "IsExclusivelySoldInLuxembourg": false,
    "OrderUnit": "P",
    "ShortName": "BEST OF MINI 1KG425",
    "IsNew": false,
    "RecentQuanityOfStockUnits": "1,1",
    "LongName": "MARS BEST OF OUR MINIS 1,425kg",
    "AlcoholVolume": "0",
    "FicCode": "E"
  },
  {
    "productId": "55010",
    "technicalArticleNumber": "2326737",
    "commercialArticleNumber": "18476",
    "name": "mini",
    "brand": "NESTLÉ LION",
    "seoBrand": "Nestlé Lion",
    "thumbNail": "https://static.colruytgroup.com/images/200x200/std.lang.all/35/89/asset-2523589.jpg",
    "fullImage": "https://static.colruytgroup.com/images/500x500/std.lang.all/35/89/asset-2523589.jpg",
    "squareImage": "https://static.colruytgroup.com/images/500x500sq/std.lang.all/35/89/asset-2523589.jpg",
    "content": "350g",
    "walkRouteSequenceNumber": 1454,
    "price": {
      "basicPrice": 3.51,
      "recommendedQuantity": "2.0",
      "measurementUnitPrice": 10.03,
      "measurementUnit": "K",
      "isRedPrice": false,
      "pricePerUOM": 10.03,
      "activationDate": "23-03-2024",
      "recordSource": "Offline",
      "isPromoActive": "N",
      "priceChangeCode": "H"
    },
    "isAvailable": true,
    "isPriceAvailable": true,
    "inPromo": false,
    "gtin": [
      "05400141184761",
      "07613032638801",
      "07613039404829",
      "07613032638818"
    ],
    "topCategoryName": "Koeken/Chocolade/Snoep",
    "topCategoryId": "335",
    "businessDomain": "RETAIL_BE",
    "IsPrivateLabel": false,
    "IsBiffe": false,
    "WeightconversionFactor": "0",
    "IsWeightArticle": false,
    "nutriscoreLabel": "E",
    "IsBio": false,
    "CountryOfOrigin": "FRANKRIJK",
    "IsExclusivelySoldInLuxembourg": false,
    "OrderUnit": "P",
    "ShortName": "LION MINI 350GR.",
    "IsNew": false,
    "RecentQuanityOfStockUnits": "2,1,12",
    "LongName": "NESTLÉ LION mini 350g",
    "AlcoholVolume": "0",
    "FicCode": "E"
  },
  {
    "productId": "361908",
    "technicalArticleNumber": "3784569",
    "commercialArticleNumber": "51177",
    "name": "pointe de sel Bio",
    "description": "*70% cacao",
    "brand": "CÔTE D'OR",
    "seoBrand": "Côte d'Or",
    "thumbNail": "https://static.colruytgroup.com/images/200x200/std.lang.all/52/19/asset-1525219.jpg",
    "fullImage": "https://static.colruytgroup.com/images/500x500/std.lang.all/52/19/asset-1525219.jpg",
    "squareImage": "https://static.colruytgroup.com/images/500x500sq/std.lang.all/52/19/asset-1525219.jpg",
    "content": "90g",
    "walkRouteSequenceNumber": 1399,
    "price": {
      "basicPrice": 2.85,
      "recommendedQuantity": "1.0",
      "measurementUnitPrice": 31.67,
      "measurementUnit": "K",
      "isRedPrice": false,
      "pricePerUOM": 31.67,
      "activationDate": "15-02-2024",
      "recordSource": "Offline",
      "isPromoActive": "N",
      "priceChangeCode": "E"
    },
    "isAvailable": true,
    "isPriceAvailable": true,
    "inPromo": false,
    "gtin": [
      "07622210869593",
      "07622210724557"
    ],
    "topCategoryName": "Koeken/Chocolade/Snoep",
    "topCategoryId": "335",
    "businessDomain": "RETAIL_BE",
    "IsPrivateLabel": false,
    "IsBiffe": false,
    "WeightconversionFactor": "0",
    "IsWeightArticle": false,
    "nutriscoreLabel": "E",
    "IsBio": true,
    "CountryOfOrigin": "ITALIË",
    "IsExclusivelySoldInLuxembourg": false,
    "OrderUnit": "P",
    "ShortName": "CD BIO 70% PTE SEL90",
    "IsNew": false,
    "RecentQuanityOfStockUnits": "1",
    "LongName": "CÔTE D'OR pointe de sel Bio 90g",
    "AlcoholVolume": "0",
    "FicCode": "E"
  },
  {
    "productId": "289042",
    "technicalArticleNumber": "3693497",
    "commercialArticleNumber": "16383",
    "name": "chocolade paaskip",
    "brand": "BONI",
    "seoBrand": "Boni Selection",
    "thumbNail": "https://static.colruytgroup.com/images/200x200/std.lang.all/15/13/asset-2371513.jpg",
    "fullImage": "https://static.colruytgroup.com/images/500x500/std.lang.all/15/13/asset-2371513.jpg",
    "squareImage": "https://static.colruytgroup.com/images/500x500sq/std.lang.all/15/13/asset-2371513.jpg",
    "content": "150g",
    "walkRouteSequenceNumber": 1649,
    "price": {
      "basicPrice": 2.99,
      "recommendedQuantity": "1.0",
      "measurementUnitPrice": 19.94,
      "measurementUnit": "K",
      "isRedPrice": false,
      "pricePerUOM": 19.94,
      "activationDate": "15-03-2024",
      "isPromoActive": "N",
      "priceChangeCode": "H"
    },
    "isAvailable": true,
    "isPriceAvailable": true,
    "inPromo": false,
    "gtin": [
      "25400141602443",
      "15400141358251",
      "15400141531067",
      "05400141531060",
      "05400141358254",
      "05400141140224",
      "05400141602449",
      "15400141602446"
    ],
    "topCategoryName": "Koeken/Chocolade/Snoep",
    "topCategoryId": "335",
    "businessDomain": "RETAIL_BE",
    "IsPrivateLabel": true,
    "IsBiffe": false,
    "WeightconversionFactor": "0",
    "IsWeightArticle": false,
    "nutriscoreLabel": "E",
    "IsBio": false,
    "CountryOfOrigin": "BELGIË",
    "IsExclusivelySoldInLuxembourg": false,
    "OrderUnit": "P",
    "ShortName": "BONI FIGUURTJES KIP 150",
    "InSeason": true,
    "IsNew": false,
    "EcoscoreLabel": "D",
    "RecentQuanityOfStockUnits": "1,21",
    "LongName": "BONI chocolade paaskip 150g",
    "AlcoholVolume": "0",
    "StartSeasonDate": "25/10/2023",
    "FicCode": "I",
    "EcoscoreValue": "28"
  },
  {
    "productId": "1113",
    "technicalArticleNumber": "16635",
    "commercialArticleNumber": "16635",
    "name": "peperkoek honing suiker",
    "brand": "VONDELMOLEN",
    "seoBrand": "Vondelmolen",
    "thumbNail": "https://static.colruytgroup.com/images/200x200/std.lang.all/85/22/asset-2828522.jpg",
    "fullImage": "https://static.colruytgroup.com/images/500x500/std.lang.all/85/22/asset-2828522.jpg",
    "squareImage": "https://static.colruytgroup.com/images/500x500sq/std.lang.all/85/22/asset-2828522.jpg",
    "content": "500g",
    "walkRouteSequenceNumber": 17575,
    "price": {
      "basicPrice": 4.89,
      "recommendedQuantity": "1.0",
      "measurementUnitPrice": 9.78,
      "measurementUnit": "K",
      "isRedPrice": false,
      "pricePerUOM": 9.78,
      "activationDate": "13-03-2024",
      "recordSource": "Offline",
      "isPromoActive": "N",
      "priceChangeCode": "E"
    },
    "isAvailable": true,
    "isPriceAvailable": true,
    "inPromo": false,
    "gtin": [
      "05410383011015",
      "15410383011012"
    ],
    "topCategoryName": "Brood/Ontbijt",
    "topCategoryId": "124",
    "businessDomain": "RETAIL_BE",
    "IsPrivateLabel": false,
    "IsBiffe": false,
    "WeightconversionFactor": "0",
    "IsWeightArticle": false,
    "nutriscoreLabel": "E",
    "IsBio": false,
    "CountryOfOrigin": "BELGIË",
    "IsExclusivelySoldInLuxembourg": false,
    "OrderUnit": "P",
    "ShortName": "VONDEL HONINGK.SUIK500G",
    "IsNew": false,
    "EcoscoreLabel": "A",
    "RecentQuanityOfStockUnits": "1,12",
    "LongName": "VONDELMOLEN peperkoek honing suiker 500g",
    "AlcoholVolume": "0",
    "FicCode": "E",
    "EcoscoreValue": "84"
  },
  {
    "productId": "588535",
    "technicalArticleNumber": "4245819",
    "commercialArticleNumber": "20282",
    "name": "tablet caramel salé",
    "brand": "CÔTE D'OR",
    "seoBrand": "Côte d'Or",
    "thumbNail": "https://static.colruytgroup.com/images/200x200/std.lang.all/10/01/asset-2141001.jpg",
    "fullImage": "https://static.colruytgroup.com/images/500x500/std.lang.all/10/01/asset-2141001.jpg",
    "squareImage": "https://static.colruytgroup.com/images/500x500sq/std.lang.all/10/01/asset-2141001.jpg",
    "content": "150g",
    "walkRouteSequenceNumber": 1413,
    "price": {
      "basicPrice": 2.65,
      "recommendedQuantity": "1.0",
      "measurementUnitPrice": 17.67,
      "measurementUnit": "K",
      "isRedPrice": false,
      "pricePerUOM": 17.67,
      "activationDate": "06-03-2024",
      "recordSource": "Offline",
      "isPromoActive": "N",
      "priceChangeCode": "H"
    },
    "isAvailable": true,
    "isPriceAvailable": true,
    "inPromo": false,
    "gtin": [
      "07622210677105",
      "07622210673503"
    ],
    "topCategoryName": "Koeken/Chocolade/Snoep",
    "topCategoryId": "335",
    "businessDomain": "RETAIL_BE",
    "IsPrivateLabel": false,
    "IsBiffe": false,
    "WeightconversionFactor": "0",
    "IsWeightArticle": false,
    "nutriscoreLabel": "E",
    "IsBio": false,
    "CountryOfOrigin": "POLEN",
    "IsExclusivelySoldInLuxembourg": false,
    "OrderUnit": "P",
    "ShortName": "C.DO MELK KARAM-ZEEZ150",
    "IsNew": false,
    "RecentQuanityOfStockUnits": "1",
    "LongName": "CÔTE D'OR tablet caramel salé 150g",
    "FicCode": "E"
  },
  {
    "productId": "226237",
    "technicalArticleNumber": "3564947",
    "commercialArticleNumber": "12693",
    "name": "70% cacao",
    "description": "*70 % cacao",
    "brand": "LINDT EXCELLENCE",
    "seoBrand": "Lindt Excellence",
    "thumbNail": "https://static.colruytgroup.com/images/200x200/std.lang.all/87/10/asset-1118710.jpg",
    "fullImage": "https://static.colruytgroup.com/images/500x500/std.lang.all/87/10/asset-1118710.jpg",
    "squareImage": "https://static.colruytgroup.com/images/500x500sq/std.lang.all/87/10/asset-1118710.jpg",
    "content": "100g",
    "walkRouteSequenceNumber": 1384,
    "price": {
      "basicPrice": 2.29,
      "recommendedQuantity": "1.0",
      "measurementUnitPrice": 22.9,
      "measurementUnit": "K",
      "isRedPrice": false,
      "pricePerUOM": 22.9,
      "activationDate": "07-03-2024",
      "recordSource": "Offline",
      "isPromoActive": "N",
      "priceChangeCode": "H"
    },
    "isAvailable": true,
    "isPriceAvailable": true,
    "inPromo": false,
    "gtin": [
      "03046920028004",
      "03046920178181"
    ],
    "topCategoryName": "Koeken/Chocolade/Snoep",
    "topCategoryId": "335",
    "businessDomain": "RETAIL_BE",
    "IsPrivateLabel": false,
    "IsBiffe": false,
    "WeightconversionFactor": "0",
    "IsWeightArticle": false,
    "nutriscoreLabel": "E",
    "IsBio": false,
    "CountryOfOrigin": "ZWITSERLAND",
    "IsExclusivelySoldInLuxembourg": false,
    "OrderUnit": "P",
    "ShortName": "LINDT EXCELLENCE70%100G",
    "IsNew": false,
    "EcoscoreLabel": "E",
    "RecentQuanityOfStockUnits": "1",
    "LongName": "LINDT EXCELLENCE 70% cacao 100g",
    "AlcoholVolume": "0",
    "FicCode": "E",
    "EcoscoreValue": "15"
  },
  {
    "productId": "250803",
    "technicalArticleNumber": "3614285",
    "commercialArticleNumber": "18962",
    "name": "Ontb.koek hon-cho-hazel",
    "description": "*Individueel verpakt",
    "brand": "LU BELVITA",
    "seoBrand": "LU belVita",
    "thumbNail": "https://static.colruytgroup.com/images/200x200/std.lang.all/59/36/asset-1105936.jpg",
    "fullImage": "https://static.colruytgroup.com/images/500x500/std.lang.all/59/36/asset-1105936.jpg",
    "squareImage": "https://static.colruytgroup.com/images/500x500sq/std.lang.all/59/36/asset-1105936.jpg",
    "content": "6x50g",
    "walkRouteSequenceNumber": 2317,
    "price": {
      "basicPrice": 2.59,
      "recommendedQuantity": "1.0",
      "measurementUnitPrice": 8.64,
      "measurementUnit": "K",
      "isRedPrice": false,
      "pricePerUOM": 8.64,
      "activationDate": "06-03-2024",
      "recordSource": "Offline",
      "isPromoActive": "N",
      "priceChangeCode": "H"
    },
    "isAvailable": true,
    "isPriceAvailable": true,
    "inPromo": false,
    "gtin": [
      "07622202020049",
      "07622210707598",
      "07622210707581"
    ],
    "topCategoryName": "Brood/Ontbijt",
    "topCategoryId": "124",
    "businessDomain": "RETAIL_BE",
    "IsPrivateLabel": false,
    "IsBiffe": false,
    "WeightconversionFactor": "0",
    "IsWeightArticle": false,
    "IsBio": false,
    "CountryOfOrigin": "TSJECHIË (REPUBLIEK)",
    "IsExclusivelySoldInLuxembourg": false,
    "OrderUnit": "P",
    "ShortName": "LU BELV.HON.CHOC.HAZ300",
    "IsNew": false,
    "RecentQuanityOfStockUnits": "1",
    "LongName": "LU BELVITA Ontb.koek hon-cho-hazel 6x50g",
    "AlcoholVolume": "0",
    "FicCode": "E"
  },
  {
    "productId": "384659",
    "technicalArticleNumber": "3838280",
    "commercialArticleNumber": "51268",
    "name": "Choco Pouch",
    "brand": "M&M'S",
    "seoBrand": "M&M's",
    "thumbNail": "https://ecgproductmw.colruytgroup.com/ecgproductmw/noPicForArticle_2.jpg",
    "fullImage": "https://ecgproductmw.colruytgroup.com/ecgproductmw/noPicForArticle_5.jpg",
    "squareImage": "https://ecgproductmw.colruytgroup.com/ecgproductmw/noPicForArticle_5.jpg",
    "content": "330g",
    "walkRouteSequenceNumber": 1460,
    "price": {
      "basicPrice": 3.19,
      "recommendedQuantity": "2.0",
      "measurementUnitPrice": 9.67,
      "measurementUnit": "K",
      "isRedPrice": false,
      "pricePerUOM": 9.67,
      "activationDate": "02-03-2024",
      "recordSource": "Offline",
      "isPromoActive": "N",
      "priceChangeCode": "H"
    },
    "isAvailable": true,
    "isPriceAvailable": true,
    "inPromo": false,
    "gtin": [
      "05900951264665",
      "05900951264672",
      "05400141237412"
    ],
    "topCategoryName": "Koeken/Chocolade/Snoep",
    "topCategoryId": "335",
    "businessDomain": "RETAIL_BE",
    "IsPrivateLabel": false,
    "IsBiffe": false,
    "WeightconversionFactor": "0",
    "IsWeightArticle": false,
    "nutriscoreLabel": "E",
    "IsBio": false,
    "CountryOfOrigin": "FRANKRIJK",
    "IsExclusivelySoldInLuxembourg": false,
    "OrderUnit": "P",
    "ShortName": "M&M CHOCO POUCH 330G",
    "IsNew": false,
    "RecentQuanityOfStockUnits": "2,1",
    "LongName": "M&M'S Choco Pouch 330g",
    "AlcoholVolume": "0",
    "FicCode": "E"
  },
  {
    "productId": "12413",
    "technicalArticleNumber": "1225451",
    "commercialArticleNumber": "16650",
    "name": "honingkoek 10x2st",
    "description": "*Individueel verpakt",
    "brand": "MELI",
    "seoBrand": "Meli",
    "thumbNail": "https://static.colruytgroup.com/images/200x200/std.lang.all/83/80/asset-1758380.jpg",
    "fullImage": "https://static.colruytgroup.com/images/500x500/std.lang.all/83/80/asset-1758380.jpg",
    "squareImage": "https://static.colruytgroup.com/images/500x500sq/std.lang.all/83/80/asset-1758380.jpg",
    "content": "400g",
    "walkRouteSequenceNumber": 17578,
    "price": {
      "basicPrice": 3.45,
      "recommendedQuantity": "1.0",
      "measurementUnitPrice": 8.63,
      "measurementUnit": "K",
      "isRedPrice": false,
      "pricePerUOM": 8.63,
      "activationDate": "21-03-2024",
      "recordSource": "Folder",
      "isPromoActive": "N",
      "priceChangeCode": "L"
    },
    "isAvailable": true,
    "isPriceAvailable": true,
    "inPromo": true,
    "promotion": [
      {
        "techPromoId": "100875COLR",
        "promotionId": "100875",
        "promotionType": "3",
        "isPersonalized": "N",
        "publicationStartDate": "13-03-2024",
        "publicationEndDate": "26-03-2024"
      }
    ],
    "gtin": [
      "05410038403004",
      "05410038403011"
    ],
    "topCategoryName": "Brood/Ontbijt",
    "topCategoryId": "124",
    "businessDomain": "RETAIL_BE",
    "IsPrivateLabel": false,
    "IsBiffe": false,
    "WeightconversionFactor": "0",
    "IsWeightArticle": false,
    "nutriscoreLabel": "D",
    "IsBio": false,
    "CountryOfOrigin": "BELGIË",
    "IsExclusivelySoldInLuxembourg": false,
    "OrderUnit": "P",
    "ShortName": "MELINETTE 10X2SN. 400G",
    "IsNew": false,
    "EcoscoreLabel": "B",
    "RecentQuanityOfStockUnits": "1,12",
    "LongName": "MELI honingkoek 10x2st 400g",
    "AlcoholVolume": "0",
    "FicCode": "E",
    "EcoscoreValue": "66"
  },
  {
    "productId": "209020",
    "technicalArticleNumber": "3512054",
    "commercialArticleNumber": "50592",
    "name": "koeken Double extra vanille",
    "brand": "OREO",
    "seoBrand": "Oreo",
    "thumbNail": "https://static.colruytgroup.com/images/200x200/std.lang.all/96/41/asset-1919641.jpg",
    "fullImage": "https://static.colruytgroup.com/images/500x500/std.lang.all/96/41/asset-1919641.jpg",
    "squareImage": "https://static.colruytgroup.com/images/500x500sq/std.lang.all/96/41/asset-1919641.jpg",
    "content": "157g",
    "walkRouteSequenceNumber": 2221,
    "price": {
      "basicPrice": 1.99,
      "recommendedQuantity": "2.0",
      "measurementUnitPrice": 12.68,
      "measurementUnit": "K",
      "isRedPrice": false,
      "pricePerUOM": 12.68,
      "activationDate": "23-03-2024",
      "recordSource": "Offline",
      "isPromoActive": "N",
      "priceChangeCode": "H"
    },
    "isAvailable": true,
    "isPriceAvailable": true,
    "inPromo": false,
    "gtin": [
      "07622210137265",
      "07622210137258",
      "05400141464221"
    ],
    "topCategoryName": "Koeken/Chocolade/Snoep",
    "topCategoryId": "335",
    "businessDomain": "RETAIL_BE",
    "IsPrivateLabel": false,
    "IsBiffe": false,
    "WeightconversionFactor": "0",
    "IsWeightArticle": false,
    "nutriscoreLabel": "E",
    "IsBio": false,
    "CountryOfOrigin": "SPANJE",
    "IsExclusivelySoldInLuxembourg": false,
    "OrderUnit": "P",
    "ShortName": "OREO DOUBLE 157G",
    "IsNew": false,
    "RecentQuanityOfStockUnits": "2,16,1",
    "LongName": "OREO koeken Double extra vanille 157g",
    "AlcoholVolume": "0",
    "FicCode": "E"
  },
  {
    "productId": "802325",
    "technicalArticleNumber": "4617823",
    "commercialArticleNumber": "11277",
    "name": "peanut pouch",
    "brand": "M&M'S",
    "seoBrand": "M&M's",
    "thumbNail": "https://static.colruytgroup.com/images/200x200/std.lang.all/35/24/asset-2843524.jpg",
    "fullImage": "https://static.colruytgroup.com/images/500x500/std.lang.all/35/24/asset-2843524.jpg",
    "squareImage": "https://static.colruytgroup.com/images/500x500sq/std.lang.all/35/24/asset-2843524.jpg",
    "content": "1kg",
    "walkRouteSequenceNumber": 1442,
    "price": {
      "basicPrice": 7.47,
      "recommendedQuantity": "1.0",
      "measurementUnitPrice": 7.47,
      "measurementUnit": "K",
      "isRedPrice": false,
      "pricePerUOM": 7.47,
      "activationDate": "14-03-2024",
      "recordSource": "Offline",
      "isPromoActive": "N",
      "priceChangeCode": "L"
    },
    "isAvailable": true,
    "isPriceAvailable": true,
    "inPromo": false,
    "gtin": [
      "05000159457620",
      "05000159342179"
    ],
    "topCategoryName": "Koeken/Chocolade/Snoep",
    "topCategoryId": "335",
    "businessDomain": "RETAIL_BE",
    "IsPrivateLabel": false,
    "IsBiffe": false,
    "WeightconversionFactor": "0",
    "IsWeightArticle": false,
    "nutriscoreLabel": "E",
    "IsBio": false,
    "CountryOfOrigin": "FRANKRIJK",
    "IsExclusivelySoldInLuxembourg": false,
    "OrderUnit": "P",
    "ShortName": "M&MS PEANUT POUCH 1KG",
    "IsNew": false,
    "RecentQuanityOfStockUnits": "1",
    "LongName": "M&M'S peanut pouch 1kg",
    "FicCode": "E"
  },
  {
    "productId": "731746",
    "technicalArticleNumber": "4489774",
    "commercialArticleNumber": "13042",
    "name": "creamy pean.butter",
    "brand": "SNICKERS",
    "seoBrand": "Snickers",
    "thumbNail": "https://static.colruytgroup.com/images/200x200/std.lang.all/65/73/asset-2526573.jpg",
    "fullImage": "https://static.colruytgroup.com/images/500x500/std.lang.all/65/73/asset-2526573.jpg",
    "squareImage": "https://static.colruytgroup.com/images/500x500sq/std.lang.all/65/73/asset-2526573.jpg",
    "content": "5x36,5g",
    "walkRouteSequenceNumber": 1309,
    "price": {
      "basicPrice": 3.8,
      "recommendedQuantity": "1.0",
      "measurementUnitPrice": 20.88,
      "measurementUnit": "K",
      "isRedPrice": false,
      "pricePerUOM": 20.88,
      "activationDate": "22-03-2024",
      "recordSource": "Offline",
      "isPromoActive": "N",
      "priceChangeCode": "L"
    },
    "isAvailable": true,
    "isPriceAvailable": true,
    "inPromo": false,
    "gtin": [
      "05900951295065",
      "05900951295072"
    ],
    "topCategoryName": "Koeken/Chocolade/Snoep",
    "topCategoryId": "335",
    "businessDomain": "RETAIL_BE",
    "IsPrivateLabel": false,
    "IsBiffe": false,
    "WeightconversionFactor": "0",
    "IsWeightArticle": false,
    "nutriscoreLabel": "E",
    "IsBio": false,
    "CountryOfOrigin": "POLEN",
    "IsExclusivelySoldInLuxembourg": false,
    "OrderUnit": "P",
    "ShortName": "SNIC CR.PEAN.B.5P.182G5",
    "IsNew": false,
    "RecentQuanityOfStockUnits": "1",
    "LongName": "SNICKERS creamy pean.butter 5x36,5g",
    "FicCode": "E"
  },
  {
    "productId": "7232",
    "technicalArticleNumber": "1156340",
    "commercialArticleNumber": "20440",
    "name": "Original",
    "brand": "STIMOROL",
    "seoBrand": "Stimorol",
    "thumbNail": "https://static.colruytgroup.com/images/200x200/std.lang.all/17/71/asset-371771.jpg",
    "fullImage": "https://static.colruytgroup.com/images/500x500/std.lang.all/17/71/asset-371771.jpg",
    "squareImage": "https://static.colruytgroup.com/images/500x500sq/std.lang.all/17/71/asset-371771.jpg",
    "content": "6x14g",
    "walkRouteSequenceNumber": 18407,
    "price": {
      "basicPrice": 2.99,
      "recommendedQuantity": "1.0",
      "measurementUnitPrice": 0.05,
      "measurementUnit": "S",
      "isRedPrice": false,
      "pricePerUOM": 0.05,
      "activationDate": "21-03-2024",
      "recordSource": "Offline",
      "isPromoActive": "N",
      "priceChangeCode": "L"
    },
    "isAvailable": true,
    "isPriceAvailable": true,
    "inPromo": false,
    "gtin": [
      "07622210043429",
      "07622210043566"
    ],
    "topCategoryName": "Koeken/Chocolade/Snoep",
    "topCategoryId": "335",
    "businessDomain": "RETAIL_BE",
    "IsPrivateLabel": false,
    "IsBiffe": false,
    "WeightconversionFactor": "0",
    "IsWeightArticle": false,
    "nutriscoreLabel": "B",
    "IsBio": false,
    "CountryOfOrigin": "DENEMARKEN",
    "IsExclusivelySoldInLuxembourg": false,
    "OrderUnit": "P",
    "ShortName": "STIM FOIL ORIGIN.6X14G",
    "IsNew": false,
    "RecentQuanityOfStockUnits": "1",
    "LongName": "STIMOROL Original 6x14g",
    "AlcoholVolume": "0",
    "FicCode": "E"
  },
  {
    "productId": "1410",
    "technicalArticleNumber": "20315",
    "commercialArticleNumber": "20315",
    "name": "snoep gommen driekleurig",
    "brand": "THIJS",
    "seoBrand": "Thijs",
    "thumbNail": "https://static.colruytgroup.com/images/200x200/std.lang.all/06/59/asset-370659.jpg",
    "fullImage": "https://static.colruytgroup.com/images/500x500/std.lang.all/06/59/asset-370659.jpg",
    "squareImage": "https://static.colruytgroup.com/images/500x500sq/std.lang.all/06/59/asset-370659.jpg",
    "content": "500g",
    "walkRouteSequenceNumber": 1809,
    "price": {
      "basicPrice": 3.99,
      "recommendedQuantity": "1.0",
      "measurementUnitPrice": 7.98,
      "measurementUnit": "K",
      "isRedPrice": false,
      "pricePerUOM": 7.98,
      "activationDate": "17-11-2023",
      "isPromoActive": "N",
      "priceChangeCode": "H"
    },
    "isAvailable": true,
    "isPriceAvailable": true,
    "inPromo": false,
    "gtin": [
      "05412132129996",
      "08719700595007"
    ],
    "topCategoryName": "Koeken/Chocolade/Snoep",
    "topCategoryId": "335",
    "businessDomain": "RETAIL_BE",
    "IsPrivateLabel": false,
    "IsBiffe": false,
    "WeightconversionFactor": "0",
    "IsWeightArticle": false,
    "nutriscoreLabel": "E",
    "IsBio": false,
    "CountryOfOrigin": "BELGIË",
    "IsExclusivelySoldInLuxembourg": false,
    "OrderUnit": "P",
    "ShortName": "THIJS TRICO GOM.500 GR",
    "IsNew": false,
    "EcoscoreLabel": "A",
    "RecentQuanityOfStockUnits": "1",
    "LongName": "THIJS snoep gommen driekleurig 500g",
    "AlcoholVolume": "0",
    "FicCode": "E",
    "EcoscoreValue": "100"
  },
  {
    "productId": "161",
    "technicalArticleNumber": "15094",
    "commercialArticleNumber": "15094",
    "name": "koeken amandel-abrikoos",
    "description": "*Individueel verpakt",
    "brand": "LU GRANY",
    "seoBrand": "LU Grany",
    "thumbNail": "https://static.colruytgroup.com/images/200x200/std.lang.all/14/67/asset-2421467.jpg",
    "fullImage": "https://static.colruytgroup.com/images/500x500/std.lang.all/14/67/asset-2421467.jpg",
    "squareImage": "https://static.colruytgroup.com/images/500x500sq/std.lang.all/14/67/asset-2421467.jpg",
    "content": "6x32,5g",
    "walkRouteSequenceNumber": 2315,
    "price": {
      "basicPrice": 3.69,
      "recommendedQuantity": "1.0",
      "measurementUnitPrice": 18.93,
      "measurementUnit": "K",
      "isRedPrice": false,
      "pricePerUOM": 18.93,
      "activationDate": "08-03-2024",
      "recordSource": "Offline",
      "isPromoActive": "N",
      "priceChangeCode": "H"
    },
    "isAvailable": true,
    "isPriceAvailable": true,
    "inPromo": false,
    "gtin": [
      "00000025150940",
      "05400141350944",
      "05410041162103",
      "13017760569016",
      "15410041395409",
      "15410041405207"
    ],
    "topCategoryName": "Brood/Ontbijt",
    "topCategoryId": "124",
    "businessDomain": "RETAIL_BE",
    "IsPrivateLabel": false,
    "IsBiffe": false,
    "WeightconversionFactor": "0",
    "IsWeightArticle": false,
    "nutriscoreLabel": "E",
    "IsBio": false,
    "CountryOfOrigin": "BELGIË",
    "IsExclusivelySoldInLuxembourg": false,
    "OrderUnit": "P",
    "ShortName": "LU GRANY ZACHT AMAN195G",
    "InSeason": true,
    "IsNew": false,
    "RecentQuanityOfStockUnits": "2,1",
    "LongName": "LU GRANY koeken amandel-abrikoos 6x32,5g",
    "AlcoholVolume": "0",
    "StartSeasonDate": "08/04/1999",
    "FicCode": "E"
  },
  {
    "productId": "1419",
    "technicalArticleNumber": "20360",
    "commercialArticleNumber": "20360",
    "name": "choc. orangettes",
    "description": "*UTZ gecertificeerd",
    "brand": "SWEET ORIGINALS",
    "seoBrand": "Sweet Originals",
    "thumbNail": "https://static.colruytgroup.com/images/200x200/std.lang.all/92/28/asset-379228.jpg",
    "fullImage": "https://static.colruytgroup.com/images/500x500/std.lang.all/92/28/asset-379228.jpg",
    "squareImage": "https://static.colruytgroup.com/images/500x500sq/std.lang.all/92/28/asset-379228.jpg",
    "content": "200g",
    "walkRouteSequenceNumber": 1235,
    "price": {
      "basicPrice": 1.59,
      "recommendedQuantity": "1.0",
      "measurementUnitPrice": 7.95,
      "measurementUnit": "K",
      "isRedPrice": false,
      "pricePerUOM": 7.95,
      "activationDate": "06-01-2024",
      "recordSource": "Offline",
      "isPromoActive": "N",
      "priceChangeCode": "L"
    },
    "isAvailable": true,
    "isPriceAvailable": true,
    "inPromo": false,
    "gtin": [
      "05400265030265",
      "05400265152868",
      "05410876131626"
    ],
    "topCategoryName": "Koeken/Chocolade/Snoep",
    "topCategoryId": "335",
    "businessDomain": "RETAIL_BE",
    "IsPrivateLabel": false,
    "IsBiffe": false,
    "WeightconversionFactor": "0",
    "IsWeightArticle": false,
    "nutriscoreLabel": "E",
    "IsBio": false,
    "CountryOfOrigin": "DUITSLAND",
    "IsExclusivelySoldInLuxembourg": false,
    "OrderUnit": "P",
    "ShortName": "SWEET ORIG.ORANGET 200G",
    "InSeason": true,
    "IsNew": false,
    "EcoscoreLabel": "D",
    "RecentQuanityOfStockUnits": "1,10",
    "LongName": "SWEET ORIGINALS choc. orangettes 200g",
    "AlcoholVolume": "0",
    "StartSeasonDate": "04/06/2013",
    "FicCode": "E",
    "EcoscoreValue": "28"
  },
  {
    "productId": "29363",
    "technicalArticleNumber": "1910457",
    "commercialArticleNumber": "21948",
    "name": "Pocket Vanille",
    "description": "*Individueel verpakt",
    "brand": "LU PRINCE",
    "seoBrand": "LU Prince",
    "thumbNail": "https://static.colruytgroup.com/images/200x200/std.lang.all/32/38/asset-383238.jpg",
    "fullImage": "https://static.colruytgroup.com/images/500x500/std.lang.all/32/38/asset-383238.jpg",
    "squareImage": "https://static.colruytgroup.com/images/500x500sq/std.lang.all/32/38/asset-383238.jpg",
    "content": "10x40g",
    "walkRouteSequenceNumber": 2281,
    "price": {
      "basicPrice": 3.79,
      "recommendedQuantity": "2.0",
      "measurementUnitPrice": 9.48,
      "measurementUnit": "K",
      "isRedPrice": false,
      "pricePerUOM": 9.48,
      "activationDate": "06-03-2024",
      "recordSource": "Offline",
      "isPromoActive": "N",
      "priceChangeCode": "H"
    },
    "isAvailable": true,
    "isPriceAvailable": true,
    "inPromo": false,
    "gtin": [
      "05400141219487",
      "05410041423709",
      "15410041423706"
    ],
    "topCategoryName": "Koeken/Chocolade/Snoep",
    "topCategoryId": "335",
    "businessDomain": "RETAIL_BE",
    "IsPrivateLabel": false,
    "IsBiffe": false,
    "WeightconversionFactor": "0",
    "IsWeightArticle": false,
    "nutriscoreLabel": "E",
    "IsBio": false,
    "CountryOfOrigin": "BELGIË",
    "IsExclusivelySoldInLuxembourg": false,
    "OrderUnit": "P",
    "ShortName": "LU PRIN POCK VAN10S400G",
    "InSeason": true,
    "IsNew": false,
    "RecentQuanityOfStockUnits": "2,1",
    "LongName": "LU PRINCE Pocket Vanille 10x40g",
    "AlcoholVolume": "0",
    "StartSeasonDate": "12/12/2019",
    "FicCode": "E"
  },
  {
    "productId": "92133",
    "technicalArticleNumber": "2860998",
    "commercialArticleNumber": "7447",
    "name": "Maya koeken",
    "description": "*Individueel verpakt",
    "brand": "JULES DESTROOPER",
    "seoBrand": "Jules Destrooper Maya",
    "thumbNail": "https://static.colruytgroup.com/images/200x200/std.lang.all/97/70/asset-2539770.jpg",
    "fullImage": "https://static.colruytgroup.com/images/500x500/std.lang.all/97/70/asset-2539770.jpg",
    "squareImage": "https://static.colruytgroup.com/images/500x500sq/std.lang.all/97/70/asset-2539770.jpg",
    "content": "8x25g",
    "walkRouteSequenceNumber": 2287,
    "price": {
      "basicPrice": 2.59,
      "recommendedQuantity": "1.0",
      "measurementUnitPrice": 12.95,
      "measurementUnit": "K",
      "isRedPrice": false,
      "pricePerUOM": 12.95,
      "activationDate": "28-02-2024",
      "recordSource": "Offline",
      "isPromoActive": "N",
      "priceChangeCode": "E"
    },
    "isAvailable": true,
    "isPriceAvailable": true,
    "inPromo": false,
    "gtin": [
      "05410471910749",
      "15410471915055",
      "05410471909019",
      "05410471915058",
      "15410471910746",
      "15410471909016"
    ],
    "topCategoryName": "Koeken/Chocolade/Snoep",
    "topCategoryId": "335",
    "businessDomain": "RETAIL_BE",
    "IsPrivateLabel": false,
    "IsBiffe": false,
    "WeightconversionFactor": "0",
    "IsWeightArticle": false,
    "nutriscoreLabel": "E",
    "IsBio": false,
    "CountryOfOrigin": "BELGIË",
    "IsExclusivelySoldInLuxembourg": false,
    "OrderUnit": "P",
    "ShortName": "JDS MAYA KOEKJES 200 GR",
    "IsNew": false,
    "EcoscoreLabel": "B",
    "RecentQuanityOfStockUnits": "1",
    "LongName": "JULES DESTROOPER Maya koeken 8x25g",
    "AlcoholVolume": "0",
    "FicCode": "E",
    "EcoscoreValue": "67"
  },
  {
    "productId": "321948",
    "technicalArticleNumber": "3681315",
    "commercialArticleNumber": "22635",
    "name": "Moelleux trio natuur",
    "brand": "LU",
    "seoBrand": "LU",
    "thumbNail": "https://static.colruytgroup.com/images/200x200/std.lang.all/47/83/asset-2084783.jpg",
    "fullImage": "https://static.colruytgroup.com/images/500x500/std.lang.all/47/83/asset-2084783.jpg",
    "squareImage": "https://static.colruytgroup.com/images/500x500sq/std.lang.all/47/83/asset-2084783.jpg",
    "content": "6x30g",
    "walkRouteSequenceNumber": 2121,
    "price": {
      "basicPrice": 2.99,
      "recommendedQuantity": "2.0",
      "quantityPrice": 2.3,
      "quantityPriceQuantity": "3.0",
      "measurementUnitPrice": 16.62,
      "measurementUnitQuantityPrice": 12.78,
      "measurementUnit": "K",
      "isRedPrice": false,
      "pricePerUOM": 16.62,
      "activationDate": "14-03-2024",
      "recordSource": "Offline",
      "isPromoActive": "N",
      "priceChangeCode": "H",
      "quantityPricePerUOM": 12.78,
      "quantityActivationDate": "14-03-2024",
      "quantityPriceChangeCode": "H"
    },
    "isAvailable": true,
    "isPriceAvailable": true,
    "inPromo": false,
    "gtin": [
      "07622201809478",
      "07622201809485",
      "65400141420595",
      "07622210603265",
      "03017760290692",
      "07622210603210"
    ],
    "topCategoryName": "Koeken/Chocolade/Snoep",
    "topCategoryId": "335",
    "businessDomain": "RETAIL_BE",
    "IsPrivateLabel": false,
    "IsBiffe": false,
    "WeightconversionFactor": "0",
    "IsWeightArticle": false,
    "nutriscoreLabel": "E",
    "IsBio": false,
    "CountryOfOrigin": "FRANKRIJK",
    "IsExclusivelySoldInLuxembourg": false,
    "OrderUnit": "P",
    "ShortName": "LU MOELLEUX TRIO NAT180",
    "InSeason": true,
    "IsNew": false,
    "RecentQuanityOfStockUnits": "1,2,12",
    "LongName": "LU Moelleux trio natuur 6x30g",
    "AlcoholVolume": "0",
    "StartSeasonDate": "07/01/2021",
    "FicCode": "E"
  },
  {
    "productId": "21616",
    "technicalArticleNumber": "2157387",
    "commercialArticleNumber": "21193",
    "name": "koeken palets bretons",
    "brand": "BONI BIO",
    "seoBrand": "Boni Selection Bio",
    "thumbNail": "https://static.colruytgroup.com/images/200x200/std.lang.all/07/92/asset-2400792.jpg",
    "fullImage": "https://static.colruytgroup.com/images/500x500/std.lang.all/07/92/asset-2400792.jpg",
    "squareImage": "https://static.colruytgroup.com/images/500x500sq/std.lang.all/07/92/asset-2400792.jpg",
    "content": "12x20g",
    "walkRouteSequenceNumber": 2333,
    "price": {
      "basicPrice": 3.5,
      "recommendedQuantity": "1.0",
      "measurementUnitPrice": 14.59,
      "measurementUnit": "K",
      "isRedPrice": false,
      "pricePerUOM": 14.59,
      "activationDate": "01-02-2024",
      "isPromoActive": "N",
      "priceChangeCode": "H"
    },
    "isAvailable": true,
    "isPriceAvailable": true,
    "inPromo": false,
    "gtin": [
      "05400141331103",
      "05400141083798",
      "15400141890553",
      "15400141362258",
      "05400141362251",
      "05400141224979",
      "05400141211931",
      "15400141211938"
    ],
    "topCategoryName": "Koeken/Chocolade/Snoep",
    "topCategoryId": "335",
    "businessDomain": "RETAIL_BE",
    "IsPrivateLabel": true,
    "IsBiffe": false,
    "WeightconversionFactor": "0",
    "IsWeightArticle": false,
    "nutriscoreLabel": "E",
    "IsBio": true,
    "CountryOfOrigin": "FRANKRIJK",
    "IsExclusivelySoldInLuxembourg": false,
    "OrderUnit": "P",
    "ShortName": "BS BIO BRET.PALETS 240G",
    "IsNew": false,
    "EcoscoreLabel": "B",
    "RecentQuanityOfStockUnits": "1",
    "LongName": "BONI BIO koeken palets bretons 12x20g",
    "AlcoholVolume": "0",
    "FicCode": "I",
    "EcoscoreValue": "79"
  },
  {
    "productId": "54293",
    "technicalArticleNumber": "2478725",
    "commercialArticleNumber": "38848",
    "name": "Strong Mint 5x10st",
    "brand": "FREEDENT WHITE",
    "seoBrand": "Wrigley's Freedent",
    "thumbNail": "https://static.colruytgroup.com/images/200x200/std.lang.all/76/29/asset-827629.jpg",
    "fullImage": "https://static.colruytgroup.com/images/500x500/std.lang.all/76/29/asset-827629.jpg",
    "squareImage": "https://static.colruytgroup.com/images/500x500sq/std.lang.all/76/29/asset-827629.jpg",
    "content": "70g",
    "walkRouteSequenceNumber": 18392,
    "price": {
      "basicPrice": 3.75,
      "recommendedQuantity": "1.0",
      "measurementUnitPrice": 0.075,
      "measurementUnit": "S",
      "isRedPrice": false,
      "pricePerUOM": 0.075,
      "activationDate": "23-03-2024",
      "recordSource": "Offline",
      "isPromoActive": "N",
      "priceChangeCode": "H"
    },
    "isAvailable": true,
    "isPriceAvailable": true,
    "inPromo": true,
    "promotion": [
      {
        "techPromoId": "100882COLR",
        "promotionId": "100882",
        "promotionType": "3",
        "isPersonalized": "N",
        "publicationStartDate": "13-03-2024",
        "publicationEndDate": "26-03-2024"
      }
    ],
    "gtin": [
      "04009900452229",
      "04009900504430"
    ],
    "topCategoryName": "Koeken/Chocolade/Snoep",
    "topCategoryId": "335",
    "businessDomain": "RETAIL_BE",
    "IsPrivateLabel": false,
    "IsBiffe": false,
    "WeightconversionFactor": "0",
    "IsWeightArticle": false,
    "nutriscoreLabel": "B",
    "IsBio": false,
    "CountryOfOrigin": "POLEN",
    "IsExclusivelySoldInLuxembourg": false,
    "OrderUnit": "P",
    "ShortName": "FREEDENT WHITE STRONG5P",
    "IsNew": false,
    "EcoscoreLabel": "C",
    "RecentQuanityOfStockUnits": "1",
    "LongName": "FREEDENT WHITE Strong Mint 5x10st 70g",
    "AlcoholVolume": "0",
    "FicCode": "E",
    "EcoscoreValue": "55"
  },
  {
    "productId": "206939",
    "technicalArticleNumber": "3515556",
    "commercialArticleNumber": "50609",
    "name": "Soft Baked choc.stukjes",
    "brand": "LU BELVITA",
    "seoBrand": "LU belVita",
    "thumbNail": "https://static.colruytgroup.com/images/200x200/std.lang.all/34/75/asset-1033475.jpg",
    "fullImage": "https://static.colruytgroup.com/images/500x500/std.lang.all/34/75/asset-1033475.jpg",
    "squareImage": "https://static.colruytgroup.com/images/500x500sq/std.lang.all/34/75/asset-1033475.jpg",
    "content": "5x50g",
    "walkRouteSequenceNumber": 2321,
    "price": {
      "basicPrice": 2.99,
      "recommendedQuantity": "2.0",
      "measurementUnitPrice": 11.96,
      "measurementUnit": "K",
      "isRedPrice": false,
      "pricePerUOM": 11.96,
      "activationDate": "12-03-2024",
      "recordSource": "Offline",
      "isPromoActive": "N",
      "priceChangeCode": "L"
    },
    "isAvailable": true,
    "isPriceAvailable": true,
    "inPromo": false,
    "gtin": [
      "07622210444141",
      "07622210444172",
      "05400141383218"
    ],
    "topCategoryName": "Brood/Ontbijt",
    "topCategoryId": "124",
    "businessDomain": "RETAIL_BE",
    "IsPrivateLabel": false,
    "IsBiffe": false,
    "WeightconversionFactor": "0",
    "IsWeightArticle": false,
    "nutriscoreLabel": "C",
    "IsBio": false,
    "CountryOfOrigin": "TSJECHIË (REPUBLIEK)",
    "IsExclusivelySoldInLuxembourg": false,
    "OrderUnit": "P",
    "ShortName": "BELVITA SOFT CHOCO 250G",
    "IsNew": false,
    "RecentQuanityOfStockUnits": "2,1",
    "LongName": "LU BELVITA Soft Baked choc.stukjes 5x50g",
    "AlcoholVolume": "0",
    "FicCode": "E"
  },
  {
    "productId": "1596",
    "technicalArticleNumber": "20765",
    "commercialArticleNumber": "20765",
    "name": "zachte menthol gommen 200 g V",
    "brand": "BONI",
    "seoBrand": "Boni Selection",
    "thumbNail": "https://static.colruytgroup.com/images/200x200/std.lang.all/37/59/asset-2513759.jpg",
    "fullImage": "https://static.colruytgroup.com/images/500x500/std.lang.all/37/59/asset-2513759.jpg",
    "squareImage": "https://static.colruytgroup.com/images/500x500sq/std.lang.all/37/59/asset-2513759.jpg",
    "content": "200g",
    "walkRouteSequenceNumber": 18400,
    "price": {
      "basicPrice": 1.15,
      "recommendedQuantity": "2.0",
      "measurementUnitPrice": 5.75,
      "measurementUnit": "K",
      "isRedPrice": false,
      "pricePerUOM": 5.75,
      "activationDate": "30-01-2024",
      "recordSource": "Offline",
      "isPromoActive": "N",
      "priceChangeCode": "E"
    },
    "isAvailable": true,
    "isPriceAvailable": true,
    "inPromo": false,
    "gtin": [
      "05400141412413",
      "15400141412410",
      "05400141192018",
      "05400141214642",
      "05400141407655",
      "15400141192015"
    ],
    "topCategoryName": "Koeken/Chocolade/Snoep",
    "topCategoryId": "335",
    "businessDomain": "RETAIL_BE",
    "IsPrivateLabel": true,
    "IsBiffe": false,
    "WeightconversionFactor": "0",
    "IsWeightArticle": false,
    "nutriscoreLabel": "E",
    "IsBio": false,
    "CountryOfOrigin": "NEDERLAND",
    "IsExclusivelySoldInLuxembourg": false,
    "OrderUnit": "P",
    "ShortName": "BONI ZACHTE MENT.GOM200",
    "IsNew": false,
    "EcoscoreLabel": "A",
    "RecentQuanityOfStockUnits": "18,1",
    "LongName": "BONI zachte menthol gommen 200 g V 200g",
    "AlcoholVolume": "0",
    "FicCode": "I",
    "EcoscoreValue": "83"
  },
  {
    "productId": "460284",
    "technicalArticleNumber": "3957386",
    "commercialArticleNumber": "2229",
    "name": "melk hele hazelnoot",
    "brand": "CÔTE D'OR",
    "seoBrand": "Côte d'Or",
    "thumbNail": "https://static.colruytgroup.com/images/200x200/std.lang.all/07/35/asset-1620735.jpg",
    "fullImage": "https://static.colruytgroup.com/images/500x500/std.lang.all/07/35/asset-1620735.jpg",
    "squareImage": "https://static.colruytgroup.com/images/500x500sq/std.lang.all/07/35/asset-1620735.jpg",
    "content": "4x45g",
    "walkRouteSequenceNumber": 1439,
    "price": {
      "basicPrice": 3.79,
      "recommendedQuantity": "1.0",
      "measurementUnitPrice": 21.06,
      "measurementUnit": "K",
      "isRedPrice": false,
      "pricePerUOM": 21.06,
      "activationDate": "22-03-2024",
      "recordSource": "Offline",
      "isPromoActive": "N",
      "priceChangeCode": "L"
    },
    "isAvailable": true,
    "isPriceAvailable": true,
    "inPromo": true,
    "promotion": [
      {
        "techPromoId": "100830COLR",
        "promotionId": "100830",
        "promotionType": "3",
        "isPersonalized": "N",
        "publicationStartDate": "13-03-2024",
        "publicationEndDate": "26-03-2024"
      }
    ],
    "gtin": [
      "07622210926852",
      "05400141072389",
      "07622210926845"
    ],
    "topCategoryName": "Koeken/Chocolade/Snoep",
    "topCategoryId": "335",
    "businessDomain": "RETAIL_BE",
    "IsPrivateLabel": false,
    "IsBiffe": false,
    "WeightconversionFactor": "0",
    "IsWeightArticle": false,
    "IsBio": false,
    "CountryOfOrigin": "BELGIË",
    "IsExclusivelySoldInLuxembourg": false,
    "OrderUnit": "P",
    "ShortName": "CDO MELK HELE HAZEL4X45",
    "IsNew": false,
    "RecentQuanityOfStockUnits": "1,2",
    "LongName": "CÔTE D'OR melk hele hazelnoot 4x45g",
    "FicCode": "E"
  },
  {
    "productId": "247138",
    "technicalArticleNumber": "3608254",
    "commercialArticleNumber": "17300",
    "name": "chocolade puur hazelno. FT",
    "description": "*min.71,9%\ncacao bestanddelen\n*Belgische chocolade\n*Fairtrade",
    "brand": "BONI BIO",
    "seoBrand": "Boni Selection Bio",
    "thumbNail": "https://static.colruytgroup.com/images/200x200/std.lang.all/49/46/asset-2284946.jpg",
    "fullImage": "https://static.colruytgroup.com/images/500x500/std.lang.all/49/46/asset-2284946.jpg",
    "squareImage": "https://static.colruytgroup.com/images/500x500sq/std.lang.all/49/46/asset-2284946.jpg",
    "content": "100g",
    "walkRouteSequenceNumber": 1321,
    "price": {
      "basicPrice": 1.89,
      "recommendedQuantity": "1.0",
      "measurementUnitPrice": 18.9,
      "measurementUnit": "K",
      "isRedPrice": false,
      "pricePerUOM": 18.9,
      "activationDate": "15-02-2024",
      "recordSource": "Offline",
      "isPromoActive": "N",
      "priceChangeCode": "H"
    },
    "isAvailable": true,
    "isPriceAvailable": true,
    "inPromo": false,
    "gtin": [
      "05400141364866",
      "15400141044956",
      "05400141801835",
      "05400141275469",
      "05400141224917",
      "15400141801832"
    ],
    "topCategoryName": "Koeken/Chocolade/Snoep",
    "topCategoryId": "335",
    "businessDomain": "RETAIL_BE",
    "IsPrivateLabel": true,
    "IsBiffe": false,
    "WeightconversionFactor": "0",
    "IsWeightArticle": false,
    "nutriscoreLabel": "E",
    "IsBio": true,
    "CountryOfOrigin": "BELGIË",
    "IsExclusivelySoldInLuxembourg": false,
    "OrderUnit": "P",
    "ShortName": "BONI BIO FT PUUR NO.100",
    "InSeason": true,
    "IsNew": false,
    "EcoscoreLabel": "C",
    "RecentQuanityOfStockUnits": "1,17",
    "LongName": "BONI BIO chocolade puur hazelno. FT 100g",
    "AlcoholVolume": "0",
    "StartSeasonDate": "28/06/2023",
    "FicCode": "I",
    "EcoscoreValue": "49"
  },
  {
    "productId": "709614",
    "technicalArticleNumber": "4449554",
    "commercialArticleNumber": "26377",
    "name": "Fairtrade chocolade puur pral.",
    "brand": "BONI",
    "seoBrand": "Boni Selection",
    "thumbNail": "https://static.colruytgroup.com/images/200x200/std.lang.all/57/42/asset-2495742.jpg",
    "fullImage": "https://static.colruytgroup.com/images/500x500/std.lang.all/57/42/asset-2495742.jpg",
    "squareImage": "https://static.colruytgroup.com/images/500x500sq/std.lang.all/57/42/asset-2495742.jpg",
    "content": "200g",
    "walkRouteSequenceNumber": 1342,
    "price": {
      "basicPrice": 2.79,
      "recommendedQuantity": "1.0",
      "measurementUnitPrice": 13.95,
      "measurementUnit": "K",
      "isRedPrice": false,
      "pricePerUOM": 13.95,
      "activationDate": "06-03-2024",
      "isPromoActive": "N",
      "priceChangeCode": "H"
    },
    "isAvailable": true,
    "isPriceAvailable": true,
    "inPromo": false,
    "gtin": [
      "05400141778182",
      "15400141778189"
    ],
    "topCategoryName": "Koeken/Chocolade/Snoep",
    "topCategoryId": "335",
    "businessDomain": "RETAIL_BE",
    "IsPrivateLabel": true,
    "IsBiffe": false,
    "WeightconversionFactor": "0",
    "IsWeightArticle": false,
    "nutriscoreLabel": "E",
    "IsBio": false,
    "CountryOfOrigin": "BELGIË",
    "IsExclusivelySoldInLuxembourg": false,
    "OrderUnit": "P",
    "ShortName": "BONI FT CHOC.PU.PR.200G",
    "IsNew": false,
    "EcoscoreLabel": "D",
    "RecentQuanityOfStockUnits": "1",
    "LongName": "BONI Fairtrade chocolade puur pral. 200g",
    "FicCode": "I",
    "EcoscoreValue": "25"
  },
  {
    "productId": "259232",
    "technicalArticleNumber": "3587203",
    "commercialArticleNumber": "51011",
    "name": "Nut sel. puur hazeln.",
    "brand": "RITTER SPORT",
    "seoBrand": "Ritter Sport",
    "thumbNail": "https://static.colruytgroup.com/images/200x200/std.lang.all/43/97/asset-2524397.jpg",
    "fullImage": "https://static.colruytgroup.com/images/500x500/std.lang.all/43/97/asset-2524397.jpg",
    "squareImage": "https://static.colruytgroup.com/images/500x500sq/std.lang.all/43/97/asset-2524397.jpg",
    "content": "100g",
    "walkRouteSequenceNumber": 1338,
    "price": {
      "basicPrice": 1.09,
      "recommendedQuantity": "1.0",
      "measurementUnitPrice": 10.9,
      "measurementUnit": "K",
      "isRedPrice": false,
      "pricePerUOM": 10.9,
      "activationDate": "21-06-2023",
      "recordSource": "Offline",
      "isPromoActive": "N",
      "priceChangeCode": "L"
    },
    "isAvailable": true,
    "isPriceAvailable": true,
    "inPromo": false,
    "gtin": [
      "04000417702609",
      "04000417702005"
    ],
    "topCategoryName": "Koeken/Chocolade/Snoep",
    "topCategoryId": "335",
    "businessDomain": "RETAIL_BE",
    "IsPrivateLabel": false,
    "IsBiffe": false,
    "WeightconversionFactor": "0",
    "IsWeightArticle": false,
    "nutriscoreLabel": "E",
    "IsBio": false,
    "CountryOfOrigin": "TADZJIKISTAN",
    "IsExclusivelySoldInLuxembourg": false,
    "OrderUnit": "P",
    "ShortName": "RITTER PUUR HAZELN.100G",
    "IsNew": false,
    "EcoscoreLabel": "C",
    "RecentQuanityOfStockUnits": "1",
    "LongName": "RITTER SPORT Nut sel. puur hazeln. 100g",
    "AlcoholVolume": "0",
    "FicCode": "E",
    "EcoscoreValue": "41"
  },
  {
    "productId": "1600",
    "technicalArticleNumber": "20780",
    "commercialArticleNumber": "20780",
    "name": "onze lieve vrouw guimauves",
    "brand": "ETNA",
    "seoBrand": "Etna",
    "thumbNail": "https://static.colruytgroup.com/images/200x200/std.lang.all/85/02/asset-1308502.jpg",
    "fullImage": "https://static.colruytgroup.com/images/500x500/std.lang.all/85/02/asset-1308502.jpg",
    "squareImage": "https://static.colruytgroup.com/images/500x500sq/std.lang.all/85/02/asset-1308502.jpg",
    "content": "1kg",
    "walkRouteSequenceNumber": 2011,
    "price": {
      "basicPrice": 7.98,
      "recommendedQuantity": "1.0",
      "measurementUnitPrice": 7.98,
      "measurementUnit": "K",
      "isRedPrice": false,
      "pricePerUOM": 7.98,
      "activationDate": "12-01-2024",
      "recordSource": "Offline",
      "isPromoActive": "N",
      "priceChangeCode": "L"
    },
    "isAvailable": true,
    "isPriceAvailable": true,
    "inPromo": false,
    "gtin": [
      "05411446001004",
      "05411446251010"
    ],
    "topCategoryName": "Koeken/Chocolade/Snoep",
    "topCategoryId": "335",
    "businessDomain": "RETAIL_BE",
    "IsPrivateLabel": false,
    "IsBiffe": false,
    "WeightconversionFactor": "0",
    "IsWeightArticle": false,
    "nutriscoreLabel": "E",
    "IsBio": false,
    "CountryOfOrigin": "BELGIË",
    "IsExclusivelySoldInLuxembourg": false,
    "OrderUnit": "P",
    "ShortName": "ETNA GUIMAUVE 1K",
    "InSeason": true,
    "IsNew": false,
    "EcoscoreLabel": "B",
    "RecentQuanityOfStockUnits": "1,6",
    "LongName": "ETNA onze lieve vrouw guimauves 1kg",
    "AlcoholVolume": "0",
    "StartSeasonDate": "14/07/2009",
    "FicCode": "E",
    "EcoscoreValue": "66"
  },
  {
    "productId": "116548",
    "technicalArticleNumber": "3050757",
    "commercialArticleNumber": "26382",
    "name": "Chocol. 6st",
    "description": "*Individueel verpakt",
    "brand": "LU PRINCE CHOCO PRINCE",
    "seoBrand": "LU Prince Choco Prince",
    "thumbNail": "https://static.colruytgroup.com/images/200x200/std.lang.all/30/49/asset-1323049.jpg",
    "fullImage": "https://static.colruytgroup.com/images/500x500/std.lang.all/30/49/asset-1323049.jpg",
    "squareImage": "https://static.colruytgroup.com/images/500x500sq/std.lang.all/30/49/asset-1323049.jpg",
    "content": "171g",
    "walkRouteSequenceNumber": 2275,
    "price": {
      "basicPrice": 2.79,
      "recommendedQuantity": "2.0",
      "measurementUnitPrice": 16.32,
      "measurementUnit": "K",
      "isRedPrice": false,
      "pricePerUOM": 16.32,
      "activationDate": "13-03-2024",
      "recordSource": "Offline",
      "isPromoActive": "N",
      "priceChangeCode": "H"
    },
    "isAvailable": true,
    "isPriceAvailable": true,
    "inPromo": false,
    "gtin": [
      "07622210121233",
      "05400141124491",
      "07622210120861"
    ],
    "topCategoryName": "Koeken/Chocolade/Snoep",
    "topCategoryId": "335",
    "businessDomain": "RETAIL_BE",
    "IsPrivateLabel": false,
    "IsBiffe": false,
    "WeightconversionFactor": "0",
    "IsWeightArticle": false,
    "IsBio": false,
    "CountryOfOrigin": "BELGIË",
    "IsExclusivelySoldInLuxembourg": false,
    "OrderUnit": "P",
    "ShortName": "LU CHO.PRIN 171G CHO.6S",
    "IsNew": false,
    "RecentQuanityOfStockUnits": "2,1",
    "LongName": "LU PRINCE CHOCO PRINCE Chocol. 6st 171g",
    "AlcoholVolume": "0",
    "FicCode": "E"
  },
  {
    "productId": "258491",
    "technicalArticleNumber": "3587151",
    "commercialArticleNumber": "51009",
    "name": "Nut sel. melk hazeln.",
    "brand": "RITTER SPORT",
    "seoBrand": "Ritter Sport",
    "thumbNail": "https://static.colruytgroup.com/images/200x200/std.lang.all/54/53/asset-2705453.jpg",
    "fullImage": "https://static.colruytgroup.com/images/500x500/std.lang.all/54/53/asset-2705453.jpg",
    "squareImage": "https://static.colruytgroup.com/images/500x500sq/std.lang.all/54/53/asset-2705453.jpg",
    "content": "100g",
    "walkRouteSequenceNumber": 1339,
    "price": {
      "basicPrice": 1.09,
      "recommendedQuantity": "1.0",
      "measurementUnitPrice": 10.9,
      "measurementUnit": "K",
      "isRedPrice": false,
      "pricePerUOM": 10.9,
      "activationDate": "18-10-2023",
      "recordSource": "Offline",
      "isPromoActive": "N",
      "priceChangeCode": "E"
    },
    "isAvailable": true,
    "isPriceAvailable": true,
    "inPromo": false,
    "gtin": [
      "04000417700001",
      "04000417700605"
    ],
    "topCategoryName": "Koeken/Chocolade/Snoep",
    "topCategoryId": "335",
    "businessDomain": "RETAIL_BE",
    "IsPrivateLabel": false,
    "IsBiffe": false,
    "WeightconversionFactor": "0",
    "IsWeightArticle": false,
    "nutriscoreLabel": "E",
    "IsBio": false,
    "CountryOfOrigin": "DUITSLAND",
    "IsExclusivelySoldInLuxembourg": false,
    "OrderUnit": "P",
    "ShortName": "RITTER MELK HAZELN.100G",
    "IsNew": false,
    "EcoscoreLabel": "C",
    "RecentQuanityOfStockUnits": "1",
    "LongName": "RITTER SPORT Nut sel. melk hazeln. 100g",
    "AlcoholVolume": "0",
    "FicCode": "E",
    "EcoscoreValue": "46"
  },
  {
    "productId": "54289",
    "technicalArticleNumber": "2478717",
    "commercialArticleNumber": "38845",
    "name": "kauwgom Mint 5x10st",
    "brand": "FREEDENT",
    "seoBrand": "Wrigley's Freedent",
    "thumbNail": "https://static.colruytgroup.com/images/200x200/std.lang.all/18/28/asset-871828.jpg",
    "fullImage": "https://static.colruytgroup.com/images/500x500/std.lang.all/18/28/asset-871828.jpg",
    "squareImage": "https://static.colruytgroup.com/images/500x500sq/std.lang.all/18/28/asset-871828.jpg",
    "content": "70g",
    "walkRouteSequenceNumber": 18391,
    "price": {
      "basicPrice": 3.75,
      "recommendedQuantity": "1.0",
      "measurementUnitPrice": 0.075,
      "measurementUnit": "S",
      "isRedPrice": false,
      "pricePerUOM": 0.075,
      "activationDate": "13-03-2024",
      "isPromoActive": "Y",
      "priceChangeCode": "L"
    },
    "isAvailable": true,
    "isPriceAvailable": true,
    "inPromo": true,
    "promotion": [
      {
        "techPromoId": "100882COLR",
        "promotionId": "100882",
        "promotionType": "3",
        "isPersonalized": "N",
        "publicationStartDate": "13-03-2024",
        "publicationEndDate": "26-03-2024"
      }
    ],
    "gtin": [
      "04009900422499",
      "04009900024150",
      "04009900523493"
    ],
    "topCategoryName": "Koeken/Chocolade/Snoep",
    "topCategoryId": "335",
    "businessDomain": "RETAIL_BE",
    "IsPrivateLabel": false,
    "IsBiffe": false,
    "WeightconversionFactor": "0",
    "IsWeightArticle": false,
    "nutriscoreLabel": "B",
    "IsBio": false,
    "CountryOfOrigin": "POLEN",
    "IsExclusivelySoldInLuxembourg": false,
    "OrderUnit": "P",
    "ShortName": "FREEDENT MINT 5 PACK",
    "IsNew": false,
    "EcoscoreLabel": "C",
    "RecentQuanityOfStockUnits": "1",
    "LongName": "FREEDENT kauwgom Mint 5x10st 70g",
    "AlcoholVolume": "0",
    "FicCode": "E",
    "EcoscoreValue": "55"
  },
  {
    "productId": "863617",
    "technicalArticleNumber": "4715165",
    "commercialArticleNumber": "31935",
    "name": "Limoen & Sinaasappel",
    "description": "Limoen & Sinaasappel",
    "brand": "TIC TAC",
    "seoBrand": "Tic Tac",
    "thumbNail": "https://static.colruytgroup.com/images/200x200/std.lang.all/48/61/asset-3344861.jpg",
    "fullImage": "https://static.colruytgroup.com/images/500x500/std.lang.all/48/61/asset-3344861.jpg",
    "squareImage": "https://static.colruytgroup.com/images/500x500sq/std.lang.all/48/61/asset-3344861.jpg",
    "content": "49g",
    "walkRouteSequenceNumber": 18379,
    "price": {
      "basicPrice": 2.15,
      "recommendedQuantity": "1.0",
      "quantityPrice": 1.92,
      "quantityPriceQuantity": "2.0",
      "measurementUnitPrice": 43.88,
      "measurementUnitQuantityPrice": 39.19,
      "measurementUnit": "K",
      "isRedPrice": false,
      "pricePerUOM": 43.88,
      "activationDate": "23-03-2024",
      "recordSource": "Offline",
      "isPromoActive": "N",
      "priceChangeCode": "L",
      "quantityPricePerUOM": 39.19,
      "quantityActivationDate": "23-03-2024",
      "quantityPriceChangeCode": "E"
    },
    "isAvailable": true,
    "isPriceAvailable": true,
    "inPromo": false,
    "gtin": [
      "08000500413241",
      "04008400390529"
    ],
    "topCategoryName": "Koeken/Chocolade/Snoep",
    "topCategoryId": "335",
    "businessDomain": "RETAIL_BE",
    "IsPrivateLabel": false,
    "IsBiffe": false,
    "WeightconversionFactor": "0",
    "IsWeightArticle": false,
    "nutriscoreLabel": "E",
    "IsBio": false,
    "CountryOfOrigin": "IERLAND",
    "IsExclusivelySoldInLuxembourg": false,
    "OrderUnit": "P",
    "ShortName": "TIC TAC LIM.SINAAS.49G",
    "IsNew": false,
    "RecentQuanityOfStockUnits": "1,16",
    "LongName": "TIC TAC Limoen & Sinaasappel 49g",
    "AlcoholVolume": "0",
    "FicCode": "E"
  },
  {
    "productId": "321234",
    "technicalArticleNumber": "3764410",
    "commercialArticleNumber": "15682",
    "name": "caramel fl.sel",
    "brand": "LINDT EXCELLENCE",
    "seoBrand": "Lindt",
    "thumbNail": "https://static.colruytgroup.com/images/200x200/std.lang.all/10/54/asset-1371054.jpg",
    "fullImage": "https://static.colruytgroup.com/images/500x500/std.lang.all/10/54/asset-1371054.jpg",
    "squareImage": "https://static.colruytgroup.com/images/500x500sq/std.lang.all/10/54/asset-1371054.jpg",
    "content": "100g",
    "walkRouteSequenceNumber": 1379,
    "price": {
      "basicPrice": 2.19,
      "recommendedQuantity": "1.0",
      "measurementUnitPrice": 21.9,
      "measurementUnit": "K",
      "isRedPrice": false,
      "pricePerUOM": 21.9,
      "activationDate": "02-03-2024",
      "recordSource": "Offline",
      "isPromoActive": "N",
      "priceChangeCode": "L"
    },
    "isAvailable": true,
    "isPriceAvailable": true,
    "inPromo": false,
    "gtin": [
      "03046920727280",
      "03046920027281"
    ],
    "topCategoryName": "Koeken/Chocolade/Snoep",
    "topCategoryId": "335",
    "businessDomain": "RETAIL_BE",
    "IsPrivateLabel": false,
    "IsBiffe": false,
    "WeightconversionFactor": "0",
    "IsWeightArticle": false,
    "nutriscoreLabel": "E",
    "IsBio": false,
    "CountryOfOrigin": "ZWITSERLAND",
    "IsExclusivelySoldInLuxembourg": false,
    "OrderUnit": "P",
    "ShortName": "LIND EX.CARAM.FL.SEL100",
    "IsNew": false,
    "EcoscoreLabel": "E",
    "RecentQuanityOfStockUnits": "1",
    "LongName": "LINDT EXCELLENCE caramel fl.sel 100g",
    "AlcoholVolume": "0",
    "FicCode": "E",
    "EcoscoreValue": "15"
  },
  {
    "productId": "38989",
    "technicalArticleNumber": "1675044",
    "commercialArticleNumber": "21101",
    "name": "Ontbijtkoek mul.granen",
    "description": "*Individueel verpakt",
    "brand": "LU BELVITA",
    "seoBrand": "LU",
    "thumbNail": "https://static.colruytgroup.com/images/200x200/std.lang.all/14/89/asset-851489.jpg",
    "fullImage": "https://static.colruytgroup.com/images/500x500/std.lang.all/14/89/asset-851489.jpg",
    "squareImage": "https://static.colruytgroup.com/images/500x500sq/std.lang.all/14/89/asset-851489.jpg",
    "content": "15st",
    "walkRouteSequenceNumber": 2318,
    "price": {
      "basicPrice": 3.45,
      "recommendedQuantity": "2.0",
      "measurementUnitPrice": 11.5,
      "measurementUnit": "K",
      "isRedPrice": false,
      "pricePerUOM": 11.5,
      "activationDate": "13-03-2024",
      "recordSource": "Offline",
      "isPromoActive": "N",
      "priceChangeCode": "E"
    },
    "isAvailable": true,
    "isPriceAvailable": true,
    "inPromo": false,
    "gtin": [
      "05410041371000",
      "05400141383829",
      "15410041371007",
      "05410041000740"
    ],
    "topCategoryName": "Brood/Ontbijt",
    "topCategoryId": "124",
    "businessDomain": "RETAIL_BE",
    "IsPrivateLabel": false,
    "IsBiffe": false,
    "WeightconversionFactor": "0",
    "IsWeightArticle": false,
    "nutriscoreLabel": "D",
    "IsBio": false,
    "CountryOfOrigin": "BELGIË",
    "IsExclusivelySoldInLuxembourg": false,
    "OrderUnit": "P",
    "ShortName": "BELVITA MULTIGRA 300G",
    "IsNew": false,
    "RecentQuanityOfStockUnits": "1,2,10",
    "LongName": "LU BELVITA Ontbijtkoek mul.granen 15st",
    "AlcoholVolume": "0",
    "FicCode": "E"
  },
  {
    "productId": "198188",
    "technicalArticleNumber": "3437453",
    "commercialArticleNumber": "50130",
    "name": "Black Cookies gv",
    "description": "*Glutenvrij",
    "brand": "BONI",
    "seoBrand": "Boni Selection",
    "thumbNail": "https://static.colruytgroup.com/images/200x200/std.lang.all/96/77/asset-2539677.jpg",
    "fullImage": "https://static.colruytgroup.com/images/500x500/std.lang.all/96/77/asset-2539677.jpg",
    "squareImage": "https://static.colruytgroup.com/images/500x500sq/std.lang.all/96/77/asset-2539677.jpg",
    "content": "200g",
    "walkRouteSequenceNumber": 2215,
    "price": {
      "basicPrice": 1.99,
      "recommendedQuantity": "1.0",
      "measurementUnitPrice": 9.95,
      "measurementUnit": "K",
      "isRedPrice": false,
      "pricePerUOM": 9.95,
      "activationDate": "23-03-2023",
      "recordSource": "Offline",
      "isPromoActive": "N",
      "priceChangeCode": "E"
    },
    "isAvailable": true,
    "isPriceAvailable": true,
    "inPromo": false,
    "gtin": [
      "15400141086819",
      "05400141086812",
      "05400141306972",
      "15400141306979",
      "05400141355888"
    ],
    "topCategoryName": "Koeken/Chocolade/Snoep",
    "topCategoryId": "335",
    "businessDomain": "RETAIL_BE",
    "IsPrivateLabel": true,
    "IsBiffe": false,
    "WeightconversionFactor": "0",
    "IsWeightArticle": false,
    "nutriscoreLabel": "E",
    "IsBio": false,
    "CountryOfOrigin": "DUITSLAND",
    "IsExclusivelySoldInLuxembourg": false,
    "OrderUnit": "P",
    "ShortName": "BONI BLACK COOK.GV 200G",
    "IsNew": false,
    "EcoscoreLabel": "C",
    "RecentQuanityOfStockUnits": "1,14",
    "LongName": "BONI Black Cookies gv 200g",
    "AlcoholVolume": "0",
    "FicCode": "I",
    "EcoscoreValue": "59"
  },
  {
    "productId": "316836",
    "technicalArticleNumber": "3677813",
    "commercialArticleNumber": "22304",
    "name": "wafel Choc&Crunch",
    "brand": "BONI",
    "seoBrand": "Boni Selection",
    "thumbNail": "https://static.colruytgroup.com/images/200x200/std.lang.all/62/95/asset-1956295.jpg",
    "fullImage": "https://static.colruytgroup.com/images/500x500/std.lang.all/62/95/asset-1956295.jpg",
    "squareImage": "https://static.colruytgroup.com/images/500x500sq/std.lang.all/62/95/asset-1956295.jpg",
    "content": "5x32g",
    "walkRouteSequenceNumber": 1602,
    "price": {
      "basicPrice": 2.59,
      "recommendedQuantity": "1.0",
      "measurementUnitPrice": 16.19,
      "measurementUnit": "K",
      "isRedPrice": false,
      "pricePerUOM": 16.19,
      "activationDate": "13-03-2024",
      "isPromoActive": "N",
      "priceChangeCode": "H"
    },
    "isAvailable": true,
    "isPriceAvailable": true,
    "inPromo": false,
    "gtin": [
      "05400141280654",
      "15400141126324",
      "15400141280651",
      "05400141126327"
    ],
    "topCategoryName": "Koeken/Chocolade/Snoep",
    "topCategoryId": "335",
    "businessDomain": "RETAIL_BE",
    "IsPrivateLabel": true,
    "IsBiffe": false,
    "WeightconversionFactor": "0",
    "IsWeightArticle": false,
    "nutriscoreLabel": "E",
    "IsBio": false,
    "CountryOfOrigin": "TURKIJE",
    "IsExclusivelySoldInLuxembourg": false,
    "OrderUnit": "P",
    "ShortName": "BONI CHOC&CRUNCH 160G",
    "IsNew": false,
    "EcoscoreLabel": "C",
    "RecentQuanityOfStockUnits": "1,24",
    "LongName": "BONI wafel Choc&Crunch 5x32g",
    "AlcoholVolume": "0",
    "FicCode": "I",
    "EcoscoreValue": "49"
  },
  {
    "productId": "41382",
    "technicalArticleNumber": "2503782",
    "commercialArticleNumber": "8324",
    "name": "natuurboterwafels",
    "brand": "JULES DESTROOPER",
    "seoBrand": "Jules Destrooper",
    "thumbNail": "https://static.colruytgroup.com/images/200x200/std.lang.all/37/41/asset-1623741.jpg",
    "fullImage": "https://static.colruytgroup.com/images/500x500/std.lang.all/37/41/asset-1623741.jpg",
    "squareImage": "https://static.colruytgroup.com/images/500x500sq/std.lang.all/37/41/asset-1623741.jpg",
    "content": "175g",
    "walkRouteSequenceNumber": 2087,
    "price": {
      "basicPrice": 2.59,
      "recommendedQuantity": "2.0",
      "measurementUnitPrice": 14.8,
      "measurementUnit": "K",
      "isRedPrice": false,
      "pricePerUOM": 14.8,
      "activationDate": "20-03-2024",
      "recordSource": "Folder",
      "isPromoActive": "N",
      "priceChangeCode": "L"
    },
    "isAvailable": true,
    "isPriceAvailable": true,
    "inPromo": false,
    "gtin": [
      "05410471908401",
      "15410471908408",
      "05410471112204",
      "05410471112006",
      "05400141001051"
    ],
    "topCategoryName": "Koeken/Chocolade/Snoep",
    "topCategoryId": "335",
    "businessDomain": "RETAIL_BE",
    "IsPrivateLabel": false,
    "IsBiffe": false,
    "WeightconversionFactor": "0",
    "IsWeightArticle": false,
    "nutriscoreLabel": "E",
    "IsBio": false,
    "CountryOfOrigin": "BELGIË",
    "IsExclusivelySoldInLuxembourg": false,
    "OrderUnit": "P",
    "ShortName": "JDS BOTERWAFELS 175G",
    "IsNew": false,
    "EcoscoreLabel": "B",
    "RecentQuanityOfStockUnits": "2,1",
    "LongName": "JULES DESTROOPER natuurboterwafels 175g",
    "AlcoholVolume": "0",
    "FicCode": "E",
    "EcoscoreValue": "64"
  },
  {
    "productId": "879164",
    "technicalArticleNumber": "4735679",
    "commercialArticleNumber": "23206",
    "name": "minicakes aardbeien",
    "brand": "C'TROTOP",
    "seoBrand": "C'TROTOP",
    "thumbNail": "https://static.colruytgroup.com/images/200x200/std.lang.all/36/06/asset-3363606.jpg",
    "fullImage": "https://static.colruytgroup.com/images/500x500/std.lang.all/36/06/asset-3363606.jpg",
    "squareImage": "https://static.colruytgroup.com/images/500x500sq/std.lang.all/36/06/asset-3363606.jpg",
    "content": "14x30g",
    "walkRouteSequenceNumber": 2299,
    "price": {
      "basicPrice": 2.59,
      "recommendedQuantity": "1.0",
      "measurementUnitPrice": 6.17,
      "measurementUnit": "K",
      "isRedPrice": false,
      "pricePerUOM": 6.17,
      "activationDate": "06-06-2023",
      "isPromoActive": "N",
      "priceChangeCode": "E"
    },
    "isAvailable": true,
    "isPriceAvailable": true,
    "inPromo": false,
    "gtin": [
      "03760093911672"
    ],
    "topCategoryName": "Koeken/Chocolade/Snoep",
    "topCategoryId": "335",
    "businessDomain": "RETAIL_BE",
    "IsPrivateLabel": false,
    "IsBiffe": false,
    "WeightconversionFactor": "0",
    "IsWeightArticle": false,
    "nutriscoreLabel": "D",
    "IsBio": false,
    "CountryOfOrigin": "FRANKRIJK",
    "IsExclusivelySoldInLuxembourg": false,
    "OrderUnit": "P",
    "ShortName": "CTRO M.CAKES AARDB14X30",
    "IsNew": false,
    "EcoscoreLabel": "C",
    "RecentQuanityOfStockUnits": "1",
    "LongName": "C'TROTOP minicakes aardbeien 14x30g",
    "AlcoholVolume": "0",
    "FicCode": "E",
    "EcoscoreValue": "56"
  },
  {
    "productId": "463904",
    "technicalArticleNumber": "3952255",
    "commercialArticleNumber": "1888",
    "name": "Zero melkchocolade",
    "brand": "CÔTE D'OR",
    "seoBrand": "Côte d'Or Zero",
    "thumbNail": "https://static.colruytgroup.com/images/200x200/std.lang.all/59/03/asset-1545903.jpg",
    "fullImage": "https://static.colruytgroup.com/images/500x500/std.lang.all/59/03/asset-1545903.jpg",
    "squareImage": "https://static.colruytgroup.com/images/500x500sq/std.lang.all/59/03/asset-1545903.jpg",
    "content": "4x50g",
    "walkRouteSequenceNumber": 1433,
    "price": {
      "basicPrice": 2.87,
      "recommendedQuantity": "2.0",
      "measurementUnitPrice": 14.35,
      "measurementUnit": "K",
      "isRedPrice": false,
      "pricePerUOM": 14.35,
      "activationDate": "14-03-2024",
      "recordSource": "Folder",
      "isPromoActive": "N",
      "priceChangeCode": "L"
    },
    "isAvailable": true,
    "isPriceAvailable": true,
    "inPromo": false,
    "gtin": [
      "05400141072372",
      "07622210727916",
      "07622210926975"
    ],
    "topCategoryName": "Koeken/Chocolade/Snoep",
    "topCategoryId": "335",
    "businessDomain": "RETAIL_BE",
    "IsPrivateLabel": false,
    "IsBiffe": false,
    "WeightconversionFactor": "0",
    "IsWeightArticle": false,
    "nutriscoreLabel": "E",
    "IsBio": false,
    "CountryOfOrigin": "BELGIË",
    "IsExclusivelySoldInLuxembourg": false,
    "OrderUnit": "P",
    "ShortName": "CD ZERO MELK 4X50G",
    "InSeason": true,
    "IsNew": false,
    "RecentQuanityOfStockUnits": "2,1",
    "LongName": "CÔTE D'OR Zero melkchocolade 4x50g",
    "StartSeasonDate": "01/08/2022",
    "FicCode": "E"
  },
  {
    "productId": "552517",
    "technicalArticleNumber": "4184592",
    "commercialArticleNumber": "13146",
    "name": "schokobons white",
    "brand": "KINDER",
    "seoBrand": "Kinder",
    "thumbNail": "https://static.colruytgroup.com/images/200x200/std.lang.all/20/92/asset-2062092.jpg",
    "fullImage": "https://static.colruytgroup.com/images/500x500/std.lang.all/20/92/asset-2062092.jpg",
    "squareImage": "https://static.colruytgroup.com/images/500x500sq/std.lang.all/20/92/asset-2062092.jpg",
    "content": "200g",
    "walkRouteSequenceNumber": 1582,
    "price": {
      "basicPrice": 2.98,
      "recommendedQuantity": "1.0",
      "measurementUnitPrice": 14.9,
      "measurementUnit": "K",
      "isRedPrice": false,
      "pricePerUOM": 14.9,
      "activationDate": "07-03-2024",
      "recordSource": "Offline",
      "isPromoActive": "N",
      "priceChangeCode": "L"
    },
    "isAvailable": true,
    "isPriceAvailable": true,
    "inPromo": false,
    "gtin": [
      "08000500289884",
      "08000500289877"
    ],
    "topCategoryName": "Koeken/Chocolade/Snoep",
    "topCategoryId": "335",
    "businessDomain": "RETAIL_BE",
    "IsPrivateLabel": false,
    "IsBiffe": false,
    "WeightconversionFactor": "0",
    "IsWeightArticle": false,
    "nutriscoreLabel": "E",
    "IsBio": false,
    "CountryOfOrigin": "BELGIË",
    "IsExclusivelySoldInLuxembourg": false,
    "OrderUnit": "P",
    "ShortName": "KIND SCHOKOBONS WH.200",
    "InSeason": true,
    "IsNew": false,
    "RecentQuanityOfStockUnits": "1",
    "LongName": "KINDER schokobons white 200g",
    "StartSeasonDate": "30/11/2022",
    "FicCode": "E"
  },
  {
    "productId": "747745",
    "technicalArticleNumber": "4516972",
    "commercialArticleNumber": "15506",
    "name": "paasfiguurtje",
    "brand": "HAMLET",
    "seoBrand": "Hamlet",
    "thumbNail": "https://static.colruytgroup.com/images/200x200/std.lang.all/20/82/asset-2752082.jpg",
    "fullImage": "https://static.colruytgroup.com/images/500x500/std.lang.all/20/82/asset-2752082.jpg",
    "squareImage": "https://static.colruytgroup.com/images/500x500sq/std.lang.all/20/82/asset-2752082.jpg",
    "content": "55g",
    "walkRouteSequenceNumber": 1488,
    "price": {
      "basicPrice": 1.49,
      "recommendedQuantity": "1.0",
      "measurementUnitPrice": 27.1,
      "measurementUnit": "K",
      "isRedPrice": false,
      "pricePerUOM": 27.1,
      "activationDate": "28-10-2023",
      "isPromoActive": "N",
      "priceChangeCode": "E"
    },
    "isAvailable": true,
    "isPriceAvailable": true,
    "inPromo": false,
    "gtin": [
      "05400265172620",
      "05400265037011"
    ],
    "topCategoryName": "Koeken/Chocolade/Snoep",
    "topCategoryId": "335",
    "businessDomain": "RETAIL_BE",
    "IsPrivateLabel": false,
    "IsBiffe": false,
    "WeightconversionFactor": "0",
    "IsWeightArticle": false,
    "nutriscoreLabel": "E",
    "IsBio": false,
    "CountryOfOrigin": "BELGIË",
    "IsExclusivelySoldInLuxembourg": false,
    "OrderUnit": "P",
    "ShortName": "HAML PAASFIGUURTJE 55G",
    "InSeason": true,
    "IsNew": false,
    "EcoscoreLabel": "D",
    "RecentQuanityOfStockUnits": "1,24",
    "LongName": "HAMLET paasfiguurtje 55g",
    "AlcoholVolume": "0",
    "StartSeasonDate": "25/10/2023",
    "FicCode": "E",
    "EcoscoreValue": "28"
  },
  {
    "productId": "292423",
    "technicalArticleNumber": "3685432",
    "commercialArticleNumber": "13385",
    "name": "Zitrone vitamin C",
    "brand": "DEXTRO ENERGY",
    "seoBrand": "Dextro Energy",
    "thumbNail": "https://static.colruytgroup.com/images/200x200/std.lang.all/44/85/asset-2804485.jpg",
    "fullImage": "https://static.colruytgroup.com/images/500x500/std.lang.all/44/85/asset-2804485.jpg",
    "squareImage": "https://static.colruytgroup.com/images/500x500sq/std.lang.all/44/85/asset-2804485.jpg",
    "content": "3x46g",
    "walkRouteSequenceNumber": 18405,
    "price": {
      "basicPrice": 3.99,
      "recommendedQuantity": "1.0",
      "measurementUnitPrice": 28.92,
      "measurementUnit": "K",
      "isRedPrice": false,
      "pricePerUOM": 28.92,
      "activationDate": "20-09-2023",
      "isPromoActive": "N",
      "priceChangeCode": "E"
    },
    "isAvailable": true,
    "isPriceAvailable": true,
    "inPromo": false,
    "gtin": [
      "04046802311773",
      "04046802310714",
      "00000040468280"
    ],
    "topCategoryName": "Koeken/Chocolade/Snoep",
    "topCategoryId": "335",
    "businessDomain": "RETAIL_BE",
    "IsPrivateLabel": false,
    "IsBiffe": false,
    "WeightconversionFactor": "0",
    "IsWeightArticle": false,
    "nutriscoreLabel": "E",
    "IsBio": false,
    "CountryOfOrigin": "DUITSLAND",
    "IsExclusivelySoldInLuxembourg": false,
    "OrderUnit": "P",
    "ShortName": "DEXT CUBE CITROEN 3X46G",
    "IsNew": false,
    "RecentQuanityOfStockUnits": "1",
    "LongName": "DEXTRO ENERGY Zitrone vitamin C 3x46g",
    "AlcoholVolume": "0",
    "FicCode": "E"
  },
  {
    "productId": "341005",
    "technicalArticleNumber": "3820089",
    "commercialArticleNumber": "40433",
    "name": "brownie",
    "brand": "BONI",
    "seoBrand": "Boni Selection",
    "thumbNail": "https://static.colruytgroup.com/images/200x200/std.lang.all/11/58/asset-3411158.jpg",
    "fullImage": "https://static.colruytgroup.com/images/500x500/std.lang.all/11/58/asset-3411158.jpg",
    "squareImage": "https://static.colruytgroup.com/images/500x500sq/std.lang.all/11/58/asset-3411158.jpg",
    "content": "285g",
    "walkRouteSequenceNumber": 6086,
    "price": {
      "basicPrice": 3.89,
      "recommendedQuantity": "1.0",
      "measurementUnitPrice": 13.65,
      "measurementUnit": "K",
      "isRedPrice": false,
      "pricePerUOM": 13.65,
      "activationDate": "28-02-2024",
      "isPromoActive": "N",
      "priceChangeCode": "E"
    },
    "isAvailable": true,
    "isPriceAvailable": true,
    "inPromo": false,
    "gtin": [
      "05400141999563",
      "05400141235906",
      "15400141244516",
      "05400141244519",
      "15400141999560",
      "15400141532620",
      "05400141604818",
      "05400141532623",
      "15400141604815"
    ],
    "topCategoryName": "Koeken/Chocolade/Snoep",
    "topCategoryId": "335",
    "businessDomain": "RETAIL_BE",
    "IsPrivateLabel": true,
    "IsBiffe": false,
    "WeightconversionFactor": "0",
    "IsWeightArticle": false,
    "nutriscoreLabel": "E",
    "IsBio": false,
    "CountryOfOrigin": "BELGIË",
    "IsExclusivelySoldInLuxembourg": false,
    "OrderUnit": "P",
    "ShortName": "BONI BROWNIE 285G",
    "IsNew": false,
    "EcoscoreLabel": "C",
    "RecentQuanityOfStockUnits": "1,9",
    "LongName": "BONI brownie 285g",
    "AlcoholVolume": "0",
    "FicCode": "I",
    "EcoscoreValue": "54"
  },
  {
    "productId": "330896",
    "technicalArticleNumber": "3810160",
    "commercialArticleNumber": "15648",
    "name": "dragibus duomix",
    "description": "*Zonder dierlijke\ngelatine",
    "brand": "HARIBO",
    "seoBrand": "Haribo",
    "thumbNail": "https://static.colruytgroup.com/images/200x200/std.lang.all/82/64/asset-1448264.jpg",
    "fullImage": "https://static.colruytgroup.com/images/500x500/std.lang.all/82/64/asset-1448264.jpg",
    "squareImage": "https://static.colruytgroup.com/images/500x500sq/std.lang.all/82/64/asset-1448264.jpg",
    "content": "130g",
    "walkRouteSequenceNumber": 1630,
    "price": {
      "basicPrice": 2.69,
      "recommendedQuantity": "1.0",
      "measurementUnitPrice": 20.7,
      "measurementUnit": "K",
      "isRedPrice": false,
      "pricePerUOM": 20.7,
      "activationDate": "23-03-2024",
      "recordSource": "Offline",
      "isPromoActive": "N",
      "priceChangeCode": "E"
    },
    "isAvailable": true,
    "isPriceAvailable": true,
    "inPromo": false,
    "gtin": [
      "04001686703892",
      "04001686703793"
    ],
    "topCategoryName": "Koeken/Chocolade/Snoep",
    "topCategoryId": "335",
    "businessDomain": "RETAIL_BE",
    "IsPrivateLabel": false,
    "IsBiffe": false,
    "WeightconversionFactor": "0",
    "IsWeightArticle": false,
    "nutriscoreLabel": "E",
    "IsBio": false,
    "CountryOfOrigin": "NEDERLAND",
    "IsExclusivelySoldInLuxembourg": false,
    "OrderUnit": "P",
    "ShortName": "HARI DRAGIBUS DUOMIX130",
    "IsNew": false,
    "EcoscoreLabel": "C",
    "RecentQuanityOfStockUnits": "1,8",
    "LongName": "HARIBO dragibus duomix 130g",
    "AlcoholVolume": "0",
    "FicCode": "E",
    "EcoscoreValue": "42"
  },
  {
    "productId": "1565",
    "technicalArticleNumber": "20596",
    "commercialArticleNumber": "20596",
    "name": "borstbollen",
    "brand": "WYCAMS",
    "seoBrand": "Wycam's",
    "thumbNail": "https://static.colruytgroup.com/images/200x200/std.lang.all/35/86/asset-333586.jpg",
    "fullImage": "https://static.colruytgroup.com/images/500x500/std.lang.all/35/86/asset-333586.jpg",
    "squareImage": "https://static.colruytgroup.com/images/500x500sq/std.lang.all/35/86/asset-333586.jpg",
    "content": "325g",
    "walkRouteSequenceNumber": 18404,
    "price": {
      "basicPrice": 4.39,
      "recommendedQuantity": "1.0",
      "measurementUnitPrice": 13.51,
      "measurementUnit": "K",
      "isRedPrice": false,
      "pricePerUOM": 13.51,
      "activationDate": "23-02-2024",
      "recordSource": "Offline",
      "isPromoActive": "N",
      "priceChangeCode": "E"
    },
    "isAvailable": true,
    "isPriceAvailable": true,
    "inPromo": false,
    "gtin": [
      "05410591267907",
      "05410591267921"
    ],
    "topCategoryName": "Koeken/Chocolade/Snoep",
    "topCategoryId": "335",
    "businessDomain": "RETAIL_BE",
    "IsPrivateLabel": false,
    "IsBiffe": false,
    "WeightconversionFactor": "0",
    "IsWeightArticle": false,
    "nutriscoreLabel": "E",
    "IsBio": false,
    "CountryOfOrigin": "BELGIË",
    "IsExclusivelySoldInLuxembourg": false,
    "OrderUnit": "P",
    "ShortName": "WYCAMS BORSTBOL 325GR",
    "IsNew": false,
    "EcoscoreLabel": "B",
    "RecentQuanityOfStockUnits": "1,24",
    "LongName": "WYCAMS borstbollen 325g",
    "AlcoholVolume": "0",
    "FicCode": "E",
    "EcoscoreValue": "77"
  },
  {
    "productId": "58342",
    "technicalArticleNumber": "2298063",
    "commercialArticleNumber": "7880",
    "name": "mini koeken",
    "description": "*Individueel verpakt",
    "brand": "PLOP",
    "seoBrand": "Plop Jules Destrooper",
    "thumbNail": "https://static.colruytgroup.com/images/200x200/std.lang.all/84/78/asset-348478.jpg",
    "fullImage": "https://static.colruytgroup.com/images/500x500/std.lang.all/84/78/asset-348478.jpg",
    "squareImage": "https://static.colruytgroup.com/images/500x500sq/std.lang.all/84/78/asset-348478.jpg",
    "content": "8x30g",
    "walkRouteSequenceNumber": 2286,
    "price": {
      "basicPrice": 2.79,
      "recommendedQuantity": "1.0",
      "measurementUnitPrice": 11.63,
      "measurementUnit": "K",
      "isRedPrice": false,
      "pricePerUOM": 11.63,
      "activationDate": "21-03-2024",
      "isPromoActive": "N",
      "priceChangeCode": "L"
    },
    "isAvailable": true,
    "isPriceAvailable": true,
    "inPromo": false,
    "gtin": [
      "15410471908996",
      "05410931502064",
      "05410471908999"
    ],
    "topCategoryName": "Koeken/Chocolade/Snoep",
    "topCategoryId": "335",
    "businessDomain": "RETAIL_BE",
    "IsPrivateLabel": false,
    "IsBiffe": false,
    "WeightconversionFactor": "0",
    "IsWeightArticle": false,
    "nutriscoreLabel": "D",
    "IsBio": false,
    "CountryOfOrigin": "BELGIË",
    "IsExclusivelySoldInLuxembourg": false,
    "OrderUnit": "P",
    "ShortName": "PLOP MINI KOEKEN 240G",
    "InSeason": true,
    "IsNew": false,
    "EcoscoreLabel": "B",
    "RecentQuanityOfStockUnits": "1",
    "LongName": "PLOP mini koeken 8x30g",
    "AlcoholVolume": "0",
    "StartSeasonDate": "10/02/2012",
    "FicCode": "E",
    "EcoscoreValue": "67"
  },
  {
    "productId": "869473",
    "technicalArticleNumber": "4722810",
    "commercialArticleNumber": "18540",
    "name": "Summer Fruits Vegan",
    "brand": "FRUIT-TELLA",
    "seoBrand": "Fruit-tella",
    "thumbNail": "https://static.colruytgroup.com/images/200x200/std.lang.all/79/03/asset-3247903.jpg",
    "fullImage": "https://static.colruytgroup.com/images/500x500/std.lang.all/79/03/asset-3247903.jpg",
    "squareImage": "https://static.colruytgroup.com/images/500x500sq/std.lang.all/79/03/asset-3247903.jpg",
    "content": "400g",
    "walkRouteSequenceNumber": 1993,
    "price": {
      "basicPrice": 4.8,
      "recommendedQuantity": "1.0",
      "measurementUnitPrice": 12,
      "measurementUnit": "K",
      "isRedPrice": false,
      "pricePerUOM": 12,
      "activationDate": "23-03-2024",
      "recordSource": "Offline",
      "isPromoActive": "N",
      "priceChangeCode": "L"
    },
    "isAvailable": true,
    "isPriceAvailable": true,
    "inPromo": false,
    "gtin": [
      "08723400797593",
      "08723400797609"
    ],
    "topCategoryName": "Koeken/Chocolade/Snoep",
    "topCategoryId": "335",
    "businessDomain": "RETAIL_BE",
    "IsPrivateLabel": false,
    "IsBiffe": false,
    "WeightconversionFactor": "0",
    "IsWeightArticle": false,
    "nutriscoreLabel": "E",
    "IsBio": false,
    "CountryOfOrigin": "NEDERLAND",
    "IsExclusivelySoldInLuxembourg": false,
    "OrderUnit": "P",
    "ShortName": "FRUI SUM.FRUI.VEGAN400G",
    "IsNew": false,
    "EcoscoreLabel": "C",
    "RecentQuanityOfStockUnits": "1",
    "LongName": "FRUIT-TELLA Summer Fruits Vegan 400g",
    "AlcoholVolume": "0",
    "FicCode": "E",
    "EcoscoreValue": "42"
  },
  {
    "productId": "344751",
    "technicalArticleNumber": "3830208",
    "commercialArticleNumber": "14136",
    "name": "zure aardbeimatten",
    "brand": "LOOK O LOOK",
    "seoBrand": "Look O Look",
    "thumbNail": "https://static.colruytgroup.com/images/200x200/std.lang.all/95/96/asset-659596.jpg",
    "fullImage": "https://static.colruytgroup.com/images/500x500/std.lang.all/95/96/asset-659596.jpg",
    "squareImage": "https://static.colruytgroup.com/images/500x500sq/std.lang.all/95/96/asset-659596.jpg",
    "content": "145g",
    "walkRouteSequenceNumber": 1636,
    "price": {
      "basicPrice": 2.79,
      "recommendedQuantity": "1.0",
      "measurementUnitPrice": 19.25,
      "measurementUnit": "K",
      "isRedPrice": false,
      "pricePerUOM": 19.25,
      "activationDate": "03-01-2024",
      "isPromoActive": "N",
      "priceChangeCode": "L"
    },
    "isAvailable": true,
    "isPriceAvailable": true,
    "inPromo": false,
    "gtin": [
      "08713600195169",
      "08713600795161"
    ],
    "topCategoryName": "Koeken/Chocolade/Snoep",
    "topCategoryId": "335",
    "businessDomain": "RETAIL_BE",
    "IsPrivateLabel": false,
    "IsBiffe": false,
    "WeightconversionFactor": "0",
    "IsWeightArticle": false,
    "IsBio": false,
    "CountryOfOrigin": "BELGIË",
    "IsExclusivelySoldInLuxembourg": false,
    "OrderUnit": "P",
    "ShortName": "LOOK ZURE AARBEIMATT145",
    "IsNew": false,
    "RecentQuanityOfStockUnits": "1",
    "LongName": "LOOK O LOOK zure aardbeimatten 145g",
    "AlcoholVolume": "0",
    "FicCode": "E"
  },
  {
    "productId": "301425",
    "technicalArticleNumber": "3715793",
    "commercialArticleNumber": "20464",
    "name": "gum white sweetmint",
    "brand": "MENTOS",
    "seoBrand": "Mentos",
    "thumbNail": "https://static.colruytgroup.com/images/200x200/std.lang.all/95/19/asset-1319519.jpg",
    "fullImage": "https://static.colruytgroup.com/images/500x500/std.lang.all/95/19/asset-1319519.jpg",
    "squareImage": "https://static.colruytgroup.com/images/500x500sq/std.lang.all/95/19/asset-1319519.jpg",
    "content": "60g",
    "walkRouteSequenceNumber": 18344,
    "price": {
      "basicPrice": 2.99,
      "recommendedQuantity": "1.0",
      "measurementUnitPrice": 0.075,
      "measurementUnit": "S",
      "isRedPrice": false,
      "pricePerUOM": 0.075,
      "activationDate": "23-03-2024",
      "recordSource": "Offline",
      "isPromoActive": "N",
      "priceChangeCode": "E"
    },
    "isAvailable": true,
    "isPriceAvailable": true,
    "inPromo": false,
    "gtin": [
      "00000080723028",
      "08723400818410"
    ],
    "topCategoryName": "Koeken/Chocolade/Snoep",
    "topCategoryId": "335",
    "businessDomain": "RETAIL_BE",
    "IsPrivateLabel": false,
    "IsBiffe": false,
    "WeightconversionFactor": "0",
    "IsWeightArticle": false,
    "nutriscoreLabel": "B",
    "IsBio": false,
    "CountryOfOrigin": "TURKIJE",
    "IsExclusivelySoldInLuxembourg": false,
    "OrderUnit": "P",
    "ShortName": "MENT GUM WHTE SWTMINT40",
    "IsNew": false,
    "EcoscoreLabel": "C",
    "RecentQuanityOfStockUnits": "1",
    "LongName": "MENTOS gum white sweetmint 60g",
    "AlcoholVolume": "0",
    "FicCode": "E",
    "EcoscoreValue": "42"
  },
  {
    "productId": "685448",
    "technicalArticleNumber": "4408119",
    "commercialArticleNumber": "24866",
    "name": "dino rex",
    "brand": "TROLLI",
    "seoBrand": "Trolli",
    "thumbNail": "https://static.colruytgroup.com/images/200x200/std.lang.all/29/11/asset-3252911.jpg",
    "fullImage": "https://static.colruytgroup.com/images/500x500/std.lang.all/29/11/asset-3252911.jpg",
    "squareImage": "https://static.colruytgroup.com/images/500x500sq/std.lang.all/29/11/asset-3252911.jpg",
    "content": "200g",
    "walkRouteSequenceNumber": 1958,
    "price": {
      "basicPrice": 1.79,
      "recommendedQuantity": "1.0",
      "measurementUnitPrice": 8.95,
      "measurementUnit": "K",
      "isRedPrice": false,
      "pricePerUOM": 8.95,
      "activationDate": "18-01-2024",
      "recordSource": "Offline",
      "isPromoActive": "N",
      "priceChangeCode": "L"
    },
    "isAvailable": true,
    "isPriceAvailable": true,
    "inPromo": false,
    "gtin": [
      "04003084812145",
      "04000512148562",
      "04000512364764"
    ],
    "topCategoryName": "Koeken/Chocolade/Snoep",
    "topCategoryId": "335",
    "businessDomain": "RETAIL_BE",
    "IsPrivateLabel": false,
    "IsBiffe": false,
    "WeightconversionFactor": "0",
    "IsWeightArticle": false,
    "nutriscoreLabel": "E",
    "IsBio": false,
    "CountryOfOrigin": "DUITSLAND",
    "IsExclusivelySoldInLuxembourg": false,
    "OrderUnit": "P",
    "ShortName": "TROL DINO REX 200G",
    "IsNew": false,
    "EcoscoreLabel": "C",
    "RecentQuanityOfStockUnits": "1",
    "LongName": "TROLLI dino rex 200g",
    "FicCode": "E",
    "EcoscoreValue": "42"
  },
  {
    "productId": "804904",
    "technicalArticleNumber": "4622472",
    "commercialArticleNumber": "1164",
    "name": "damier",
    "brand": "ALISA'S COOKIES",
    "seoBrand": "Alisa's cookies",
    "thumbNail": "https://static.colruytgroup.com/images/200x200/std.lang.all/41/67/asset-3264167.jpg",
    "fullImage": "https://static.colruytgroup.com/images/500x500/std.lang.all/41/67/asset-3264167.jpg",
    "squareImage": "https://static.colruytgroup.com/images/500x500sq/std.lang.all/41/67/asset-3264167.jpg",
    "content": "200g",
    "walkRouteSequenceNumber": 2052,
    "price": {
      "basicPrice": 2.99,
      "recommendedQuantity": "1.0",
      "measurementUnitPrice": 14.95,
      "measurementUnit": "K",
      "isRedPrice": false,
      "pricePerUOM": 14.95,
      "activationDate": "02-01-2024",
      "isPromoActive": "N",
      "priceChangeCode": "E"
    },
    "isAvailable": true,
    "isPriceAvailable": true,
    "inPromo": false,
    "gtin": [
      "15407008810150",
      "05407008810153"
    ],
    "topCategoryName": "Koeken/Chocolade/Snoep",
    "topCategoryId": "335",
    "businessDomain": "RETAIL_BE",
    "IsPrivateLabel": false,
    "IsBiffe": false,
    "WeightconversionFactor": "0",
    "IsWeightArticle": false,
    "nutriscoreLabel": "E",
    "IsBio": false,
    "CountryOfOrigin": "BELGIË",
    "IsExclusivelySoldInLuxembourg": false,
    "OrderUnit": "P",
    "ShortName": "ALCO DAMIER 200G",
    "IsNew": false,
    "EcoscoreLabel": "D",
    "RecentQuanityOfStockUnits": "1",
    "LongName": "ALISA'S COOKIES damier 200g",
    "FicCode": "E",
    "EcoscoreValue": "32"
  },
  {
    "productId": "158297",
    "technicalArticleNumber": "3275681",
    "commercialArticleNumber": "3218",
    "name": "pastille eucalyptus sv",
    "brand": "RICOLA",
    "seoBrand": "Ricola",
    "thumbNail": "https://static.colruytgroup.com/images/200x200/std.lang.all/85/75/asset-3028575.jpg",
    "fullImage": "https://static.colruytgroup.com/images/500x500/std.lang.all/85/75/asset-3028575.jpg",
    "squareImage": "https://static.colruytgroup.com/images/500x500sq/std.lang.all/85/75/asset-3028575.jpg",
    "content": "50g",
    "walkRouteSequenceNumber": 18326,
    "price": {
      "basicPrice": 1.99,
      "recommendedQuantity": "2.0",
      "measurementUnitPrice": 39.8,
      "measurementUnit": "K",
      "isRedPrice": false,
      "pricePerUOM": 39.8,
      "activationDate": "14-02-2024",
      "recordSource": "Offline",
      "isPromoActive": "N",
      "priceChangeCode": "H"
    },
    "isAvailable": true,
    "isPriceAvailable": true,
    "inPromo": false,
    "gtin": [
      "07610700949085",
      "07610700946701",
      "07610700946695"
    ],
    "topCategoryName": "Koeken/Chocolade/Snoep",
    "topCategoryId": "335",
    "businessDomain": "RETAIL_BE",
    "IsPrivateLabel": false,
    "IsBiffe": false,
    "WeightconversionFactor": "0",
    "IsWeightArticle": false,
    "nutriscoreLabel": "B",
    "IsBio": false,
    "CountryOfOrigin": "ZWITSERLAND",
    "IsExclusivelySoldInLuxembourg": false,
    "OrderUnit": "P",
    "ShortName": "RICOLA EUCALYPTUS 50G",
    "IsNew": false,
    "EcoscoreLabel": "B",
    "RecentQuanityOfStockUnits": "1,20,2",
    "LongName": "RICOLA pastille eucalyptus sv 50g",
    "AlcoholVolume": "0",
    "FicCode": "E",
    "EcoscoreValue": "66"
  },
  {
    "productId": "866603",
    "technicalArticleNumber": "4719255",
    "commercialArticleNumber": "9508",
    "name": "koekjes choco crunchies",
    "brand": "CEREAL",
    "seoBrand": "Céréal",
    "thumbNail": "https://static.colruytgroup.com/images/200x200/std.lang.all/67/48/asset-3236748.jpg",
    "fullImage": "https://static.colruytgroup.com/images/500x500/std.lang.all/67/48/asset-3236748.jpg",
    "squareImage": "https://static.colruytgroup.com/images/500x500sq/std.lang.all/67/48/asset-3236748.jpg",
    "content": "185g",
    "walkRouteSequenceNumber": 2231,
    "price": {
      "basicPrice": 4.08,
      "recommendedQuantity": "1.0",
      "measurementUnitPrice": 22.06,
      "measurementUnit": "K",
      "isRedPrice": false,
      "pricePerUOM": 22.06,
      "activationDate": "05-03-2024",
      "recordSource": "Offline",
      "isPromoActive": "N",
      "priceChangeCode": "E"
    },
    "isAvailable": true,
    "isPriceAvailable": true,
    "inPromo": false,
    "gtin": [
      "05410063040632",
      "05410063040649"
    ],
    "topCategoryName": "Koeken/Chocolade/Snoep",
    "topCategoryId": "335",
    "businessDomain": "RETAIL_BE",
    "IsPrivateLabel": false,
    "IsBiffe": false,
    "WeightconversionFactor": "0",
    "IsWeightArticle": false,
    "nutriscoreLabel": "C",
    "IsBio": false,
    "CountryOfOrigin": "FRANKRIJK",
    "IsExclusivelySoldInLuxembourg": false,
    "OrderUnit": "P",
    "ShortName": "CERE CHOCO CRUNCHIES185",
    "IsNew": false,
    "EcoscoreLabel": "C",
    "RecentQuanityOfStockUnits": "1",
    "LongName": "CEREAL koekjes choco crunchies 185g",
    "FicCode": "E",
    "EcoscoreValue": "42"
  },
  {
    "productId": "887215",
    "technicalArticleNumber": "4746527",
    "commercialArticleNumber": "32753",
    "name": "peperkoek minder suiker",
    "brand": "LOTUS",
    "seoBrand": "Lotus",
    "thumbNail": "https://static.colruytgroup.com/images/200x200/std.lang.all/81/95/asset-3308195.jpg",
    "fullImage": "https://static.colruytgroup.com/images/500x500/std.lang.all/81/95/asset-3308195.jpg",
    "squareImage": "https://static.colruytgroup.com/images/500x500sq/std.lang.all/81/95/asset-3308195.jpg",
    "content": "455g",
    "walkRouteSequenceNumber": 17579,
    "price": {
      "basicPrice": 3.96,
      "recommendedQuantity": "1.0",
      "measurementUnitPrice": 8.71,
      "measurementUnit": "K",
      "isRedPrice": false,
      "pricePerUOM": 8.71,
      "activationDate": "02-02-2024",
      "recordSource": "Offline",
      "isPromoActive": "N",
      "priceChangeCode": "E"
    },
    "isAvailable": true,
    "isPriceAvailable": true,
    "inPromo": false,
    "gtin": [
      "15410126301530",
      "05410126301533"
    ],
    "topCategoryName": "Brood/Ontbijt",
    "topCategoryId": "124",
    "businessDomain": "RETAIL_BE",
    "IsPrivateLabel": false,
    "IsBiffe": false,
    "WeightconversionFactor": "0",
    "IsWeightArticle": false,
    "nutriscoreLabel": "A",
    "IsBio": false,
    "CountryOfOrigin": "NEDERLAND",
    "IsExclusivelySoldInLuxembourg": false,
    "OrderUnit": "P",
    "ShortName": "LOTU PEPERK.M.SUIKER455",
    "IsNew": false,
    "RecentQuanityOfStockUnits": "1",
    "LongName": "LOTUS peperkoek minder suiker 455g",
    "FicCode": "E"
  },
  {
    "productId": "460272",
    "technicalArticleNumber": "3957371",
    "commercialArticleNumber": "2224",
    "name": "puur hele noot",
    "brand": "CÔTE D'OR",
    "seoBrand": "Côte d'Or",
    "thumbNail": "https://static.colruytgroup.com/images/200x200/std.lang.all/07/34/asset-1620734.jpg",
    "fullImage": "https://static.colruytgroup.com/images/500x500/std.lang.all/07/34/asset-1620734.jpg",
    "squareImage": "https://static.colruytgroup.com/images/500x500sq/std.lang.all/07/34/asset-1620734.jpg",
    "content": "4x45g",
    "walkRouteSequenceNumber": 1426,
    "price": {
      "basicPrice": 3.85,
      "recommendedQuantity": "1.0",
      "measurementUnitPrice": 21.39,
      "measurementUnit": "K",
      "isRedPrice": false,
      "pricePerUOM": 21.39,
      "activationDate": "15-03-2024",
      "recordSource": "Offline",
      "isPromoActive": "N",
      "priceChangeCode": "E"
    },
    "isAvailable": true,
    "isPriceAvailable": true,
    "inPromo": true,
    "promotion": [
      {
        "techPromoId": "100830COLR",
        "promotionId": "100830",
        "promotionType": "3",
        "isPersonalized": "N",
        "publicationStartDate": "13-03-2024",
        "publicationEndDate": "26-03-2024"
      }
    ],
    "gtin": [
      "07622210932785",
      "07622210932808"
    ],
    "topCategoryName": "Koeken/Chocolade/Snoep",
    "topCategoryId": "335",
    "businessDomain": "RETAIL_BE",
    "IsPrivateLabel": false,
    "IsBiffe": false,
    "WeightconversionFactor": "0",
    "IsWeightArticle": false,
    "nutriscoreLabel": "E",
    "IsBio": false,
    "CountryOfOrigin": "BELGIË",
    "IsExclusivelySoldInLuxembourg": false,
    "OrderUnit": "P",
    "ShortName": "CDO PUUR HELE NOOT 4X45",
    "IsNew": false,
    "RecentQuanityOfStockUnits": "1",
    "LongName": "CÔTE D'OR puur hele noot 4x45g",
    "FicCode": "E"
  },
  {
    "productId": "1398",
    "technicalArticleNumber": "20222",
    "commercialArticleNumber": "20222",
    "name": "chocolade popri wit",
    "brand": "NESTLÉ GALAK",
    "seoBrand": "Nestlé Galak",
    "thumbNail": "https://static.colruytgroup.com/images/200x200/std.lang.all/06/58/asset-3130658.jpg",
    "fullImage": "https://static.colruytgroup.com/images/500x500/std.lang.all/06/58/asset-3130658.jpg",
    "squareImage": "https://static.colruytgroup.com/images/500x500sq/std.lang.all/06/58/asset-3130658.jpg",
    "content": "2x125g",
    "walkRouteSequenceNumber": 1366,
    "price": {
      "basicPrice": 3.99,
      "recommendedQuantity": "2.0",
      "measurementUnitPrice": 15.96,
      "measurementUnit": "K",
      "isRedPrice": false,
      "pricePerUOM": 15.96,
      "activationDate": "20-03-2024",
      "recordSource": "Offline",
      "isPromoActive": "N",
      "priceChangeCode": "L"
    },
    "isAvailable": true,
    "isPriceAvailable": true,
    "inPromo": false,
    "gtin": [
      "00000025202229",
      "08000300353983",
      "05400141202229",
      "08000300353990"
    ],
    "topCategoryName": "Koeken/Chocolade/Snoep",
    "topCategoryId": "335",
    "businessDomain": "RETAIL_BE",
    "IsPrivateLabel": false,
    "IsBiffe": false,
    "WeightconversionFactor": "0",
    "IsWeightArticle": false,
    "nutriscoreLabel": "E",
    "IsBio": false,
    "CountryOfOrigin": "ITALIË",
    "IsExclusivelySoldInLuxembourg": false,
    "OrderUnit": "P",
    "ShortName": "NEST GALAK POPRI 2X125G",
    "IsNew": false,
    "RecentQuanityOfStockUnits": "1,2",
    "LongName": "NESTLÉ GALAK chocolade popri wit 2x125g",
    "AlcoholVolume": "0",
    "FicCode": "E"
  },
  {
    "productId": "914236",
    "technicalArticleNumber": "4759930",
    "commercialArticleNumber": "9627",
    "name": "mini",
    "brand": "TWIX",
    "seoBrand": "Twix",
    "thumbNail": "https://static.colruytgroup.com/images/200x200/std.lang.all/24/78/asset-3342478.jpg",
    "fullImage": "https://static.colruytgroup.com/images/500x500/std.lang.all/24/78/asset-3342478.jpg",
    "squareImage": "https://static.colruytgroup.com/images/500x500sq/std.lang.all/24/78/asset-3342478.jpg",
    "content": "333g",
    "walkRouteSequenceNumber": 1509,
    "price": {
      "basicPrice": 2.49,
      "recommendedQuantity": "1.0",
      "measurementUnitPrice": 7.48,
      "measurementUnit": "K",
      "isRedPrice": false,
      "pricePerUOM": 7.48,
      "activationDate": "15-11-2023",
      "recordSource": "Offline",
      "isPromoActive": "N",
      "priceChangeCode": "H"
    },
    "isAvailable": true,
    "isPriceAvailable": true,
    "inPromo": false,
    "gtin": [
      "05000159473095",
      "05000159473088"
    ],
    "topCategoryName": "Koeken/Chocolade/Snoep",
    "topCategoryId": "335",
    "businessDomain": "RETAIL_BE",
    "IsPrivateLabel": false,
    "IsBiffe": false,
    "WeightconversionFactor": "0",
    "IsWeightArticle": false,
    "nutriscoreLabel": "E",
    "IsBio": false,
    "CountryOfOrigin": "DUITSLAND",
    "IsExclusivelySoldInLuxembourg": false,
    "OrderUnit": "P",
    "ShortName": "TWIX MINI 333G",
    "IsNew": false,
    "RecentQuanityOfStockUnits": "1",
    "LongName": "TWIX mini 333g",
    "AlcoholVolume": "0",
    "FicCode": "E"
  },
  {
    "productId": "13570",
    "technicalArticleNumber": "1616696",
    "commercialArticleNumber": "22951",
    "name": "Ontbijt choc.stukjes",
    "description": "*Individueel verpakt",
    "brand": "LU BELVITA",
    "seoBrand": "LU belVita",
    "thumbNail": "https://static.colruytgroup.com/images/200x200/std.lang.all/04/41/asset-3140441.jpg",
    "fullImage": "https://static.colruytgroup.com/images/500x500/std.lang.all/04/41/asset-3140441.jpg",
    "squareImage": "https://static.colruytgroup.com/images/500x500sq/std.lang.all/04/41/asset-3140441.jpg",
    "content": "6x50g",
    "walkRouteSequenceNumber": 2316,
    "price": {
      "basicPrice": 4.95,
      "recommendedQuantity": "1.0",
      "measurementUnitPrice": 16.5,
      "measurementUnit": "K",
      "isRedPrice": false,
      "pricePerUOM": 16.5,
      "activationDate": "06-03-2024",
      "recordSource": "Offline",
      "isPromoActive": "N",
      "priceChangeCode": "H"
    },
    "isAvailable": true,
    "isPriceAvailable": true,
    "inPromo": false,
    "gtin": [
      "03017760472890",
      "13017765286635"
    ],
    "topCategoryName": "Brood/Ontbijt",
    "topCategoryId": "124",
    "businessDomain": "RETAIL_BE",
    "IsPrivateLabel": false,
    "IsBiffe": false,
    "WeightconversionFactor": "0",
    "IsWeightArticle": false,
    "nutriscoreLabel": "D",
    "IsBio": false,
    "CountryOfOrigin": "BELGIË",
    "IsExclusivelySoldInLuxembourg": false,
    "OrderUnit": "P",
    "ShortName": "BELVIT.CHOC STUKJES300G",
    "IsNew": false,
    "RecentQuanityOfStockUnits": "1",
    "LongName": "LU BELVITA Ontbijt choc.stukjes 6x50g",
    "AlcoholVolume": "0",
    "FicCode": "E"
  },
  {
    "productId": "1415",
    "technicalArticleNumber": "20326",
    "commercialArticleNumber": "20326",
    "name": "Rocher 30st",
    "brand": "FERRERO",
    "seoBrand": "Ferrero Rocher",
    "thumbNail": "https://static.colruytgroup.com/images/200x200/std.lang.all/66/32/asset-3016632.jpg",
    "fullImage": "https://static.colruytgroup.com/images/500x500/std.lang.all/66/32/asset-3016632.jpg",
    "squareImage": "https://static.colruytgroup.com/images/500x500sq/std.lang.all/66/32/asset-3016632.jpg",
    "content": "375g",
    "walkRouteSequenceNumber": 4566,
    "price": {
      "basicPrice": 9.79,
      "recommendedQuantity": "3.0",
      "measurementUnitPrice": 26.11,
      "measurementUnit": "K",
      "isRedPrice": false,
      "pricePerUOM": 26.11,
      "activationDate": "21-03-2024",
      "recordSource": "Offline",
      "isPromoActive": "N",
      "priceChangeCode": "H"
    },
    "isAvailable": true,
    "isPriceAvailable": true,
    "inPromo": false,
    "gtin": [
      "03017621823052",
      "08000500032237",
      "08000500167113",
      "08000500167151",
      "08000500167205"
    ],
    "topCategoryName": "Koeken/Chocolade/Snoep",
    "topCategoryId": "335",
    "businessDomain": "RETAIL_BE",
    "IsPrivateLabel": false,
    "IsBiffe": false,
    "WeightconversionFactor": "0",
    "IsWeightArticle": false,
    "nutriscoreLabel": "E",
    "IsBio": false,
    "CountryOfOrigin": "ITALIË",
    "IsExclusivelySoldInLuxembourg": false,
    "OrderUnit": "P",
    "ShortName": "FERRERO ROCHER T30",
    "InSeason": true,
    "IsNew": false,
    "RecentQuanityOfStockUnits": "3,1",
    "LongName": "FERRERO Rocher 30st 375g",
    "AlcoholVolume": "0",
    "StartSeasonDate": "16/06/2023",
    "FicCode": "E"
  },
  {
    "productId": "809454",
    "technicalArticleNumber": "4632830",
    "commercialArticleNumber": "12235",
    "name": "melkchocolade speculoospast.FT",
    "description": "*Belgische chocolade\n*Speculoospastavulling\n*Fairtrade",
    "brand": "BONI",
    "seoBrand": "Boni Selection",
    "thumbNail": "https://static.colruytgroup.com/images/200x200/std.lang.all/16/68/asset-3201668.jpg",
    "fullImage": "https://static.colruytgroup.com/images/500x500/std.lang.all/16/68/asset-3201668.jpg",
    "squareImage": "https://static.colruytgroup.com/images/500x500sq/std.lang.all/16/68/asset-3201668.jpg",
    "content": "200g",
    "walkRouteSequenceNumber": 1328,
    "price": {
      "basicPrice": 2.79,
      "recommendedQuantity": "1.0",
      "measurementUnitPrice": 13.95,
      "measurementUnit": "K",
      "isRedPrice": false,
      "pricePerUOM": 13.95,
      "activationDate": "06-03-2024",
      "isPromoActive": "N",
      "priceChangeCode": "H"
    },
    "isAvailable": true,
    "isPriceAvailable": true,
    "inPromo": false,
    "gtin": [
      "05400141677881",
      "15400141677888"
    ],
    "topCategoryName": "Koeken/Chocolade/Snoep",
    "topCategoryId": "335",
    "businessDomain": "RETAIL_BE",
    "IsPrivateLabel": true,
    "IsBiffe": false,
    "WeightconversionFactor": "0",
    "IsWeightArticle": false,
    "nutriscoreLabel": "E",
    "IsBio": false,
    "CountryOfOrigin": "BELGIË",
    "IsExclusivelySoldInLuxembourg": false,
    "OrderUnit": "P",
    "ShortName": "BONI CHO.SPEC.PAS.FT200",
    "IsNew": false,
    "EcoscoreLabel": "D",
    "RecentQuanityOfStockUnits": "1",
    "LongName": "BONI melkchocolade speculoospast.FT 200g",
    "FicCode": "I",
    "EcoscoreValue": "28"
  },
  {
    "productId": "460295",
    "technicalArticleNumber": "3957397",
    "commercialArticleNumber": "2234",
    "name": "vanille",
    "brand": "CÔTE D'OR",
    "seoBrand": "Côte d'Or",
    "thumbNail": "https://static.colruytgroup.com/images/200x200/std.lang.all/07/36/asset-1620736.jpg",
    "fullImage": "https://static.colruytgroup.com/images/500x500/std.lang.all/07/36/asset-1620736.jpg",
    "squareImage": "https://static.colruytgroup.com/images/500x500sq/std.lang.all/07/36/asset-1620736.jpg",
    "content": "4x47,5g",
    "walkRouteSequenceNumber": 1427,
    "price": {
      "basicPrice": 3.59,
      "recommendedQuantity": "1.0",
      "measurementUnitPrice": 18.9,
      "measurementUnit": "K",
      "isRedPrice": false,
      "pricePerUOM": 18.9,
      "activationDate": "15-03-2024",
      "recordSource": "Offline",
      "isPromoActive": "N",
      "priceChangeCode": "E"
    },
    "isAvailable": true,
    "isPriceAvailable": true,
    "inPromo": true,
    "promotion": [
      {
        "techPromoId": "100830COLR",
        "promotionId": "100830",
        "promotionType": "3",
        "isPersonalized": "N",
        "publicationStartDate": "13-03-2024",
        "publicationEndDate": "26-03-2024"
      }
    ],
    "gtin": [
      "05400141072402",
      "07622210926821",
      "07622210926838"
    ],
    "topCategoryName": "Koeken/Chocolade/Snoep",
    "topCategoryId": "335",
    "businessDomain": "RETAIL_BE",
    "IsPrivateLabel": false,
    "IsBiffe": false,
    "WeightconversionFactor": "0",
    "IsWeightArticle": false,
    "IsBio": false,
    "CountryOfOrigin": "BELGIË",
    "IsExclusivelySoldInLuxembourg": false,
    "OrderUnit": "P",
    "ShortName": "CDO VANILLE 4X47.5G",
    "IsNew": false,
    "RecentQuanityOfStockUnits": "1,2",
    "LongName": "CÔTE D'OR vanille 4x47,5g",
    "FicCode": "E"
  },
  {
    "productId": "871211",
    "technicalArticleNumber": "4724988",
    "commercialArticleNumber": "7366",
    "name": "Boterwafels chocolade",
    "brand": "PETIT BARON",
    "seoBrand": "Petit Baron",
    "thumbNail": "https://static.colruytgroup.com/images/200x200/std.lang.all/53/95/asset-3215395.jpg",
    "fullImage": "https://static.colruytgroup.com/images/500x500/std.lang.all/53/95/asset-3215395.jpg",
    "squareImage": "https://static.colruytgroup.com/images/500x500sq/std.lang.all/53/95/asset-3215395.jpg",
    "content": "320g",
    "walkRouteSequenceNumber": 2049,
    "price": {
      "basicPrice": 2.99,
      "recommendedQuantity": "1.0",
      "measurementUnitPrice": 9.35,
      "measurementUnit": "K",
      "isRedPrice": false,
      "pricePerUOM": 9.35,
      "activationDate": "02-01-2024",
      "isPromoActive": "N",
      "priceChangeCode": "E"
    },
    "isAvailable": true,
    "isPriceAvailable": true,
    "inPromo": false,
    "gtin": [
      "05425024689843",
      "05425024680260"
    ],
    "topCategoryName": "Koeken/Chocolade/Snoep",
    "topCategoryId": "335",
    "businessDomain": "RETAIL_BE",
    "IsPrivateLabel": false,
    "IsBiffe": false,
    "WeightconversionFactor": "0",
    "IsWeightArticle": false,
    "nutriscoreLabel": "E",
    "IsBio": false,
    "CountryOfOrigin": "BELGIË",
    "IsExclusivelySoldInLuxembourg": false,
    "OrderUnit": "P",
    "ShortName": "PEBA BOTERW.CHOCO.320G",
    "IsNew": false,
    "EcoscoreLabel": "C",
    "RecentQuanityOfStockUnits": "1,10",
    "LongName": "PETIT BARON Boterwafels chocolade 320g",
    "FicCode": "E",
    "EcoscoreValue": "42"
  },
  {
    "productId": "152295",
    "technicalArticleNumber": "3317131",
    "commercialArticleNumber": "2372",
    "name": "Regenboogmatten",
    "description": "Regenboogmatten",
    "brand": "LOOK O LOOK",
    "seoBrand": "Look O Look",
    "thumbNail": "https://static.colruytgroup.com/images/200x200/std.lang.all/79/33/asset-2847933.jpg",
    "fullImage": "https://static.colruytgroup.com/images/500x500/std.lang.all/79/33/asset-2847933.jpg",
    "squareImage": "https://static.colruytgroup.com/images/500x500sq/std.lang.all/79/33/asset-2847933.jpg",
    "content": "115g",
    "walkRouteSequenceNumber": 1634,
    "price": {
      "basicPrice": 2.49,
      "recommendedQuantity": "1.0",
      "measurementUnitPrice": 21.66,
      "measurementUnit": "K",
      "isRedPrice": false,
      "pricePerUOM": 21.66,
      "activationDate": "03-01-2024",
      "isPromoActive": "N",
      "priceChangeCode": "H"
    },
    "isAvailable": true,
    "isPriceAvailable": true,
    "inPromo": false,
    "gtin": [
      "08713600794744",
      "08713600194742"
    ],
    "topCategoryName": "Koeken/Chocolade/Snoep",
    "topCategoryId": "335",
    "businessDomain": "RETAIL_BE",
    "IsPrivateLabel": false,
    "IsBiffe": false,
    "WeightconversionFactor": "0",
    "IsWeightArticle": false,
    "nutriscoreLabel": "E",
    "IsBio": false,
    "CountryOfOrigin": "NEDERLAND",
    "IsExclusivelySoldInLuxembourg": false,
    "OrderUnit": "P",
    "ShortName": "LOL REGENBOOGMATTEN115G",
    "IsNew": false,
    "EcoscoreLabel": "C",
    "RecentQuanityOfStockUnits": "1",
    "LongName": "LOOK O LOOK Regenboogmatten 115g",
    "AlcoholVolume": "0",
    "FicCode": "E",
    "EcoscoreValue": "42"
  },
  {
    "productId": "826539",
    "technicalArticleNumber": "4663740",
    "commercialArticleNumber": "30089",
    "name": "Scoubidou",
    "brand": "LUTTI",
    "seoBrand": "Lutti",
    "thumbNail": "https://static.colruytgroup.com/images/200x200/std.lang.all/11/47/asset-3361147.jpg",
    "fullImage": "https://static.colruytgroup.com/images/500x500/std.lang.all/11/47/asset-3361147.jpg",
    "squareImage": "https://static.colruytgroup.com/images/500x500sq/std.lang.all/11/47/asset-3361147.jpg",
    "content": "100g",
    "walkRouteSequenceNumber": 1623,
    "price": {
      "basicPrice": 1.95,
      "recommendedQuantity": "1.0",
      "measurementUnitPrice": 19.5,
      "measurementUnit": "K",
      "isRedPrice": false,
      "pricePerUOM": 19.5,
      "activationDate": "12-03-2024",
      "recordSource": "Online",
      "isPromoActive": "N",
      "priceChangeCode": "E"
    },
    "isAvailable": true,
    "isPriceAvailable": true,
    "inPromo": false,
    "gtin": [
      "03116742064747",
      "03116740032397"
    ],
    "topCategoryName": "Koeken/Chocolade/Snoep",
    "topCategoryId": "335",
    "businessDomain": "RETAIL_BE",
    "IsPrivateLabel": false,
    "IsBiffe": false,
    "WeightconversionFactor": "0",
    "IsWeightArticle": false,
    "nutriscoreLabel": "E",
    "IsBio": false,
    "CountryOfOrigin": "NEDERLAND",
    "IsExclusivelySoldInLuxembourg": false,
    "OrderUnit": "P",
    "ShortName": "LUTT SCOUBIDOU 100G",
    "IsNew": false,
    "EcoscoreLabel": "C",
    "RecentQuanityOfStockUnits": "1",
    "LongName": "LUTTI Scoubidou 100g",
    "FicCode": "E",
    "EcoscoreValue": "42"
  },
  {
    "productId": "1629",
    "technicalArticleNumber": "21018",
    "commercialArticleNumber": "21018",
    "name": "Tea Time Tradition",
    "brand": "DELACRE",
    "seoBrand": "Delacre Tea Time",
    "thumbNail": "https://static.colruytgroup.com/images/200x200/std.lang.all/31/77/asset-3193177.jpg",
    "fullImage": "https://static.colruytgroup.com/images/500x500/std.lang.all/31/77/asset-3193177.jpg",
    "squareImage": "https://static.colruytgroup.com/images/500x500sq/std.lang.all/31/77/asset-3193177.jpg",
    "content": "1kg",
    "walkRouteSequenceNumber": 2081,
    "price": {
      "basicPrice": 13.99,
      "recommendedQuantity": "1.0",
      "measurementUnitPrice": 13.99,
      "measurementUnit": "K",
      "isRedPrice": false,
      "pricePerUOM": 13.99,
      "activationDate": "22-03-2024",
      "recordSource": "Offline",
      "isPromoActive": "N",
      "priceChangeCode": "E"
    },
    "isAvailable": true,
    "isPriceAvailable": true,
    "inPromo": false,
    "gtin": [
      "03116430216977",
      "03116430529190",
      "03116430216243",
      "03116430529909",
      "03116430527417",
      "03116430214416",
      "03116430528018",
      "03116430215062",
      "03116430526489",
      "03116430213594",
      "03116430524379",
      "03116430210999",
      "03116430525451",
      "03116430525581",
      "03116430526281",
      "03116430212405",
      "03116430212795",
      "03116430515094",
      "03116430523112",
      "03116430523167",
      "03116430058089",
      "03116430208002",
      "03116430527141",
      "03116430212801",
      "03116430525604",
      "03116430530721"
    ],
    "topCategoryName": "Koeken/Chocolade/Snoep",
    "topCategoryId": "335",
    "businessDomain": "RETAIL_BE",
    "IsPrivateLabel": false,
    "IsBiffe": false,
    "WeightconversionFactor": "0",
    "IsWeightArticle": false,
    "nutriscoreLabel": "E",
    "IsBio": false,
    "CountryOfOrigin": "FRANKRIJK",
    "IsExclusivelySoldInLuxembourg": false,
    "OrderUnit": "P",
    "ShortName": "DELA TEA TIME 1KG",
    "InSeason": true,
    "IsNew": false,
    "RecentQuanityOfStockUnits": "1,1",
    "LongName": "DELACRE Tea Time Tradition 1kg",
    "AlcoholVolume": "0",
    "StartSeasonDate": "26/03/2013",
    "FicCode": "E"
  },
  {
    "productId": "881435",
    "technicalArticleNumber": "4738838",
    "commercialArticleNumber": "2180",
    "name": "Salted Caramel 5pack",
    "brand": "TWIX",
    "seoBrand": "Twix",
    "thumbNail": "https://static.colruytgroup.com/images/200x200/std.lang.all/13/19/asset-3241319.jpg",
    "fullImage": "https://static.colruytgroup.com/images/500x500/std.lang.all/13/19/asset-3241319.jpg",
    "squareImage": "https://static.colruytgroup.com/images/500x500sq/std.lang.all/13/19/asset-3241319.jpg",
    "content": "5x46g",
    "walkRouteSequenceNumber": 1095,
    "price": {
      "basicPrice": 3.55,
      "recommendedQuantity": "1.0",
      "measurementUnitPrice": 15.44,
      "measurementUnit": "K",
      "isRedPrice": false,
      "pricePerUOM": 15.44,
      "activationDate": "22-03-2024",
      "recordSource": "Offline",
      "isPromoActive": "N",
      "priceChangeCode": "L"
    },
    "isAvailable": true,
    "isPriceAvailable": true,
    "inPromo": false,
    "gtin": [
      "05000159527262",
      "85400141618460",
      "05000159527279"
    ],
    "topCategoryName": "Koeken/Chocolade/Snoep",
    "topCategoryId": "335",
    "businessDomain": "RETAIL_BE",
    "IsPrivateLabel": false,
    "IsBiffe": false,
    "WeightconversionFactor": "0",
    "IsWeightArticle": false,
    "nutriscoreLabel": "E",
    "IsBio": false,
    "CountryOfOrigin": "DUITSLAND",
    "IsExclusivelySoldInLuxembourg": false,
    "OrderUnit": "P",
    "ShortName": "TWIX SALTED CARAMEL230G",
    "IsNew": false,
    "RecentQuanityOfStockUnits": "2,1",
    "LongName": "TWIX Salted Caramel 5pack 5x46g",
    "AlcoholVolume": "0",
    "FicCode": "E"
  },
  {
    "productId": "742442",
    "technicalArticleNumber": "4508470",
    "commercialArticleNumber": "28135",
    "name": "Big Tutti Frutti 6st",
    "brand": "CHUPA CHUPS",
    "seoBrand": "Chupa Chups",
    "thumbNail": "https://static.colruytgroup.com/images/200x200/std.lang.all/62/64/asset-3346264.jpg",
    "fullImage": "https://static.colruytgroup.com/images/500x500/std.lang.all/62/64/asset-3346264.jpg",
    "squareImage": "https://static.colruytgroup.com/images/500x500sq/std.lang.all/62/64/asset-3346264.jpg",
    "content": "3x27,6g",
    "walkRouteSequenceNumber": 18390,
    "price": {
      "basicPrice": 1.99,
      "recommendedQuantity": "1.0",
      "measurementUnitPrice": 0.111,
      "measurementUnit": "S",
      "isRedPrice": false,
      "pricePerUOM": 0.111,
      "activationDate": "10-05-2023",
      "isPromoActive": "N",
      "priceChangeCode": "E"
    },
    "isAvailable": true,
    "isPriceAvailable": true,
    "inPromo": false,
    "gtin": [
      "08003440974957",
      "08003440974964"
    ],
    "topCategoryName": "Koeken/Chocolade/Snoep",
    "topCategoryId": "335",
    "businessDomain": "RETAIL_BE",
    "IsPrivateLabel": false,
    "IsBiffe": false,
    "WeightconversionFactor": "0",
    "IsWeightArticle": false,
    "nutriscoreLabel": "D",
    "IsBio": false,
    "CountryOfOrigin": "TURKIJE",
    "IsExclusivelySoldInLuxembourg": false,
    "OrderUnit": "P",
    "ShortName": "CHUP TUTTI FRUTTI 3X6ST",
    "IsNew": false,
    "EcoscoreLabel": "C",
    "RecentQuanityOfStockUnits": "1,24",
    "LongName": "CHUPA CHUPS Big Tutti Frutti 6st 3x27,6g",
    "FicCode": "E",
    "EcoscoreValue": "42"
  },
  {
    "productId": "300087",
    "technicalArticleNumber": "3696365",
    "commercialArticleNumber": "17684",
    "name": "zeevruchten",
    "brand": "GUYLIAN",
    "seoBrand": "Guylian",
    "thumbNail": "https://static.colruytgroup.com/images/200x200/std.lang.all/21/26/asset-2992126.jpg",
    "fullImage": "https://static.colruytgroup.com/images/500x500/std.lang.all/21/26/asset-2992126.jpg",
    "squareImage": "https://static.colruytgroup.com/images/500x500sq/std.lang.all/21/26/asset-2992126.jpg",
    "content": "250g",
    "walkRouteSequenceNumber": 4561,
    "price": {
      "basicPrice": 5.99,
      "recommendedQuantity": "1.0",
      "measurementUnitPrice": 23.96,
      "measurementUnit": "K",
      "isRedPrice": false,
      "pricePerUOM": 23.96,
      "activationDate": "12-03-2024",
      "recordSource": "Offline",
      "isPromoActive": "N",
      "priceChangeCode": "E"
    },
    "isAvailable": true,
    "isPriceAvailable": true,
    "inPromo": false,
    "gtin": [
      "05410976221128",
      "05410976221012",
      "05410976141129",
      "05410976140122"
    ],
    "topCategoryName": "Koeken/Chocolade/Snoep",
    "topCategoryId": "335",
    "businessDomain": "RETAIL_BE",
    "IsPrivateLabel": false,
    "IsBiffe": false,
    "WeightconversionFactor": "0",
    "IsWeightArticle": false,
    "nutriscoreLabel": "E",
    "IsBio": false,
    "CountryOfOrigin": "BELGIË",
    "IsExclusivelySoldInLuxembourg": false,
    "OrderUnit": "P",
    "ShortName": "GUYL ZEEVRUCHTEN 250G",
    "InSeason": true,
    "IsNew": false,
    "EcoscoreLabel": "C",
    "RecentQuanityOfStockUnits": "1",
    "LongName": "GUYLIAN zeevruchten 250g",
    "AlcoholVolume": "0",
    "StartSeasonDate": "07/06/2022",
    "FicCode": "E",
    "EcoscoreValue": "40"
  },
  {
    "productId": "811129",
    "technicalArticleNumber": "4636155",
    "commercialArticleNumber": "5271",
    "name": "Bouchées wit",
    "description": "*Belgische chocolade",
    "brand": "COTE D'OR",
    "seoBrand": "Côte d'Or",
    "thumbNail": "https://static.colruytgroup.com/images/200x200/std.lang.all/35/28/asset-2903528.jpg",
    "fullImage": "https://static.colruytgroup.com/images/500x500/std.lang.all/35/28/asset-2903528.jpg",
    "squareImage": "https://static.colruytgroup.com/images/500x500sq/std.lang.all/35/28/asset-2903528.jpg",
    "content": "8x21g",
    "walkRouteSequenceNumber": 1213,
    "price": {
      "basicPrice": 4.69,
      "recommendedQuantity": "1.0",
      "measurementUnitPrice": 27.92,
      "measurementUnit": "K",
      "isRedPrice": false,
      "pricePerUOM": 27.92,
      "activationDate": "15-03-2024",
      "recordSource": "Offline",
      "isPromoActive": "N",
      "priceChangeCode": "L"
    },
    "isAvailable": true,
    "isPriceAvailable": true,
    "inPromo": false,
    "gtin": [
      "07622201690649",
      "07622201690663"
    ],
    "topCategoryName": "Koeken/Chocolade/Snoep",
    "topCategoryId": "335",
    "businessDomain": "RETAIL_BE",
    "IsPrivateLabel": false,
    "IsBiffe": false,
    "WeightconversionFactor": "0",
    "IsWeightArticle": false,
    "nutriscoreLabel": "E",
    "IsBio": false,
    "CountryOfOrigin": "BELGIË",
    "IsExclusivelySoldInLuxembourg": false,
    "OrderUnit": "P",
    "ShortName": "CD BOUCHEE WIT 8X21G",
    "IsNew": false,
    "RecentQuanityOfStockUnits": "1",
    "LongName": "COTE D'OR Bouchées wit 8x21g",
    "FicCode": "E"
  },
  {
    "productId": "25545",
    "technicalArticleNumber": "1958489",
    "commercialArticleNumber": "20189",
    "name": "zakje paasfig.witte chocol.",
    "description": "*Belgische chocolade",
    "brand": "LIBEERT",
    "seoBrand": "Libeert",
    "thumbNail": "https://static.colruytgroup.com/images/200x200/std.lang.all/96/44/asset-3179644.jpg",
    "fullImage": "https://static.colruytgroup.com/images/500x500/std.lang.all/96/44/asset-3179644.jpg",
    "squareImage": "https://static.colruytgroup.com/images/500x500sq/std.lang.all/96/44/asset-3179644.jpg",
    "content": "175g",
    "walkRouteSequenceNumber": 1486,
    "price": {
      "basicPrice": 5.09,
      "recommendedQuantity": "1.0",
      "measurementUnitPrice": 29.09,
      "measurementUnit": "K",
      "isRedPrice": false,
      "pricePerUOM": 29.09,
      "activationDate": "31-01-2024",
      "recordSource": "Offline",
      "isPromoActive": "N",
      "priceChangeCode": "E"
    },
    "isAvailable": true,
    "isPriceAvailable": true,
    "inPromo": false,
    "gtin": [
      "05411901063011",
      "05411901949124"
    ],
    "topCategoryName": "Koeken/Chocolade/Snoep",
    "topCategoryId": "335",
    "businessDomain": "RETAIL_BE",
    "IsPrivateLabel": false,
    "IsBiffe": false,
    "WeightconversionFactor": "0",
    "IsWeightArticle": false,
    "nutriscoreLabel": "E",
    "IsBio": false,
    "CountryOfOrigin": "BELGIË",
    "IsExclusivelySoldInLuxembourg": false,
    "OrderUnit": "P",
    "ShortName": "LIB PASEN WIT 175G",
    "InSeason": true,
    "IsNew": false,
    "EcoscoreLabel": "C",
    "RecentQuanityOfStockUnits": "1,20",
    "LongName": "LIBEERT zakje paasfig.witte chocol. 175g",
    "AlcoholVolume": "0",
    "StartSeasonDate": "25/10/2023",
    "FicCode": "E",
    "EcoscoreValue": "44"
  },
  {
    "productId": "356918",
    "technicalArticleNumber": "3874417",
    "commercialArticleNumber": "18055",
    "name": "citroen",
    "brand": "NAPOLEON",
    "seoBrand": "Napoleon",
    "thumbNail": "https://static.colruytgroup.com/images/200x200/std.lang.all/42/72/asset-1514272.jpg",
    "fullImage": "https://static.colruytgroup.com/images/500x500/std.lang.all/42/72/asset-1514272.jpg",
    "squareImage": "https://static.colruytgroup.com/images/500x500sq/std.lang.all/42/72/asset-1514272.jpg",
    "content": "340g",
    "walkRouteSequenceNumber": 2001,
    "price": {
      "basicPrice": 2.25,
      "recommendedQuantity": "1.0",
      "measurementUnitPrice": 6.62,
      "measurementUnit": "K",
      "isRedPrice": false,
      "pricePerUOM": 6.62,
      "activationDate": "10-01-2024",
      "recordSource": "Offline",
      "isPromoActive": "N",
      "priceChangeCode": "H"
    },
    "isAvailable": true,
    "isPriceAvailable": true,
    "inPromo": false,
    "gtin": [
      "08717399041713",
      "08717399041720"
    ],
    "topCategoryName": "Koeken/Chocolade/Snoep",
    "topCategoryId": "335",
    "businessDomain": "RETAIL_BE",
    "IsPrivateLabel": false,
    "IsBiffe": false,
    "WeightconversionFactor": "0",
    "IsWeightArticle": false,
    "IsBio": false,
    "CountryOfOrigin": "NEDERLAND",
    "IsExclusivelySoldInLuxembourg": false,
    "OrderUnit": "P",
    "ShortName": "NAPO CITROEN 340G",
    "IsNew": false,
    "EcoscoreLabel": "B",
    "RecentQuanityOfStockUnits": "1,12",
    "LongName": "NAPOLEON citroen 340g",
    "AlcoholVolume": "0",
    "FicCode": "E",
    "EcoscoreValue": "66"
  },
  {
    "productId": "10889",
    "technicalArticleNumber": "1344952",
    "commercialArticleNumber": "31023",
    "name": "snoep cuberdons",
    "brand": "GELDHOF",
    "seoBrand": "Geldhof",
    "thumbNail": "https://static.colruytgroup.com/images/200x200/std.lang.all/77/89/asset-1457789.jpg",
    "fullImage": "https://static.colruytgroup.com/images/500x500/std.lang.all/77/89/asset-1457789.jpg",
    "squareImage": "https://static.colruytgroup.com/images/500x500sq/std.lang.all/77/89/asset-1457789.jpg",
    "content": "200g",
    "walkRouteSequenceNumber": 2002,
    "price": {
      "basicPrice": 3.49,
      "recommendedQuantity": "1.0",
      "measurementUnitPrice": 17.45,
      "measurementUnit": "K",
      "isRedPrice": false,
      "pricePerUOM": 17.45,
      "activationDate": "12-03-2024",
      "isPromoActive": "N",
      "priceChangeCode": "H"
    },
    "isAvailable": true,
    "isPriceAvailable": true,
    "inPromo": false,
    "gtin": [
      "05410391002807",
      "05410391003248"
    ],
    "topCategoryName": "Koeken/Chocolade/Snoep",
    "topCategoryId": "335",
    "businessDomain": "RETAIL_BE",
    "IsPrivateLabel": false,
    "IsBiffe": false,
    "WeightconversionFactor": "0",
    "IsWeightArticle": false,
    "nutriscoreLabel": "D",
    "IsBio": false,
    "CountryOfOrigin": "BELGIË",
    "IsExclusivelySoldInLuxembourg": false,
    "OrderUnit": "P",
    "ShortName": "GELDH CUBERDON 200G.",
    "IsNew": false,
    "EcoscoreLabel": "B",
    "RecentQuanityOfStockUnits": "1,8",
    "LongName": "GELDHOF snoep cuberdons 200g",
    "AlcoholVolume": "0",
    "FicCode": "E",
    "EcoscoreValue": "69"
  },
  {
    "productId": "301863",
    "technicalArticleNumber": "3715698",
    "commercialArticleNumber": "20459",
    "name": "smurfen",
    "brand": "HARIBO",
    "seoBrand": "Haribo",
    "thumbNail": "https://static.colruytgroup.com/images/200x200/std.lang.all/47/80/asset-1264780.jpg",
    "fullImage": "https://static.colruytgroup.com/images/500x500/std.lang.all/47/80/asset-1264780.jpg",
    "squareImage": "https://static.colruytgroup.com/images/500x500sq/std.lang.all/47/80/asset-1264780.jpg",
    "content": "500g",
    "walkRouteSequenceNumber": 1830,
    "price": {
      "basicPrice": 4.37,
      "recommendedQuantity": "1.0",
      "measurementUnitPrice": 8.74,
      "measurementUnit": "K",
      "isRedPrice": false,
      "pricePerUOM": 8.74,
      "activationDate": "20-02-2024",
      "recordSource": "Offline",
      "isPromoActive": "N",
      "priceChangeCode": "E"
    },
    "isAvailable": true,
    "isPriceAvailable": true,
    "inPromo": false,
    "gtin": [
      "04001686333655",
      "04001686333310"
    ],
    "topCategoryName": "Koeken/Chocolade/Snoep",
    "topCategoryId": "335",
    "businessDomain": "RETAIL_BE",
    "IsPrivateLabel": false,
    "IsBiffe": false,
    "WeightconversionFactor": "0",
    "IsWeightArticle": false,
    "nutriscoreLabel": "D",
    "IsBio": false,
    "CountryOfOrigin": "DUITSLAND",
    "IsExclusivelySoldInLuxembourg": false,
    "OrderUnit": "P",
    "ShortName": "HARI SMURFEN 500G",
    "IsNew": false,
    "EcoscoreLabel": "C",
    "RecentQuanityOfStockUnits": "1",
    "LongName": "HARIBO smurfen 500g",
    "AlcoholVolume": "0",
    "FicCode": "E",
    "EcoscoreValue": "42"
  },
  {
    "productId": "705991",
    "technicalArticleNumber": "4442402",
    "commercialArticleNumber": "11857",
    "name": "Mini Cakes choc chips",
    "brand": "ZAGAZOE!",
    "seoBrand": "Zagazoe!",
    "thumbNail": "https://static.colruytgroup.com/images/200x200/std.lang.all/64/98/asset-2486498.jpg",
    "fullImage": "https://static.colruytgroup.com/images/500x500/std.lang.all/64/98/asset-2486498.jpg",
    "squareImage": "https://static.colruytgroup.com/images/500x500sq/std.lang.all/64/98/asset-2486498.jpg",
    "content": "5x30g",
    "walkRouteSequenceNumber": 2300,
    "price": {
      "basicPrice": 2.29,
      "recommendedQuantity": "1.0",
      "measurementUnitPrice": 15.27,
      "measurementUnit": "K",
      "isRedPrice": false,
      "pricePerUOM": 15.27,
      "activationDate": "23-03-2024",
      "recordSource": "Offline",
      "isPromoActive": "N",
      "priceChangeCode": "L"
    },
    "isAvailable": true,
    "isPriceAvailable": true,
    "inPromo": false,
    "gtin": [
      "15425019203631",
      "05425019203634"
    ],
    "topCategoryName": "Koeken/Chocolade/Snoep",
    "topCategoryId": "335",
    "businessDomain": "RETAIL_BE",
    "IsPrivateLabel": false,
    "IsBiffe": false,
    "WeightconversionFactor": "0",
    "IsWeightArticle": false,
    "nutriscoreLabel": "E",
    "IsBio": false,
    "CountryOfOrigin": "FRANKRIJK",
    "IsExclusivelySoldInLuxembourg": false,
    "OrderUnit": "P",
    "ShortName": "ZAGA MINI CAK.CHOC5X30G",
    "IsNew": false,
    "EcoscoreLabel": "D",
    "RecentQuanityOfStockUnits": "1",
    "LongName": "ZAGAZOE! Mini Cakes choc chips 5x30g",
    "FicCode": "E",
    "EcoscoreValue": "26"
  },
  {
    "productId": "508420",
    "technicalArticleNumber": "4080215",
    "commercialArticleNumber": "7632",
    "name": "botermadeleine marbré",
    "brand": "LOTUS",
    "seoBrand": "Lotus",
    "thumbNail": "https://static.colruytgroup.com/images/200x200/std.lang.all/72/59/asset-1787259.jpg",
    "fullImage": "https://static.colruytgroup.com/images/500x500/std.lang.all/72/59/asset-1787259.jpg",
    "squareImage": "https://static.colruytgroup.com/images/500x500sq/std.lang.all/72/59/asset-1787259.jpg",
    "content": "8x28g",
    "walkRouteSequenceNumber": 2029,
    "price": {
      "basicPrice": 3.89,
      "recommendedQuantity": "1.0",
      "measurementUnitPrice": 17.37,
      "measurementUnit": "K",
      "isRedPrice": false,
      "pricePerUOM": 17.37,
      "activationDate": "15-02-2024",
      "recordSource": "Offline",
      "isPromoActive": "N",
      "priceChangeCode": "E"
    },
    "isAvailable": true,
    "isPriceAvailable": true,
    "inPromo": false,
    "gtin": [
      "03182650008814",
      "13182650008811"
    ],
    "topCategoryName": "Koeken/Chocolade/Snoep",
    "topCategoryId": "335",
    "businessDomain": "RETAIL_BE",
    "IsPrivateLabel": false,
    "IsBiffe": false,
    "WeightconversionFactor": "0",
    "IsWeightArticle": false,
    "nutriscoreLabel": "E",
    "IsBio": false,
    "CountryOfOrigin": "FRANKRIJK",
    "IsExclusivelySoldInLuxembourg": false,
    "OrderUnit": "P",
    "ShortName": "LOTU BOT.MADE.MARBRE224",
    "IsNew": false,
    "RecentQuanityOfStockUnits": "1",
    "LongName": "LOTUS botermadeleine marbré 8x28g",
    "FicCode": "E"
  },
  {
    "productId": "461608",
    "technicalArticleNumber": "3957408",
    "commercialArticleNumber": "2239",
    "name": "advocaat",
    "brand": "CÔTE D'OR",
    "seoBrand": "Côte d'Or",
    "thumbNail": "https://static.colruytgroup.com/images/200x200/std.lang.all/07/37/asset-1620737.jpg",
    "fullImage": "https://static.colruytgroup.com/images/500x500/std.lang.all/07/37/asset-1620737.jpg",
    "squareImage": "https://static.colruytgroup.com/images/500x500sq/std.lang.all/07/37/asset-1620737.jpg",
    "content": "4x47,5g",
    "walkRouteSequenceNumber": 1428,
    "price": {
      "basicPrice": 3.59,
      "recommendedQuantity": "1.0",
      "measurementUnitPrice": 18.9,
      "measurementUnit": "K",
      "isRedPrice": false,
      "pricePerUOM": 18.9,
      "activationDate": "22-03-2024",
      "recordSource": "Offline",
      "isPromoActive": "N",
      "priceChangeCode": "L"
    },
    "isAvailable": true,
    "isPriceAvailable": true,
    "inPromo": true,
    "promotion": [
      {
        "techPromoId": "100830COLR",
        "promotionId": "100830",
        "promotionType": "3",
        "isPersonalized": "N",
        "publicationStartDate": "13-03-2024",
        "publicationEndDate": "26-03-2024"
      }
    ],
    "gtin": [
      "07622210926791",
      "05400141073591",
      "07622210926784"
    ],
    "topCategoryName": "Koeken/Chocolade/Snoep",
    "topCategoryId": "335",
    "businessDomain": "RETAIL_BE",
    "IsPrivateLabel": false,
    "IsBiffe": false,
    "WeightconversionFactor": "0",
    "IsWeightArticle": false,
    "IsBio": false,
    "CountryOfOrigin": "BELGIË",
    "IsExclusivelySoldInLuxembourg": false,
    "OrderUnit": "P",
    "ShortName": "CDO ADVOCAAT 4X47.5G",
    "IsNew": false,
    "RecentQuanityOfStockUnits": "1",
    "LongName": "CÔTE D'OR advocaat 4x47,5g",
    "FicCode": "E"
  },
  {
    "productId": "1634",
    "technicalArticleNumber": "21116",
    "commercialArticleNumber": "21116",
    "name": "Biarritz",
    "brand": "DELACRE",
    "seoBrand": "Delacre Biarritz",
    "thumbNail": "https://static.colruytgroup.com/images/200x200/std.lang.all/81/61/asset-1808161.jpg",
    "fullImage": "https://static.colruytgroup.com/images/500x500/std.lang.all/81/61/asset-1808161.jpg",
    "squareImage": "https://static.colruytgroup.com/images/500x500sq/std.lang.all/81/61/asset-1808161.jpg",
    "content": "175g",
    "walkRouteSequenceNumber": 2083,
    "price": {
      "basicPrice": 2.39,
      "recommendedQuantity": "2.0",
      "measurementUnitPrice": 13.66,
      "measurementUnit": "K",
      "isRedPrice": false,
      "pricePerUOM": 13.66,
      "activationDate": "23-03-2024",
      "recordSource": "Folder",
      "isPromoActive": "N",
      "priceChangeCode": "E"
    },
    "isAvailable": true,
    "isPriceAvailable": true,
    "inPromo": false,
    "gtin": [
      "03116430003430",
      "03116430057198",
      "03116430210562",
      "03116430211545",
      "03116430519818",
      "03116430522351"
    ],
    "topCategoryName": "Koeken/Chocolade/Snoep",
    "topCategoryId": "335",
    "businessDomain": "RETAIL_BE",
    "IsPrivateLabel": false,
    "IsBiffe": false,
    "WeightconversionFactor": "0",
    "IsWeightArticle": false,
    "nutriscoreLabel": "E",
    "IsBio": false,
    "CountryOfOrigin": "BELGIË",
    "IsExclusivelySoldInLuxembourg": false,
    "OrderUnit": "P",
    "ShortName": "DELACRE BIARRITZ 175 GR",
    "InSeason": true,
    "IsNew": false,
    "RecentQuanityOfStockUnits": "2,1",
    "LongName": "DELACRE Biarritz 175g",
    "AlcoholVolume": "0",
    "StartSeasonDate": "09/06/2005",
    "FicCode": "E"
  },
  {
    "productId": "14769",
    "technicalArticleNumber": "1544673",
    "commercialArticleNumber": "22321",
    "name": "pastille vlierbloesem sv",
    "brand": "RICOLA",
    "seoBrand": "Ricola",
    "thumbNail": "https://static.colruytgroup.com/images/200x200/std.lang.all/79/85/asset-3127985.jpg",
    "fullImage": "https://static.colruytgroup.com/images/500x500/std.lang.all/79/85/asset-3127985.jpg",
    "squareImage": "https://static.colruytgroup.com/images/500x500sq/std.lang.all/79/85/asset-3127985.jpg",
    "content": "50g",
    "walkRouteSequenceNumber": 18350,
    "price": {
      "basicPrice": 1.65,
      "recommendedQuantity": "2.0",
      "measurementUnitPrice": 33,
      "measurementUnit": "K",
      "isRedPrice": false,
      "pricePerUOM": 33,
      "activationDate": "17-02-2024",
      "recordSource": "Offline",
      "isPromoActive": "N",
      "priceChangeCode": "E"
    },
    "isAvailable": true,
    "isPriceAvailable": true,
    "inPromo": false,
    "gtin": [
      "07610700614679",
      "07610700947326",
      "07610700947494",
      "07610700947487"
    ],
    "topCategoryName": "Koeken/Chocolade/Snoep",
    "topCategoryId": "335",
    "businessDomain": "RETAIL_BE",
    "IsPrivateLabel": false,
    "IsBiffe": false,
    "WeightconversionFactor": "0",
    "IsWeightArticle": false,
    "nutriscoreLabel": "B",
    "IsBio": false,
    "CountryOfOrigin": "ZWITSERLAND",
    "IsExclusivelySoldInLuxembourg": false,
    "OrderUnit": "P",
    "ShortName": "RICOLA VLIERBES ZS 50GR",
    "IsNew": false,
    "EcoscoreLabel": "B",
    "RecentQuanityOfStockUnits": "2,20,1",
    "LongName": "RICOLA pastille vlierbloesem sv 50g",
    "AlcoholVolume": "0",
    "FicCode": "E",
    "EcoscoreValue": "66"
  },
  {
    "productId": "912193",
    "technicalArticleNumber": "4759783",
    "commercialArticleNumber": "8930",
    "name": "mini",
    "brand": "SNICKERS",
    "seoBrand": "Snickers",
    "thumbNail": "https://static.colruytgroup.com/images/200x200/std.lang.all/48/75/asset-3344875.jpg",
    "fullImage": "https://static.colruytgroup.com/images/500x500/std.lang.all/48/75/asset-3344875.jpg",
    "squareImage": "https://static.colruytgroup.com/images/500x500sq/std.lang.all/48/75/asset-3344875.jpg",
    "content": "333g",
    "walkRouteSequenceNumber": 1506,
    "price": {
      "basicPrice": 2.49,
      "recommendedQuantity": "1.0",
      "measurementUnitPrice": 7.48,
      "measurementUnit": "K",
      "isRedPrice": false,
      "pricePerUOM": 7.48,
      "activationDate": "17-02-2024",
      "recordSource": "Offline",
      "isPromoActive": "N",
      "priceChangeCode": "E"
    },
    "isAvailable": true,
    "isPriceAvailable": true,
    "inPromo": false,
    "gtin": [
      "05000159474399",
      "05000159474382"
    ],
    "topCategoryName": "Koeken/Chocolade/Snoep",
    "topCategoryId": "335",
    "businessDomain": "RETAIL_BE",
    "IsPrivateLabel": false,
    "IsBiffe": false,
    "WeightconversionFactor": "0",
    "IsWeightArticle": false,
    "nutriscoreLabel": "E",
    "IsBio": false,
    "CountryOfOrigin": "NEDERLAND",
    "IsExclusivelySoldInLuxembourg": false,
    "OrderUnit": "P",
    "ShortName": "SNIC MINI 333G",
    "IsNew": false,
    "RecentQuanityOfStockUnits": "1",
    "LongName": "SNICKERS mini 333g",
    "FicCode": "E"
  },
  {
    "productId": "206330",
    "technicalArticleNumber": "3515521",
    "commercialArticleNumber": "50608",
    "name": "Bloc melk amandel",
    "description": "*Belgische chocolade",
    "brand": "CÔTE D'OR",
    "seoBrand": "Côte d'Or",
    "thumbNail": "https://static.colruytgroup.com/images/200x200/std.lang.all/88/10/asset-978810.jpg",
    "fullImage": "https://static.colruytgroup.com/images/500x500/std.lang.all/88/10/asset-978810.jpg",
    "squareImage": "https://static.colruytgroup.com/images/500x500sq/std.lang.all/88/10/asset-978810.jpg",
    "content": "180g",
    "walkRouteSequenceNumber": 1408,
    "price": {
      "basicPrice": 3.99,
      "recommendedQuantity": "3.0",
      "measurementUnitPrice": 22.17,
      "measurementUnit": "K",
      "isRedPrice": false,
      "pricePerUOM": 22.17,
      "activationDate": "18-03-2024",
      "recordSource": "Offline",
      "isPromoActive": "N",
      "priceChangeCode": "H"
    },
    "isAvailable": true,
    "isPriceAvailable": true,
    "inPromo": false,
    "gtin": [
      "07622210626103",
      "07622210995025",
      "07622210626097"
    ],
    "topCategoryName": "Koeken/Chocolade/Snoep",
    "topCategoryId": "335",
    "businessDomain": "RETAIL_BE",
    "IsPrivateLabel": false,
    "IsBiffe": false,
    "WeightconversionFactor": "0",
    "IsWeightArticle": false,
    "nutriscoreLabel": "E",
    "IsBio": false,
    "CountryOfOrigin": "BELGIË",
    "IsExclusivelySoldInLuxembourg": false,
    "OrderUnit": "P",
    "ShortName": "CD BLOC MELK AMAND 180G",
    "InSeason": true,
    "IsNew": false,
    "RecentQuanityOfStockUnits": "3,1",
    "LongName": "CÔTE D'OR Bloc melk amandel 180g",
    "AlcoholVolume": "0",
    "StartSeasonDate": "12/05/2020",
    "FicCode": "E"
  },
  {
    "productId": "298209",
    "technicalArticleNumber": "3723028",
    "commercialArticleNumber": "20582",
    "name": "tablet melk hele noot",
    "brand": "MILKA",
    "seoBrand": "Milka",
    "thumbNail": "https://static.colruytgroup.com/images/200x200/std.lang.all/88/11/asset-2938811.jpg",
    "fullImage": "https://static.colruytgroup.com/images/500x500/std.lang.all/88/11/asset-2938811.jpg",
    "squareImage": "https://static.colruytgroup.com/images/500x500sq/std.lang.all/88/11/asset-2938811.jpg",
    "content": "270g",
    "walkRouteSequenceNumber": 1377,
    "price": {
      "basicPrice": 3.89,
      "recommendedQuantity": "1.0",
      "quantityPrice": 2.91,
      "quantityPriceQuantity": "2.0",
      "measurementUnitPrice": 14.41,
      "measurementUnitQuantityPrice": 10.78,
      "measurementUnit": "K",
      "isRedPrice": false,
      "pricePerUOM": 14.41,
      "activationDate": "23-03-2024",
      "recordSource": "Offline",
      "isPromoActive": "N",
      "priceChangeCode": "L",
      "quantityPricePerUOM": 10.78,
      "quantityActivationDate": "23-03-2024",
      "quantityPriceChangeCode": "L"
    },
    "isAvailable": true,
    "isPriceAvailable": true,
    "inPromo": false,
    "gtin": [
      "07622210708878",
      "07622210693266",
      "07622210702555",
      "07622210713599"
    ],
    "topCategoryName": "Koeken/Chocolade/Snoep",
    "topCategoryId": "335",
    "businessDomain": "RETAIL_BE",
    "IsPrivateLabel": false,
    "IsBiffe": false,
    "WeightconversionFactor": "0",
    "IsWeightArticle": false,
    "nutriscoreLabel": "E",
    "IsBio": false,
    "CountryOfOrigin": "OOSTENRIJK",
    "IsExclusivelySoldInLuxembourg": false,
    "OrderUnit": "P",
    "ShortName": "MILK TBL HELE NOOT 270G",
    "IsNew": false,
    "RecentQuanityOfStockUnits": "1,13",
    "LongName": "MILKA tablet melk hele noot 270g",
    "AlcoholVolume": "0",
    "FicCode": "E"
  },
  {
    "productId": "59984",
    "technicalArticleNumber": "2365045",
    "commercialArticleNumber": "31425",
    "name": "Melkvulling",
    "description": "*Individueel verpakt",
    "brand": "LU LULU",
    "seoBrand": "LU LULU",
    "thumbNail": "https://static.colruytgroup.com/images/200x200/std.lang.all/21/41/asset-382141.jpg",
    "fullImage": "https://static.colruytgroup.com/images/500x500/std.lang.all/21/41/asset-382141.jpg",
    "squareImage": "https://static.colruytgroup.com/images/500x500sq/std.lang.all/21/41/asset-382141.jpg",
    "content": "5x30g",
    "walkRouteSequenceNumber": 1523,
    "price": {
      "basicPrice": 3.49,
      "recommendedQuantity": "2.0",
      "measurementUnitPrice": 23.27,
      "measurementUnit": "K",
      "isRedPrice": false,
      "pricePerUOM": 23.27,
      "activationDate": "09-03-2024",
      "recordSource": "Offline",
      "isPromoActive": "N",
      "priceChangeCode": "H"
    },
    "isAvailable": true,
    "isPriceAvailable": true,
    "inPromo": false,
    "gtin": [
      "05400141314250",
      "05410041490800",
      "15410041490807"
    ],
    "topCategoryName": "Koeken/Chocolade/Snoep",
    "topCategoryId": "335",
    "businessDomain": "RETAIL_BE",
    "IsPrivateLabel": false,
    "IsBiffe": false,
    "WeightconversionFactor": "0",
    "IsWeightArticle": false,
    "nutriscoreLabel": "D",
    "IsBio": false,
    "CountryOfOrigin": "FRANKRIJK",
    "IsExclusivelySoldInLuxembourg": false,
    "OrderUnit": "P",
    "ShortName": "LU BEERTJE MELK 150GR",
    "InSeason": true,
    "IsNew": false,
    "RecentQuanityOfStockUnits": "2,1",
    "LongName": "LU LULU Melkvulling 5x30g",
    "AlcoholVolume": "0",
    "StartSeasonDate": "23/09/2011",
    "FicCode": "E"
  },
  {
    "productId": "18902",
    "technicalArticleNumber": "1771989",
    "commercialArticleNumber": "20058",
    "name": "noir intense 70%",
    "description": "*Met 70 % cacao\n*Belgische chocolade",
    "brand": "CÔTE D'OR",
    "seoBrand": "Côte d'Or Fin Intense",
    "thumbNail": "https://static.colruytgroup.com/images/200x200/std.lang.all/41/62/asset-394162.jpg",
    "fullImage": "https://static.colruytgroup.com/images/500x500/std.lang.all/41/62/asset-394162.jpg",
    "squareImage": "https://static.colruytgroup.com/images/500x500sq/std.lang.all/41/62/asset-394162.jpg",
    "content": "100g",
    "walkRouteSequenceNumber": 1402,
    "price": {
      "basicPrice": 2.79,
      "recommendedQuantity": "2.0",
      "measurementUnitPrice": 27.9,
      "measurementUnit": "K",
      "isRedPrice": false,
      "pricePerUOM": 27.9,
      "activationDate": "21-03-2024",
      "recordSource": "Offline",
      "isPromoActive": "N",
      "priceChangeCode": "L"
    },
    "isAvailable": true,
    "isPriceAvailable": true,
    "inPromo": false,
    "gtin": [
      "07622400006753",
      "07622200147427",
      "05400141113372"
    ],
    "topCategoryName": "Koeken/Chocolade/Snoep",
    "topCategoryId": "335",
    "businessDomain": "RETAIL_BE",
    "IsPrivateLabel": false,
    "IsBiffe": false,
    "WeightconversionFactor": "0",
    "IsWeightArticle": false,
    "nutriscoreLabel": "E",
    "IsBio": false,
    "CountryOfOrigin": "BELGIË",
    "IsExclusivelySoldInLuxembourg": false,
    "OrderUnit": "P",
    "ShortName": "CD FI.NOIR INT.70PC100G",
    "IsNew": false,
    "RecentQuanityOfStockUnits": "2,1",
    "LongName": "CÔTE D'OR noir intense 70% 100g",
    "AlcoholVolume": "0",
    "FicCode": "E"
  },
  {
    "productId": "209594",
    "technicalArticleNumber": "3510388",
    "commercialArticleNumber": "15977",
    "name": "puur 51% amandel zeezout",
    "description": "*Belgische chocolade",
    "brand": "TONY'S",
    "seoBrand": "Tony's Chocolonely",
    "thumbNail": "https://static.colruytgroup.com/images/200x200/std.lang.all/89/38/asset-1688938.jpg",
    "fullImage": "https://static.colruytgroup.com/images/500x500/std.lang.all/89/38/asset-1688938.jpg",
    "squareImage": "https://static.colruytgroup.com/images/500x500sq/std.lang.all/89/38/asset-1688938.jpg",
    "content": "180g",
    "walkRouteSequenceNumber": 1355,
    "price": {
      "basicPrice": 2.49,
      "recommendedQuantity": "1.0",
      "measurementUnitPrice": 13.84,
      "measurementUnit": "K",
      "isRedPrice": false,
      "pricePerUOM": 13.84,
      "activationDate": "21-03-2024",
      "recordSource": "Offline",
      "isPromoActive": "N",
      "priceChangeCode": "L"
    },
    "isAvailable": true,
    "isPriceAvailable": true,
    "inPromo": false,
    "gtin": [
      "08717677337354",
      "08717677337347"
    ],
    "topCategoryName": "Koeken/Chocolade/Snoep",
    "topCategoryId": "335",
    "businessDomain": "RETAIL_BE",
    "IsPrivateLabel": false,
    "IsBiffe": false,
    "WeightconversionFactor": "0",
    "IsWeightArticle": false,
    "nutriscoreLabel": "E",
    "IsBio": false,
    "CountryOfOrigin": "NEDERLAND",
    "IsExclusivelySoldInLuxembourg": false,
    "OrderUnit": "P",
    "ShortName": "TONY PUUR AM.ZEEZ180",
    "IsNew": false,
    "EcoscoreLabel": "D",
    "RecentQuanityOfStockUnits": "1",
    "LongName": "TONY'S puur 51% amandel zeezout 180g",
    "AlcoholVolume": "0",
    "FicCode": "E",
    "EcoscoreValue": "25"
  },
  {
    "productId": "343367",
    "technicalArticleNumber": "3833060",
    "commercialArticleNumber": "16373",
    "name": "Pure Fresh Cherry Cola 50st",
    "brand": "MENTOS PURE FRESH",
    "seoBrand": "Mentos",
    "thumbNail": "https://static.colruytgroup.com/images/200x200/std.lang.all/30/64/asset-1783064.jpg",
    "fullImage": "https://static.colruytgroup.com/images/500x500/std.lang.all/30/64/asset-1783064.jpg",
    "squareImage": "https://static.colruytgroup.com/images/500x500sq/std.lang.all/30/64/asset-1783064.jpg",
    "content": "100g",
    "walkRouteSequenceNumber": 18338,
    "price": {
      "basicPrice": 2.99,
      "recommendedQuantity": "1.0",
      "measurementUnitPrice": 0.06,
      "measurementUnit": "S",
      "isRedPrice": false,
      "pricePerUOM": 0.06,
      "activationDate": "02-02-2024",
      "recordSource": "Offline",
      "isPromoActive": "N",
      "priceChangeCode": "E"
    },
    "isAvailable": true,
    "isPriceAvailable": true,
    "inPromo": false,
    "gtin": [
      "00000080874669",
      "08723400819479"
    ],
    "topCategoryName": "Koeken/Chocolade/Snoep",
    "topCategoryId": "335",
    "businessDomain": "RETAIL_BE",
    "IsPrivateLabel": false,
    "IsBiffe": false,
    "WeightconversionFactor": "0",
    "IsWeightArticle": false,
    "nutriscoreLabel": "B",
    "IsBio": false,
    "CountryOfOrigin": "NEDERLAND",
    "IsExclusivelySoldInLuxembourg": false,
    "OrderUnit": "P",
    "ShortName": "MENT PF CHERRY 50ST",
    "IsNew": false,
    "EcoscoreLabel": "C",
    "RecentQuanityOfStockUnits": "1",
    "LongName": "MENTOS PURE FRESH Pure Fresh Cherry Cola 50st 100g",
    "AlcoholVolume": "0",
    "FicCode": "E",
    "EcoscoreValue": "42"
  },
  {
    "productId": "863736",
    "technicalArticleNumber": "4715335",
    "commercialArticleNumber": "31951",
    "name": "koekjes met chocolade",
    "description": "*Individueel verpakt",
    "brand": "SMURFEN",
    "seoBrand": "Smurfen",
    "thumbNail": "https://static.colruytgroup.com/images/200x200/std.lang.all/44/40/asset-3244440.jpg",
    "fullImage": "https://static.colruytgroup.com/images/500x500/std.lang.all/44/40/asset-3244440.jpg",
    "squareImage": "https://static.colruytgroup.com/images/500x500sq/std.lang.all/44/40/asset-3244440.jpg",
    "content": "200g",
    "walkRouteSequenceNumber": 2289,
    "price": {
      "basicPrice": 2.49,
      "recommendedQuantity": "1.0",
      "measurementUnitPrice": 12.45,
      "measurementUnit": "K",
      "isRedPrice": false,
      "pricePerUOM": 12.45,
      "activationDate": "21-03-2024",
      "recordSource": "Offline",
      "isPromoActive": "N",
      "priceChangeCode": "L"
    },
    "isAvailable": true,
    "isPriceAvailable": true,
    "inPromo": false,
    "gtin": [
      "15410471917738",
      "05410471917731"
    ],
    "topCategoryName": "Koeken/Chocolade/Snoep",
    "topCategoryId": "335",
    "businessDomain": "RETAIL_BE",
    "IsPrivateLabel": false,
    "IsBiffe": false,
    "WeightconversionFactor": "0",
    "IsWeightArticle": false,
    "nutriscoreLabel": "E",
    "IsBio": false,
    "CountryOfOrigin": "BELGIË",
    "IsExclusivelySoldInLuxembourg": false,
    "OrderUnit": "P",
    "ShortName": "SMUR KOEKJES CHOCOL.200",
    "IsNew": false,
    "EcoscoreLabel": "D",
    "RecentQuanityOfStockUnits": "1",
    "LongName": "SMURFEN koekjes met chocolade 200g",
    "FicCode": "E",
    "EcoscoreValue": "32"
  },
  {
    "productId": "355928",
    "technicalArticleNumber": "3858474",
    "commercialArticleNumber": "22127",
    "name": "gum Mighty mint 100st",
    "brand": "MENTOS",
    "seoBrand": "Mentos",
    "thumbNail": "https://static.colruytgroup.com/images/200x200/std.lang.all/28/19/asset-3352819.jpg",
    "fullImage": "https://static.colruytgroup.com/images/500x500/std.lang.all/28/19/asset-3352819.jpg",
    "squareImage": "https://static.colruytgroup.com/images/500x500sq/std.lang.all/28/19/asset-3352819.jpg",
    "content": "150g",
    "walkRouteSequenceNumber": 18340,
    "price": {
      "basicPrice": 5.99,
      "recommendedQuantity": "1.0",
      "measurementUnitPrice": 0.06,
      "measurementUnit": "S",
      "isRedPrice": false,
      "pricePerUOM": 0.06,
      "activationDate": "23-02-2024",
      "recordSource": "Offline",
      "isPromoActive": "N",
      "priceChangeCode": "H"
    },
    "isAvailable": true,
    "isPriceAvailable": true,
    "inPromo": false,
    "gtin": [
      "00000080739449",
      "08003440991688",
      "08003440985526"
    ],
    "topCategoryName": "Koeken/Chocolade/Snoep",
    "topCategoryId": "335",
    "businessDomain": "RETAIL_BE",
    "IsPrivateLabel": false,
    "IsBiffe": false,
    "WeightconversionFactor": "0",
    "IsWeightArticle": false,
    "nutriscoreLabel": "B",
    "IsBio": false,
    "CountryOfOrigin": "TURKIJE",
    "IsExclusivelySoldInLuxembourg": false,
    "OrderUnit": "P",
    "ShortName": "MENT GUM MIGHTY MINT100",
    "IsNew": false,
    "EcoscoreLabel": "C",
    "RecentQuanityOfStockUnits": "1",
    "LongName": "MENTOS gum Mighty mint 100st 150g",
    "AlcoholVolume": "0",
    "FicCode": "E",
    "EcoscoreValue": "42"
  },
  {
    "productId": "218771",
    "technicalArticleNumber": "3503836",
    "commercialArticleNumber": "50564",
    "name": "brownies glutenvrij",
    "description": "*Individueel verpakt\n*Glutenvrij",
    "brand": "BONI",
    "seoBrand": "Boni Selection",
    "thumbNail": "https://static.colruytgroup.com/images/200x200/std.lang.all/04/69/asset-2030469.jpg",
    "fullImage": "https://static.colruytgroup.com/images/500x500/std.lang.all/04/69/asset-2030469.jpg",
    "squareImage": "https://static.colruytgroup.com/images/500x500sq/std.lang.all/04/69/asset-2030469.jpg",
    "content": "4x50g",
    "walkRouteSequenceNumber": 2251,
    "price": {
      "basicPrice": 2.84,
      "recommendedQuantity": "1.0",
      "measurementUnitPrice": 14.2,
      "measurementUnit": "K",
      "isRedPrice": false,
      "pricePerUOM": 14.2,
      "activationDate": "07-12-2023",
      "recordSource": "Offline",
      "isPromoActive": "N",
      "priceChangeCode": "E"
    },
    "isAvailable": true,
    "isPriceAvailable": true,
    "inPromo": false,
    "gtin": [
      "05400141309690",
      "05400141112825",
      "15400141838517",
      "15400141309697",
      "05400141403442"
    ],
    "topCategoryName": "Koeken/Chocolade/Snoep",
    "topCategoryId": "335",
    "businessDomain": "RETAIL_BE",
    "IsPrivateLabel": true,
    "IsBiffe": false,
    "WeightconversionFactor": "0",
    "IsWeightArticle": false,
    "nutriscoreLabel": "E",
    "IsBio": false,
    "CountryOfOrigin": "BELGIË",
    "IsExclusivelySoldInLuxembourg": false,
    "OrderUnit": "P",
    "ShortName": "BONI NO GL.BROWNIE 200G",
    "IsNew": false,
    "EcoscoreLabel": "C",
    "RecentQuanityOfStockUnits": "1,9",
    "LongName": "BONI brownies glutenvrij 4x50g",
    "AlcoholVolume": "0",
    "FicCode": "I",
    "EcoscoreValue": "40"
  },
  {
    "productId": "211717",
    "technicalArticleNumber": "3526933",
    "commercialArticleNumber": "50647",
    "name": "snoep maomix",
    "brand": "MAOAM",
    "seoBrand": "Maoam",
    "thumbNail": "https://static.colruytgroup.com/images/200x200/std.lang.all/21/02/asset-932102.jpg",
    "fullImage": "https://static.colruytgroup.com/images/500x500/std.lang.all/21/02/asset-932102.jpg",
    "squareImage": "https://static.colruytgroup.com/images/500x500sq/std.lang.all/21/02/asset-932102.jpg",
    "content": "480g",
    "walkRouteSequenceNumber": 1954,
    "price": {
      "basicPrice": 4.71,
      "recommendedQuantity": "1.0",
      "measurementUnitPrice": 9.82,
      "measurementUnit": "K",
      "isRedPrice": false,
      "pricePerUOM": 9.82,
      "activationDate": "12-03-2024",
      "recordSource": "Offline",
      "isPromoActive": "N",
      "priceChangeCode": "H"
    },
    "isAvailable": true,
    "isPriceAvailable": true,
    "inPromo": false,
    "gtin": [
      "04001686580653",
      "04001686580646"
    ],
    "topCategoryName": "Koeken/Chocolade/Snoep",
    "topCategoryId": "335",
    "businessDomain": "RETAIL_BE",
    "IsPrivateLabel": false,
    "IsBiffe": false,
    "WeightconversionFactor": "0",
    "IsWeightArticle": false,
    "nutriscoreLabel": "E",
    "IsBio": false,
    "CountryOfOrigin": "DUITSLAND",
    "IsExclusivelySoldInLuxembourg": false,
    "OrderUnit": "P",
    "ShortName": "MAOA MAO MIX 480G",
    "IsNew": false,
    "EcoscoreLabel": "C",
    "RecentQuanityOfStockUnits": "1",
    "LongName": "MAOAM snoep maomix 480g",
    "AlcoholVolume": "0",
    "FicCode": "E",
    "EcoscoreValue": "42"
  },
  {
    "productId": "15970",
    "technicalArticleNumber": "1563090",
    "commercialArticleNumber": "22599",
    "name": "choco toffee",
    "brand": "BONI",
    "seoBrand": "Boni Selection",
    "thumbNail": "https://static.colruytgroup.com/images/200x200/std.lang.all/41/88/asset-2504188.jpg",
    "fullImage": "https://static.colruytgroup.com/images/500x500/std.lang.all/41/88/asset-2504188.jpg",
    "squareImage": "https://static.colruytgroup.com/images/500x500sq/std.lang.all/41/88/asset-2504188.jpg",
    "content": "500g",
    "walkRouteSequenceNumber": 2009,
    "price": {
      "basicPrice": 2.83,
      "recommendedQuantity": "1.0",
      "measurementUnitPrice": 5.66,
      "measurementUnit": "K",
      "isRedPrice": false,
      "pricePerUOM": 5.66,
      "activationDate": "12-03-2024",
      "recordSource": "Offline",
      "isPromoActive": "N",
      "priceChangeCode": "H"
    },
    "isAvailable": true,
    "isPriceAvailable": true,
    "inPromo": false,
    "gtin": [
      "05400141412307",
      "15400141412304",
      "05400141058307",
      "05400141112801",
      "15400141112808"
    ],
    "topCategoryName": "Koeken/Chocolade/Snoep",
    "topCategoryId": "335",
    "businessDomain": "RETAIL_BE",
    "IsPrivateLabel": true,
    "IsBiffe": false,
    "WeightconversionFactor": "0",
    "IsWeightArticle": false,
    "nutriscoreLabel": "E",
    "IsBio": false,
    "CountryOfOrigin": "BELGIË",
    "IsExclusivelySoldInLuxembourg": false,
    "OrderUnit": "P",
    "ShortName": "BONI CHOCO.TOFFEE 500G",
    "IsNew": false,
    "EcoscoreLabel": "B",
    "RecentQuanityOfStockUnits": "1",
    "LongName": "BONI choco toffee 500g",
    "AlcoholVolume": "0",
    "FicCode": "I",
    "EcoscoreValue": "76"
  },
  {
    "productId": "182258",
    "technicalArticleNumber": "3347632",
    "commercialArticleNumber": "33157",
    "name": "Soft Baked rode vrucht",
    "brand": "LU BELVITA",
    "seoBrand": "LU belVita",
    "thumbNail": "https://static.colruytgroup.com/images/200x200/std.lang.all/28/28/asset-2372828.jpg",
    "fullImage": "https://static.colruytgroup.com/images/500x500/std.lang.all/28/28/asset-2372828.jpg",
    "squareImage": "https://static.colruytgroup.com/images/500x500sq/std.lang.all/28/28/asset-2372828.jpg",
    "content": "5x50g",
    "walkRouteSequenceNumber": 2320,
    "price": {
      "basicPrice": 3.55,
      "recommendedQuantity": "2.0",
      "measurementUnitPrice": 14.2,
      "measurementUnit": "K",
      "isRedPrice": false,
      "pricePerUOM": 14.2,
      "activationDate": "20-03-2024",
      "recordSource": "Offline",
      "isPromoActive": "N",
      "priceChangeCode": "H"
    },
    "isAvailable": true,
    "isPriceAvailable": true,
    "inPromo": false,
    "gtin": [
      "05400141383782",
      "07622210453051",
      "07622210453068"
    ],
    "topCategoryName": "Brood/Ontbijt",
    "topCategoryId": "124",
    "businessDomain": "RETAIL_BE",
    "IsPrivateLabel": false,
    "IsBiffe": false,
    "WeightconversionFactor": "0",
    "IsWeightArticle": false,
    "nutriscoreLabel": "C",
    "IsBio": false,
    "CountryOfOrigin": "TUNESIË",
    "IsExclusivelySoldInLuxembourg": false,
    "OrderUnit": "P",
    "ShortName": "BELVITA SOFT RODE VRUCH",
    "IsNew": false,
    "RecentQuanityOfStockUnits": "1,2",
    "LongName": "LU BELVITA Soft Baked rode vrucht 5x50g",
    "AlcoholVolume": "0",
    "FicCode": "E"
  },
  {
    "productId": "18899",
    "technicalArticleNumber": "1771936",
    "commercialArticleNumber": "20411",
    "name": "pastille alpin fresh sv",
    "brand": "RICOLA",
    "seoBrand": "Ricola",
    "thumbNail": "https://static.colruytgroup.com/images/200x200/std.lang.all/85/72/asset-3028572.jpg",
    "fullImage": "https://static.colruytgroup.com/images/500x500/std.lang.all/85/72/asset-3028572.jpg",
    "squareImage": "https://static.colruytgroup.com/images/500x500sq/std.lang.all/85/72/asset-3028572.jpg",
    "content": "50g",
    "walkRouteSequenceNumber": 18349,
    "price": {
      "basicPrice": 2.02,
      "recommendedQuantity": "2.0",
      "measurementUnitPrice": 40.4,
      "measurementUnit": "K",
      "isRedPrice": false,
      "pricePerUOM": 40.4,
      "activationDate": "22-03-2024",
      "recordSource": "Offline",
      "isPromoActive": "N",
      "priceChangeCode": "H"
    },
    "isAvailable": true,
    "isPriceAvailable": true,
    "inPromo": false,
    "gtin": [
      "07610700947531",
      "07610700947524",
      "07610700947265",
      "07610700607091"
    ],
    "topCategoryName": "Koeken/Chocolade/Snoep",
    "topCategoryId": "335",
    "businessDomain": "RETAIL_BE",
    "IsPrivateLabel": false,
    "IsBiffe": false,
    "WeightconversionFactor": "0",
    "IsWeightArticle": false,
    "nutriscoreLabel": "B",
    "IsBio": false,
    "CountryOfOrigin": "ZWITSERLAND",
    "IsExclusivelySoldInLuxembourg": false,
    "OrderUnit": "P",
    "ShortName": "RICOLA ALPIN FR. ZS 50G",
    "IsNew": false,
    "EcoscoreLabel": "B",
    "RecentQuanityOfStockUnits": "1,2",
    "LongName": "RICOLA pastille alpin fresh sv 50g",
    "AlcoholVolume": "0",
    "FicCode": "E",
    "EcoscoreValue": "66"
  },
  {
    "productId": "205430",
    "technicalArticleNumber": "3526239",
    "commercialArticleNumber": "50640",
    "name": "nougatti mini 14st",
    "brand": "CÔTE D'OR",
    "seoBrand": "Côte d'Or Nougatti",
    "thumbNail": "https://static.colruytgroup.com/images/200x200/std.lang.all/82/10/asset-1188210.jpg",
    "fullImage": "https://static.colruytgroup.com/images/500x500/std.lang.all/82/10/asset-1188210.jpg",
    "squareImage": "https://static.colruytgroup.com/images/500x500sq/std.lang.all/82/10/asset-1188210.jpg",
    "content": "180g",
    "walkRouteSequenceNumber": 1447,
    "price": {
      "basicPrice": 4.79,
      "recommendedQuantity": "1.0",
      "measurementUnitPrice": 26.62,
      "measurementUnit": "K",
      "isRedPrice": false,
      "pricePerUOM": 26.62,
      "activationDate": "13-03-2024",
      "recordSource": "Offline",
      "isPromoActive": "Y",
      "priceChangeCode": "E"
    },
    "isAvailable": true,
    "isPriceAvailable": true,
    "inPromo": true,
    "promotion": [
      {
        "techPromoId": "100831COLR",
        "promotionId": "100831",
        "promotionType": "3",
        "isPersonalized": "N",
        "publicationStartDate": "13-03-2024",
        "publicationEndDate": "26-03-2024"
      }
    ],
    "gtin": [
      "07622210653314",
      "07622210653345"
    ],
    "topCategoryName": "Koeken/Chocolade/Snoep",
    "topCategoryId": "335",
    "businessDomain": "RETAIL_BE",
    "IsPrivateLabel": false,
    "IsBiffe": false,
    "WeightconversionFactor": "0",
    "IsWeightArticle": false,
    "nutriscoreLabel": "E",
    "IsBio": false,
    "CountryOfOrigin": "LITOUWEN",
    "IsExclusivelySoldInLuxembourg": false,
    "OrderUnit": "P",
    "ShortName": "CDO MINI NOUGATTI 180 G",
    "InSeason": true,
    "IsNew": false,
    "RecentQuanityOfStockUnits": "1",
    "LongName": "CÔTE D'OR nougatti mini 14st 180g",
    "AlcoholVolume": "0",
    "StartSeasonDate": "03/07/2023",
    "FicCode": "E"
  },
  {
    "productId": "877422",
    "technicalArticleNumber": "4733307",
    "commercialArticleNumber": "9374",
    "name": "Brownie",
    "description": "*Limited edition",
    "brand": "NESTLÉ LION",
    "seoBrand": "Nestlé Lion",
    "thumbNail": "https://static.colruytgroup.com/images/200x200/std.lang.all/86/05/asset-3228605.jpg",
    "fullImage": "https://static.colruytgroup.com/images/500x500/std.lang.all/86/05/asset-3228605.jpg",
    "squareImage": "https://static.colruytgroup.com/images/500x500sq/std.lang.all/86/05/asset-3228605.jpg",
    "content": "5x30g",
    "walkRouteSequenceNumber": 1097,
    "price": {
      "basicPrice": 2.29,
      "recommendedQuantity": "1.0",
      "measurementUnitPrice": 15.27,
      "measurementUnit": "K",
      "isRedPrice": false,
      "pricePerUOM": 15.27,
      "activationDate": "20-03-2024",
      "recordSource": "Offline",
      "isPromoActive": "N",
      "priceChangeCode": "L"
    },
    "isAvailable": true,
    "isPriceAvailable": true,
    "inPromo": false,
    "gtin": [
      "08445290470454",
      "08445290470461"
    ],
    "topCategoryName": "Koeken/Chocolade/Snoep",
    "topCategoryId": "335",
    "businessDomain": "RETAIL_BE",
    "IsPrivateLabel": false,
    "IsBiffe": false,
    "WeightconversionFactor": "0",
    "IsWeightArticle": false,
    "nutriscoreLabel": "E",
    "IsBio": false,
    "CountryOfOrigin": "POLEN",
    "IsExclusivelySoldInLuxembourg": false,
    "OrderUnit": "P",
    "ShortName": "LION BROWNIE 150G",
    "IsNew": false,
    "RecentQuanityOfStockUnits": "1,15",
    "LongName": "NESTLÉ LION Brownie 5x30g",
    "AlcoholVolume": "0",
    "FicCode": "E"
  },
  {
    "productId": "450186",
    "technicalArticleNumber": "4028227",
    "commercialArticleNumber": "5438",
    "name": "frangipane suiker arm",
    "description": "*Maltitol",
    "brand": "BONI",
    "seoBrand": "Boni Selection",
    "thumbNail": "https://static.colruytgroup.com/images/200x200/std.lang.all/28/26/asset-3352826.jpg",
    "fullImage": "https://static.colruytgroup.com/images/500x500/std.lang.all/28/26/asset-3352826.jpg",
    "squareImage": "https://static.colruytgroup.com/images/500x500sq/std.lang.all/28/26/asset-3352826.jpg",
    "content": "6x50g",
    "walkRouteSequenceNumber": 2248,
    "price": {
      "basicPrice": 2.79,
      "recommendedQuantity": "1.0",
      "measurementUnitPrice": 9.3,
      "measurementUnit": "K",
      "isRedPrice": false,
      "pricePerUOM": 9.3,
      "activationDate": "10-02-2024",
      "recordSource": "Offline",
      "isPromoActive": "N",
      "priceChangeCode": "L"
    },
    "isAvailable": true,
    "isPriceAvailable": true,
    "inPromo": false,
    "gtin": [
      "05400141241747",
      "15400141241744"
    ],
    "topCategoryName": "Koeken/Chocolade/Snoep",
    "topCategoryId": "335",
    "businessDomain": "RETAIL_BE",
    "IsPrivateLabel": true,
    "IsBiffe": false,
    "WeightconversionFactor": "0",
    "IsWeightArticle": false,
    "nutriscoreLabel": "D",
    "IsBio": false,
    "CountryOfOrigin": "BELGIË",
    "IsExclusivelySoldInLuxembourg": false,
    "OrderUnit": "P",
    "ShortName": "BONI FRANGIP.SA 6X50G",
    "IsNew": false,
    "EcoscoreLabel": "C",
    "RecentQuanityOfStockUnits": "1",
    "LongName": "BONI frangipane suiker arm 6x50g",
    "FicCode": "I",
    "EcoscoreValue": "44"
  },
  {
    "productId": "14841",
    "technicalArticleNumber": "1462111",
    "commercialArticleNumber": "20056",
    "name": "puur truffé",
    "description": "*Belgische chocolade",
    "brand": "CÔTE D'OR",
    "seoBrand": "Côte d'Or",
    "thumbNail": "https://static.colruytgroup.com/images/200x200/std.lang.all/88/70/asset-2748870.jpg",
    "fullImage": "https://static.colruytgroup.com/images/500x500/std.lang.all/88/70/asset-2748870.jpg",
    "squareImage": "https://static.colruytgroup.com/images/500x500sq/std.lang.all/88/70/asset-2748870.jpg",
    "content": "190g",
    "walkRouteSequenceNumber": 1405,
    "price": {
      "basicPrice": 3.89,
      "recommendedQuantity": "2.0",
      "measurementUnitPrice": 20.48,
      "measurementUnit": "K",
      "isRedPrice": false,
      "pricePerUOM": 20.48,
      "activationDate": "15-03-2024",
      "recordSource": "Offline",
      "isPromoActive": "N",
      "priceChangeCode": "L"
    },
    "isAvailable": true,
    "isPriceAvailable": true,
    "inPromo": false,
    "gtin": [
      "07622210678683",
      "07622210792709",
      "07622300145187",
      "07622210792716"
    ],
    "topCategoryName": "Koeken/Chocolade/Snoep",
    "topCategoryId": "335",
    "businessDomain": "RETAIL_BE",
    "IsPrivateLabel": false,
    "IsBiffe": false,
    "WeightconversionFactor": "0",
    "IsWeightArticle": false,
    "nutriscoreLabel": "E",
    "IsBio": false,
    "CountryOfOrigin": "BELGIË",
    "IsExclusivelySoldInLuxembourg": false,
    "OrderUnit": "P",
    "ShortName": "CD TRUFFEE TAB.PUUR 190",
    "IsNew": false,
    "RecentQuanityOfStockUnits": "2,1",
    "LongName": "CÔTE D'OR puur truffé 190g",
    "AlcoholVolume": "0",
    "FicCode": "E"
  },
  {
    "productId": "258629",
    "technicalArticleNumber": "3587189",
    "commercialArticleNumber": "51010",
    "name": "Nut sel. wit hazeln.",
    "brand": "RITTER SPORT",
    "seoBrand": "Ritter Sport",
    "thumbNail": "https://static.colruytgroup.com/images/200x200/std.lang.all/09/30/asset-2320930.jpg",
    "fullImage": "https://static.colruytgroup.com/images/500x500/std.lang.all/09/30/asset-2320930.jpg",
    "squareImage": "https://static.colruytgroup.com/images/500x500sq/std.lang.all/09/30/asset-2320930.jpg",
    "content": "100g",
    "walkRouteSequenceNumber": 1337,
    "price": {
      "basicPrice": 1.09,
      "recommendedQuantity": "1.0",
      "measurementUnitPrice": 10.9,
      "measurementUnit": "K",
      "isRedPrice": false,
      "pricePerUOM": 10.9,
      "activationDate": "05-12-2023",
      "recordSource": "Offline",
      "isPromoActive": "N",
      "priceChangeCode": "E"
    },
    "isAvailable": true,
    "isPriceAvailable": true,
    "inPromo": false,
    "gtin": [
      "04000417701602",
      "04000417701008"
    ],
    "topCategoryName": "Koeken/Chocolade/Snoep",
    "topCategoryId": "335",
    "businessDomain": "RETAIL_BE",
    "IsPrivateLabel": false,
    "IsBiffe": false,
    "WeightconversionFactor": "0",
    "IsWeightArticle": false,
    "nutriscoreLabel": "E",
    "IsBio": false,
    "CountryOfOrigin": "DUITSLAND",
    "IsExclusivelySoldInLuxembourg": false,
    "OrderUnit": "P",
    "ShortName": "RITTER WIT HAZELN.100G",
    "IsNew": false,
    "EcoscoreLabel": "C",
    "RecentQuanityOfStockUnits": "1,10",
    "LongName": "RITTER SPORT Nut sel. wit hazeln. 100g",
    "AlcoholVolume": "0",
    "FicCode": "E",
    "EcoscoreValue": "48"
  },
  {
    "productId": "262493",
    "technicalArticleNumber": "3587515",
    "commercialArticleNumber": "51013",
    "name": "marsepein",
    "brand": "RITTER SPORT",
    "seoBrand": "Ritter Sport",
    "thumbNail": "https://static.colruytgroup.com/images/200x200/std.lang.all/43/98/asset-2524398.jpg",
    "fullImage": "https://static.colruytgroup.com/images/500x500/std.lang.all/43/98/asset-2524398.jpg",
    "squareImage": "https://static.colruytgroup.com/images/500x500sq/std.lang.all/43/98/asset-2524398.jpg",
    "content": "100g",
    "walkRouteSequenceNumber": 1341,
    "price": {
      "basicPrice": 1.69,
      "recommendedQuantity": "1.0",
      "measurementUnitPrice": 16.9,
      "measurementUnit": "K",
      "isRedPrice": false,
      "pricePerUOM": 16.9,
      "activationDate": "01-03-2024",
      "recordSource": "Offline",
      "isPromoActive": "N",
      "priceChangeCode": "H"
    },
    "isAvailable": true,
    "isPriceAvailable": true,
    "inPromo": false,
    "gtin": [
      "04000417025005",
      "04000417025609"
    ],
    "topCategoryName": "Koeken/Chocolade/Snoep",
    "topCategoryId": "335",
    "businessDomain": "RETAIL_BE",
    "IsPrivateLabel": false,
    "IsBiffe": false,
    "WeightconversionFactor": "0",
    "IsWeightArticle": false,
    "nutriscoreLabel": "E",
    "IsBio": false,
    "CountryOfOrigin": "DUITSLAND",
    "IsExclusivelySoldInLuxembourg": false,
    "OrderUnit": "P",
    "ShortName": "RITTER MARSEPEIN 100G",
    "IsNew": false,
    "EcoscoreLabel": "D",
    "RecentQuanityOfStockUnits": "1",
    "LongName": "RITTER SPORT marsepein 100g",
    "AlcoholVolume": "0",
    "FicCode": "E",
    "EcoscoreValue": "39"
  },
  {
    "productId": "338457",
    "technicalArticleNumber": "3830914",
    "commercialArticleNumber": "14374",
    "name": "aardbeiveters",
    "brand": "LOOK O LOOK",
    "seoBrand": "Look O Look",
    "thumbNail": "https://static.colruytgroup.com/images/200x200/std.lang.all/95/86/asset-659586.jpg",
    "fullImage": "https://static.colruytgroup.com/images/500x500/std.lang.all/95/86/asset-659586.jpg",
    "squareImage": "https://static.colruytgroup.com/images/500x500sq/std.lang.all/95/86/asset-659586.jpg",
    "content": "145g",
    "walkRouteSequenceNumber": 1637,
    "price": {
      "basicPrice": 2.95,
      "recommendedQuantity": "1.0",
      "measurementUnitPrice": 20.35,
      "measurementUnit": "K",
      "isRedPrice": false,
      "pricePerUOM": 20.35,
      "activationDate": "04-10-2023",
      "isPromoActive": "N",
      "priceChangeCode": "E"
    },
    "isAvailable": true,
    "isPriceAvailable": true,
    "inPromo": false,
    "gtin": [
      "08713600795178",
      "08713600195176"
    ],
    "topCategoryName": "Koeken/Chocolade/Snoep",
    "topCategoryId": "335",
    "businessDomain": "RETAIL_BE",
    "IsPrivateLabel": false,
    "IsBiffe": false,
    "WeightconversionFactor": "0",
    "IsWeightArticle": false,
    "nutriscoreLabel": "D",
    "IsBio": false,
    "CountryOfOrigin": "BELGIË",
    "IsExclusivelySoldInLuxembourg": false,
    "OrderUnit": "P",
    "ShortName": "LOOK AARDBEIVETERS 145G",
    "IsNew": false,
    "EcoscoreLabel": "C",
    "RecentQuanityOfStockUnits": "1",
    "LongName": "LOOK O LOOK aardbeiveters 145g",
    "AlcoholVolume": "0",
    "FicCode": "E",
    "EcoscoreValue": "42"
  },
  {
    "productId": "102946",
    "technicalArticleNumber": "3119472",
    "commercialArticleNumber": "3872",
    "name": "puur-marzipan",
    "description": "*Belgische chocolade",
    "brand": "CÔTE D'OR",
    "seoBrand": "Côte d'Or",
    "thumbNail": "https://static.colruytgroup.com/images/200x200/std.lang.all/60/28/asset-376028.jpg",
    "fullImage": "https://static.colruytgroup.com/images/500x500/std.lang.all/60/28/asset-376028.jpg",
    "squareImage": "https://static.colruytgroup.com/images/500x500sq/std.lang.all/60/28/asset-376028.jpg",
    "content": "150g",
    "walkRouteSequenceNumber": 1401,
    "price": {
      "basicPrice": 4.19,
      "recommendedQuantity": "3.0",
      "measurementUnitPrice": 27.94,
      "measurementUnit": "K",
      "isRedPrice": false,
      "pricePerUOM": 27.94,
      "activationDate": "20-03-2024",
      "recordSource": "Offline",
      "isPromoActive": "N",
      "priceChangeCode": "H"
    },
    "isAvailable": true,
    "isPriceAvailable": true,
    "inPromo": false,
    "gtin": [
      "07622210268488",
      "07622210172303",
      "07622210268501",
      "07622210268495"
    ],
    "topCategoryName": "Koeken/Chocolade/Snoep",
    "topCategoryId": "335",
    "businessDomain": "RETAIL_BE",
    "IsPrivateLabel": false,
    "IsBiffe": false,
    "WeightconversionFactor": "0",
    "IsWeightArticle": false,
    "nutriscoreLabel": "E",
    "IsBio": false,
    "CountryOfOrigin": "BELGIË",
    "IsExclusivelySoldInLuxembourg": false,
    "OrderUnit": "P",
    "ShortName": "CD PUUR MARSEPEIN 150G",
    "IsNew": false,
    "RecentQuanityOfStockUnits": "1,3",
    "LongName": "CÔTE D'OR puur-marzipan 150g",
    "AlcoholVolume": "0",
    "FicCode": "E"
  },
  {
    "productId": "1110",
    "technicalArticleNumber": "16601",
    "commercialArticleNumber": "16601",
    "name": "honingkoek",
    "brand": "BONI BIO",
    "seoBrand": "Boni Selection",
    "thumbNail": "https://static.colruytgroup.com/images/200x200/std.lang.all/74/58/asset-2197458.jpg",
    "fullImage": "https://static.colruytgroup.com/images/500x500/std.lang.all/74/58/asset-2197458.jpg",
    "squareImage": "https://static.colruytgroup.com/images/500x500sq/std.lang.all/74/58/asset-2197458.jpg",
    "content": "300g",
    "walkRouteSequenceNumber": 17540,
    "price": {
      "basicPrice": 1.99,
      "recommendedQuantity": "1.0",
      "measurementUnitPrice": 6.64,
      "measurementUnit": "K",
      "isRedPrice": false,
      "pricePerUOM": 6.64,
      "activationDate": "30-01-2024",
      "recordSource": "Offline",
      "isPromoActive": "N",
      "priceChangeCode": "E"
    },
    "isAvailable": true,
    "isPriceAvailable": true,
    "inPromo": false,
    "gtin": [
      "05400141043365",
      "05400141363203",
      "05400141426984",
      "15400141363200",
      "15400141907381"
    ],
    "topCategoryName": "Brood/Ontbijt",
    "topCategoryId": "124",
    "businessDomain": "RETAIL_BE",
    "IsPrivateLabel": true,
    "IsBiffe": false,
    "WeightconversionFactor": "0",
    "IsWeightArticle": false,
    "nutriscoreLabel": "D",
    "IsBio": true,
    "CountryOfOrigin": "BELGIË",
    "IsExclusivelySoldInLuxembourg": false,
    "OrderUnit": "P",
    "ShortName": "BS BIO PEPERKOEK 300G",
    "IsNew": false,
    "EcoscoreLabel": "B",
    "RecentQuanityOfStockUnits": "12,1",
    "LongName": "BONI BIO honingkoek 300g",
    "AlcoholVolume": "0",
    "FicCode": "I",
    "EcoscoreValue": "79"
  },
  {
    "productId": "137133",
    "technicalArticleNumber": "3176246",
    "commercialArticleNumber": "44245",
    "name": "Choco Trio",
    "description": "*Individueel verpakt",
    "brand": "MILKA",
    "seoBrand": "Milka",
    "thumbNail": "https://ecgproductmw.colruytgroup.com/ecgproductmw/noPicForArticle_2.jpg",
    "fullImage": "https://ecgproductmw.colruytgroup.com/ecgproductmw/noPicForArticle_5.jpg",
    "squareImage": "https://ecgproductmw.colruytgroup.com/ecgproductmw/noPicForArticle_5.jpg",
    "content": "5x30g",
    "walkRouteSequenceNumber": 2124,
    "price": {
      "basicPrice": 1.99,
      "recommendedQuantity": "1.0",
      "measurementUnitPrice": 13.27,
      "measurementUnit": "K",
      "isRedPrice": false,
      "pricePerUOM": 13.27,
      "activationDate": "20-03-2024",
      "recordSource": "Offline",
      "isPromoActive": "N",
      "priceChangeCode": "L"
    },
    "isAvailable": true,
    "isPriceAvailable": true,
    "inPromo": false,
    "gtin": [
      "07622201811495",
      "07622201816117",
      "07622201816094",
      "07622210220554",
      "07622210220547",
      "07622210220530",
      "07622201811488"
    ],
    "topCategoryName": "Koeken/Chocolade/Snoep",
    "topCategoryId": "335",
    "businessDomain": "RETAIL_BE",
    "IsPrivateLabel": false,
    "IsBiffe": false,
    "WeightconversionFactor": "0",
    "IsWeightArticle": false,
    "nutriscoreLabel": "E",
    "IsBio": false,
    "CountryOfOrigin": "BELGIË",
    "IsExclusivelySoldInLuxembourg": false,
    "OrderUnit": "P",
    "ShortName": "MILKA CHOCO TRIO 150GR",
    "InSeason": true,
    "IsNew": false,
    "RecentQuanityOfStockUnits": "1,2,12",
    "LongName": "MILKA Choco Trio 5x30g",
    "AlcoholVolume": "0",
    "StartSeasonDate": "27/01/2021",
    "FicCode": "E"
  },
  {
    "productId": "32224",
    "technicalArticleNumber": "1857388",
    "commercialArticleNumber": "20216",
    "name": "Funny Mix",
    "description": "*Zonder dierlijke\ngelatine",
    "brand": "HARIBO",
    "seoBrand": "Haribo",
    "thumbNail": "https://static.colruytgroup.com/images/200x200/std.lang.all/13/02/asset-2471302.jpg",
    "fullImage": "https://static.colruytgroup.com/images/500x500/std.lang.all/13/02/asset-2471302.jpg",
    "squareImage": "https://static.colruytgroup.com/images/500x500sq/std.lang.all/13/02/asset-2471302.jpg",
    "content": "500g",
    "walkRouteSequenceNumber": 1834,
    "price": {
      "basicPrice": 4.91,
      "recommendedQuantity": "1.0",
      "measurementUnitPrice": 9.82,
      "measurementUnit": "K",
      "isRedPrice": false,
      "pricePerUOM": 9.82,
      "activationDate": "14-03-2024",
      "recordSource": "Folder",
      "isPromoActive": "N",
      "priceChangeCode": "L"
    },
    "isAvailable": true,
    "isPriceAvailable": true,
    "inPromo": false,
    "gtin": [
      "04001686735848",
      "04001686713877"
    ],
    "topCategoryName": "Koeken/Chocolade/Snoep",
    "topCategoryId": "335",
    "businessDomain": "RETAIL_BE",
    "IsPrivateLabel": false,
    "IsBiffe": false,
    "WeightconversionFactor": "0",
    "IsWeightArticle": false,
    "nutriscoreLabel": "D",
    "IsBio": false,
    "CountryOfOrigin": "BELGIË",
    "IsExclusivelySoldInLuxembourg": false,
    "OrderUnit": "P",
    "ShortName": "HARIBO FUNNY MIX 500G",
    "IsNew": false,
    "EcoscoreLabel": "B",
    "RecentQuanityOfStockUnits": "1",
    "LongName": "HARIBO Funny Mix 500g",
    "AlcoholVolume": "0",
    "FicCode": "E",
    "EcoscoreValue": "69"
  },
  {
    "productId": "461611",
    "technicalArticleNumber": "3957411",
    "commercialArticleNumber": "2241",
    "name": "pistache",
    "brand": "CÔTE D'OR",
    "seoBrand": "Côte d'Or",
    "thumbNail": "https://static.colruytgroup.com/images/200x200/std.lang.all/07/38/asset-1620738.jpg",
    "fullImage": "https://static.colruytgroup.com/images/500x500/std.lang.all/07/38/asset-1620738.jpg",
    "squareImage": "https://static.colruytgroup.com/images/500x500sq/std.lang.all/07/38/asset-1620738.jpg",
    "content": "4x47g",
    "walkRouteSequenceNumber": 1429,
    "price": {
      "basicPrice": 3.75,
      "recommendedQuantity": "2.0",
      "measurementUnitPrice": 19.95,
      "measurementUnit": "K",
      "isRedPrice": false,
      "pricePerUOM": 19.95,
      "activationDate": "21-03-2024",
      "recordSource": "Offline",
      "isPromoActive": "N",
      "priceChangeCode": "E"
    },
    "isAvailable": true,
    "isPriceAvailable": true,
    "inPromo": true,
    "promotion": [
      {
        "techPromoId": "100830COLR",
        "promotionId": "100830",
        "promotionType": "3",
        "isPersonalized": "N",
        "publicationStartDate": "13-03-2024",
        "publicationEndDate": "26-03-2024"
      }
    ],
    "gtin": [
      "07622210926432",
      "07622210926418",
      "05400141073768"
    ],
    "topCategoryName": "Koeken/Chocolade/Snoep",
    "topCategoryId": "335",
    "businessDomain": "RETAIL_BE",
    "IsPrivateLabel": false,
    "IsBiffe": false,
    "WeightconversionFactor": "0",
    "IsWeightArticle": false,
    "IsBio": false,
    "CountryOfOrigin": "BELGIË",
    "IsExclusivelySoldInLuxembourg": false,
    "OrderUnit": "P",
    "ShortName": "CDO PISTACHE 4X47G",
    "IsNew": false,
    "RecentQuanityOfStockUnits": "2,1,24",
    "LongName": "CÔTE D'OR pistache 4x47g",
    "FicCode": "E"
  },
  {
    "productId": "689798",
    "technicalArticleNumber": "4415685",
    "commercialArticleNumber": "15154",
    "name": "Madeleine amandel 12st",
    "brand": "LOTUS",
    "seoBrand": "Lotus",
    "thumbNail": "https://static.colruytgroup.com/images/200x200/std.lang.all/10/30/asset-2451030.jpg",
    "fullImage": "https://static.colruytgroup.com/images/500x500/std.lang.all/10/30/asset-2451030.jpg",
    "squareImage": "https://static.colruytgroup.com/images/500x500sq/std.lang.all/10/30/asset-2451030.jpg",
    "content": "12x25g",
    "walkRouteSequenceNumber": 2031,
    "price": {
      "basicPrice": 3.39,
      "recommendedQuantity": "1.0",
      "measurementUnitPrice": 11.3,
      "measurementUnit": "K",
      "isRedPrice": false,
      "pricePerUOM": 11.3,
      "activationDate": "22-03-2024",
      "recordSource": "Offline",
      "isPromoActive": "N",
      "priceChangeCode": "E"
    },
    "isAvailable": true,
    "isPriceAvailable": true,
    "inPromo": false,
    "gtin": [
      "15410126020073",
      "05410126020076"
    ],
    "topCategoryName": "Koeken/Chocolade/Snoep",
    "topCategoryId": "335",
    "businessDomain": "RETAIL_BE",
    "IsPrivateLabel": false,
    "IsBiffe": false,
    "WeightconversionFactor": "0",
    "IsWeightArticle": false,
    "nutriscoreLabel": "E",
    "IsBio": false,
    "CountryOfOrigin": "BELGIË",
    "IsExclusivelySoldInLuxembourg": false,
    "OrderUnit": "P",
    "ShortName": "LOTU MADEL.AMANDEL 300G",
    "IsNew": false,
    "RecentQuanityOfStockUnits": "1,7",
    "LongName": "LOTUS Madeleine amandel 12st 12x25g",
    "FicCode": "E"
  },
  {
    "productId": "301435",
    "technicalArticleNumber": "3715804",
    "commercialArticleNumber": "20473",
    "name": "white greenmint 40st",
    "brand": "MENTOS",
    "seoBrand": "Mentos",
    "thumbNail": "https://static.colruytgroup.com/images/200x200/std.lang.all/94/54/asset-1319454.jpg",
    "fullImage": "https://static.colruytgroup.com/images/500x500/std.lang.all/94/54/asset-1319454.jpg",
    "squareImage": "https://static.colruytgroup.com/images/500x500sq/std.lang.all/94/54/asset-1319454.jpg",
    "content": "60g",
    "walkRouteSequenceNumber": 18343,
    "price": {
      "basicPrice": 2.99,
      "recommendedQuantity": "1.0",
      "measurementUnitPrice": 0.075,
      "measurementUnit": "S",
      "isRedPrice": false,
      "pricePerUOM": 0.075,
      "activationDate": "17-02-2024",
      "recordSource": "Offline",
      "isPromoActive": "N",
      "priceChangeCode": "E"
    },
    "isAvailable": true,
    "isPriceAvailable": true,
    "inPromo": false,
    "gtin": [
      "08003440930458",
      "08723400818403",
      "00000080723011"
    ],
    "topCategoryName": "Koeken/Chocolade/Snoep",
    "topCategoryId": "335",
    "businessDomain": "RETAIL_BE",
    "IsPrivateLabel": false,
    "IsBiffe": false,
    "WeightconversionFactor": "0",
    "IsWeightArticle": false,
    "nutriscoreLabel": "B",
    "IsBio": false,
    "CountryOfOrigin": "TURKIJE",
    "IsExclusivelySoldInLuxembourg": false,
    "OrderUnit": "P",
    "ShortName": "MENT GUM WHTE GRNMINT40",
    "IsNew": false,
    "EcoscoreLabel": "C",
    "RecentQuanityOfStockUnits": "1,6",
    "LongName": "MENTOS white greenmint 40st 60g",
    "AlcoholVolume": "0",
    "FicCode": "E",
    "EcoscoreValue": "42"
  },
  {
    "productId": "151071",
    "technicalArticleNumber": "3340755",
    "commercialArticleNumber": "43067",
    "name": "mini",
    "brand": "NESTLÉ SMARTIES",
    "seoBrand": "Nestlé Smarties",
    "thumbNail": "https://static.colruytgroup.com/images/200x200/std.lang.all/33/43/asset-1183343.jpg",
    "fullImage": "https://static.colruytgroup.com/images/500x500/std.lang.all/33/43/asset-1183343.jpg",
    "squareImage": "https://static.colruytgroup.com/images/500x500sq/std.lang.all/33/43/asset-1183343.jpg",
    "content": "26x14,4g",
    "walkRouteSequenceNumber": 1450,
    "price": {
      "basicPrice": 4.72,
      "recommendedQuantity": "1.0",
      "measurementUnitPrice": 12.59,
      "measurementUnit": "K",
      "isRedPrice": false,
      "pricePerUOM": 12.59,
      "activationDate": "15-03-2024",
      "recordSource": "Offline",
      "isPromoActive": "N",
      "priceChangeCode": "H"
    },
    "isAvailable": true,
    "isPriceAvailable": true,
    "inPromo": false,
    "gtin": [
      "07613033139543",
      "07613033139338",
      "05400141173543",
      "07613287403216",
      "07613287403223"
    ],
    "topCategoryName": "Koeken/Chocolade/Snoep",
    "topCategoryId": "335",
    "businessDomain": "RETAIL_BE",
    "IsPrivateLabel": false,
    "IsBiffe": false,
    "WeightconversionFactor": "0",
    "IsWeightArticle": false,
    "nutriscoreLabel": "E",
    "IsBio": false,
    "CountryOfOrigin": "DUITSLAND",
    "IsExclusivelySoldInLuxembourg": false,
    "OrderUnit": "P",
    "ShortName": "SMARTIES MINI 375G",
    "IsNew": false,
    "RecentQuanityOfStockUnits": "1",
    "LongName": "NESTLÉ SMARTIES mini 26x14,4g",
    "AlcoholVolume": "0",
    "FicCode": "E"
  },
  {
    "productId": "912156",
    "technicalArticleNumber": "4759745",
    "commercialArticleNumber": "8366",
    "name": "fantast.friend.creamy",
    "brand": "CÔTE D'OR",
    "seoBrand": "Côte d'Or Fantastic Friends",
    "thumbNail": "https://static.colruytgroup.com/images/200x200/std.lang.all/45/77/asset-3374577.jpg",
    "fullImage": "https://static.colruytgroup.com/images/500x500/std.lang.all/45/77/asset-3374577.jpg",
    "squareImage": "https://static.colruytgroup.com/images/500x500sq/std.lang.all/45/77/asset-3374577.jpg",
    "content": "12x16,8g",
    "walkRouteSequenceNumber": 1604,
    "price": {
      "basicPrice": 3.42,
      "recommendedQuantity": "1.0",
      "measurementUnitPrice": 16.94,
      "measurementUnit": "K",
      "isRedPrice": false,
      "pricePerUOM": 16.94,
      "activationDate": "19-03-2024",
      "recordSource": "Offline",
      "isPromoActive": "N",
      "priceChangeCode": "L"
    },
    "isAvailable": true,
    "isPriceAvailable": true,
    "inPromo": false,
    "gtin": [
      "07622202019364",
      "07622202021589"
    ],
    "topCategoryName": "Koeken/Chocolade/Snoep",
    "topCategoryId": "335",
    "businessDomain": "RETAIL_BE",
    "IsPrivateLabel": false,
    "IsBiffe": false,
    "WeightconversionFactor": "0",
    "IsWeightArticle": false,
    "nutriscoreLabel": "E",
    "IsBio": false,
    "CountryOfOrigin": "BELGIË",
    "IsExclusivelySoldInLuxembourg": false,
    "OrderUnit": "P",
    "ShortName": "C.DO FAN.F.CREAM12X16.8",
    "IsNew": false,
    "RecentQuanityOfStockUnits": "1,12",
    "LongName": "CÔTE D'OR fantast.friend.creamy 12x16,8g",
    "FicCode": "E"
  },
  {
    "productId": "17363",
    "technicalArticleNumber": "1714471",
    "commercialArticleNumber": "32986",
    "name": "zakje Décoré Pasen",
    "description": "*Belgische chocolade",
    "brand": "LIBEERT",
    "seoBrand": "Libeert",
    "thumbNail": "https://static.colruytgroup.com/images/200x200/std.lang.all/82/20/asset-3178220.jpg",
    "fullImage": "https://static.colruytgroup.com/images/500x500/std.lang.all/82/20/asset-3178220.jpg",
    "squareImage": "https://static.colruytgroup.com/images/500x500sq/std.lang.all/82/20/asset-3178220.jpg",
    "content": "180g",
    "walkRouteSequenceNumber": 1480,
    "price": {
      "basicPrice": 5.99,
      "recommendedQuantity": "1.0",
      "measurementUnitPrice": 33.28,
      "measurementUnit": "K",
      "isRedPrice": false,
      "pricePerUOM": 33.28,
      "activationDate": "31-01-2024",
      "recordSource": "Offline",
      "isPromoActive": "N",
      "priceChangeCode": "E"
    },
    "isAvailable": true,
    "isPriceAvailable": true,
    "inPromo": false,
    "gtin": [
      "05411901949162",
      "05411901063035"
    ],
    "topCategoryName": "Koeken/Chocolade/Snoep",
    "topCategoryId": "335",
    "businessDomain": "RETAIL_BE",
    "IsPrivateLabel": false,
    "IsBiffe": false,
    "WeightconversionFactor": "0",
    "IsWeightArticle": false,
    "nutriscoreLabel": "E",
    "IsBio": false,
    "CountryOfOrigin": "BELGIË",
    "IsExclusivelySoldInLuxembourg": false,
    "OrderUnit": "P",
    "ShortName": "LIB PASEN DECORE 180G",
    "InSeason": true,
    "IsNew": false,
    "EcoscoreLabel": "C",
    "RecentQuanityOfStockUnits": "1,20",
    "LongName": "LIBEERT zakje Décoré Pasen 180g",
    "AlcoholVolume": "0",
    "StartSeasonDate": "25/10/2023",
    "FicCode": "E",
    "EcoscoreValue": "40"
  },
  {
    "productId": "809469",
    "technicalArticleNumber": "4632845",
    "commercialArticleNumber": "12359",
    "name": "melkchocolade crun.speculoo.FT",
    "description": "*Belgische chocolade\n*Speculoosstukjes\n*Fairtrade",
    "brand": "BONI",
    "seoBrand": "Boni Selection",
    "thumbNail": "https://static.colruytgroup.com/images/200x200/std.lang.all/26/98/asset-3172698.jpg",
    "fullImage": "https://static.colruytgroup.com/images/500x500/std.lang.all/26/98/asset-3172698.jpg",
    "squareImage": "https://static.colruytgroup.com/images/500x500sq/std.lang.all/26/98/asset-3172698.jpg",
    "content": "200g",
    "walkRouteSequenceNumber": 1330,
    "price": {
      "basicPrice": 2.79,
      "recommendedQuantity": "1.0",
      "measurementUnitPrice": 13.95,
      "measurementUnit": "K",
      "isRedPrice": false,
      "pricePerUOM": 13.95,
      "activationDate": "06-03-2024",
      "isPromoActive": "N",
      "priceChangeCode": "H"
    },
    "isAvailable": true,
    "isPriceAvailable": true,
    "inPromo": false,
    "gtin": [
      "15400141677895",
      "05400141677898"
    ],
    "topCategoryName": "Koeken/Chocolade/Snoep",
    "topCategoryId": "335",
    "businessDomain": "RETAIL_BE",
    "IsPrivateLabel": true,
    "IsBiffe": false,
    "WeightconversionFactor": "0",
    "IsWeightArticle": false,
    "nutriscoreLabel": "E",
    "IsBio": false,
    "CountryOfOrigin": "BELGIË",
    "IsExclusivelySoldInLuxembourg": false,
    "OrderUnit": "P",
    "ShortName": "BONI CHO.CRU.SPEC.FT200",
    "IsNew": false,
    "EcoscoreLabel": "D",
    "RecentQuanityOfStockUnits": "1",
    "LongName": "BONI melkchocolade crun.speculoo.FT 200g",
    "FicCode": "I",
    "EcoscoreValue": "28"
  },
  {
    "productId": "415453",
    "technicalArticleNumber": "3929756",
    "commercialArticleNumber": "14760",
    "name": "happy cherries fizz",
    "brand": "HARIBO",
    "seoBrand": "Haribo",
    "thumbNail": "https://static.colruytgroup.com/images/200x200/std.lang.all/42/83/asset-1514283.jpg",
    "fullImage": "https://static.colruytgroup.com/images/500x500/std.lang.all/42/83/asset-1514283.jpg",
    "squareImage": "https://static.colruytgroup.com/images/500x500sq/std.lang.all/42/83/asset-1514283.jpg",
    "content": "400g",
    "walkRouteSequenceNumber": 1833,
    "price": {
      "basicPrice": 5.58,
      "recommendedQuantity": "1.0",
      "measurementUnitPrice": 13.95,
      "measurementUnit": "K",
      "isRedPrice": false,
      "pricePerUOM": 13.95,
      "activationDate": "12-03-2024",
      "recordSource": "Offline",
      "isPromoActive": "N",
      "priceChangeCode": "H"
    },
    "isAvailable": true,
    "isPriceAvailable": true,
    "inPromo": false,
    "gtin": [
      "04001686309346",
      "04001686309353"
    ],
    "topCategoryName": "Koeken/Chocolade/Snoep",
    "topCategoryId": "335",
    "businessDomain": "RETAIL_BE",
    "IsPrivateLabel": false,
    "IsBiffe": false,
    "WeightconversionFactor": "0",
    "IsWeightArticle": false,
    "nutriscoreLabel": "E",
    "IsBio": false,
    "CountryOfOrigin": "OOSTENRIJK",
    "IsExclusivelySoldInLuxembourg": false,
    "OrderUnit": "P",
    "ShortName": "HARI HAPPY CHER.FIZZ400",
    "IsNew": false,
    "EcoscoreLabel": "B",
    "RecentQuanityOfStockUnits": "1",
    "LongName": "HARIBO happy cherries fizz 400g",
    "AlcoholVolume": "0",
    "FicCode": "E",
    "EcoscoreValue": "67"
  },
  {
    "productId": "1566",
    "technicalArticleNumber": "20606",
    "commercialArticleNumber": "20606",
    "name": "Zwitserse kruidenbonbons",
    "brand": "RICOLA",
    "seoBrand": "Ricola",
    "thumbNail": "https://static.colruytgroup.com/images/200x200/std.lang.all/13/57/asset-391357.jpg",
    "fullImage": "https://static.colruytgroup.com/images/500x500/std.lang.all/13/57/asset-391357.jpg",
    "squareImage": "https://static.colruytgroup.com/images/500x500sq/std.lang.all/13/57/asset-391357.jpg",
    "content": "250g",
    "walkRouteSequenceNumber": 18324,
    "price": {
      "basicPrice": 4.99,
      "recommendedQuantity": "1.0",
      "measurementUnitPrice": 19.96,
      "measurementUnit": "K",
      "isRedPrice": false,
      "pricePerUOM": 19.96,
      "activationDate": "14-02-2024",
      "recordSource": "Offline",
      "isPromoActive": "N",
      "priceChangeCode": "E"
    },
    "isAvailable": true,
    "isPriceAvailable": true,
    "inPromo": false,
    "gtin": [
      "07610700600054",
      "07610700600153"
    ],
    "topCategoryName": "Koeken/Chocolade/Snoep",
    "topCategoryId": "335",
    "businessDomain": "RETAIL_BE",
    "IsPrivateLabel": false,
    "IsBiffe": false,
    "WeightconversionFactor": "0",
    "IsWeightArticle": false,
    "nutriscoreLabel": "E",
    "IsBio": false,
    "CountryOfOrigin": "BELGIË",
    "IsExclusivelySoldInLuxembourg": false,
    "OrderUnit": "P",
    "ShortName": "RICOLA KRUIDENBONB 250G",
    "IsNew": false,
    "EcoscoreLabel": "B",
    "RecentQuanityOfStockUnits": "1",
    "LongName": "RICOLA Zwitserse kruidenbonbons 250g",
    "AlcoholVolume": "0",
    "FicCode": "E",
    "EcoscoreValue": "66"
  },
  {
    "productId": "56883",
    "technicalArticleNumber": "2480234",
    "commercialArticleNumber": "38091",
    "name": "zoo spelt & oats",
    "brand": "LEIBNIZ",
    "seoBrand": "Leibniz",
    "thumbNail": "https://static.colruytgroup.com/images/200x200/std.lang.all/29/29/asset-2792929.jpg",
    "fullImage": "https://static.colruytgroup.com/images/500x500/std.lang.all/29/29/asset-2792929.jpg",
    "squareImage": "https://static.colruytgroup.com/images/500x500sq/std.lang.all/29/29/asset-2792929.jpg",
    "content": "125g",
    "walkRouteSequenceNumber": 2293,
    "price": {
      "basicPrice": 2.15,
      "recommendedQuantity": "1.0",
      "measurementUnitPrice": 17.2,
      "measurementUnit": "K",
      "isRedPrice": false,
      "pricePerUOM": 17.2,
      "activationDate": "28-02-2024",
      "recordSource": "Offline",
      "isPromoActive": "N",
      "priceChangeCode": "E"
    },
    "isAvailable": true,
    "isPriceAvailable": true,
    "inPromo": false,
    "gtin": [
      "04017100124310",
      "04017100012433",
      "04017100130519",
      "04017100013058"
    ],
    "topCategoryName": "Koeken/Chocolade/Snoep",
    "topCategoryId": "335",
    "businessDomain": "RETAIL_BE",
    "IsPrivateLabel": false,
    "IsBiffe": false,
    "WeightconversionFactor": "0",
    "IsWeightArticle": false,
    "IsBio": false,
    "CountryOfOrigin": "BELGIË",
    "IsExclusivelySoldInLuxembourg": false,
    "OrderUnit": "P",
    "ShortName": "LEIB ZOO SPELT&OATS125",
    "IsNew": false,
    "EcoscoreLabel": "C",
    "RecentQuanityOfStockUnits": "1",
    "LongName": "LEIBNIZ zoo spelt & oats 125g",
    "AlcoholVolume": "0",
    "FicCode": "E",
    "EcoscoreValue": "49"
  },
  {
    "productId": "391331",
    "technicalArticleNumber": "3939159",
    "commercialArticleNumber": "1358",
    "name": "tube",
    "brand": "NESTLÉ ROLO",
    "seoBrand": "Nestlé Rolo",
    "thumbNail": "https://static.colruytgroup.com/images/200x200/std.lang.all/12/34/asset-1521234.jpg",
    "fullImage": "https://static.colruytgroup.com/images/500x500/std.lang.all/12/34/asset-1521234.jpg",
    "squareImage": "https://static.colruytgroup.com/images/500x500sq/std.lang.all/12/34/asset-1521234.jpg",
    "content": "4x41,6g",
    "walkRouteSequenceNumber": 1448,
    "price": {
      "basicPrice": 2.75,
      "recommendedQuantity": "1.0",
      "measurementUnitPrice": 16.57,
      "measurementUnit": "K",
      "isRedPrice": false,
      "pricePerUOM": 16.57,
      "activationDate": "20-03-2024",
      "recordSource": "Offline",
      "isPromoActive": "N",
      "priceChangeCode": "H"
    },
    "isAvailable": true,
    "isPriceAvailable": true,
    "inPromo": false,
    "gtin": [
      "07613036137867",
      "07613036137850"
    ],
    "topCategoryName": "Koeken/Chocolade/Snoep",
    "topCategoryId": "335",
    "businessDomain": "RETAIL_BE",
    "IsPrivateLabel": false,
    "IsBiffe": false,
    "WeightconversionFactor": "0",
    "IsWeightArticle": false,
    "nutriscoreLabel": "E",
    "IsBio": false,
    "CountryOfOrigin": "VERENIGD KONINKRIJK",
    "IsExclusivelySoldInLuxembourg": false,
    "OrderUnit": "P",
    "ShortName": "NEST ROLO TUBE 4X41.6G",
    "IsNew": false,
    "RecentQuanityOfStockUnits": "1",
    "LongName": "NESTLÉ ROLO tube 4x41,6g",
    "FicCode": "E"
  },
  {
    "productId": "886203",
    "technicalArticleNumber": "4745313",
    "commercialArticleNumber": "32648",
    "name": "Mini mix",
    "brand": "NESTLÉ KITKAT",
    "seoBrand": "Kitkat",
    "thumbNail": "https://static.colruytgroup.com/images/200x200/std.lang.all/28/91/asset-3272891.jpg",
    "fullImage": "https://static.colruytgroup.com/images/500x500/std.lang.all/28/91/asset-3272891.jpg",
    "squareImage": "https://static.colruytgroup.com/images/500x500sq/std.lang.all/28/91/asset-3272891.jpg",
    "content": "197,4g",
    "walkRouteSequenceNumber": 1451,
    "price": {
      "basicPrice": 2.89,
      "recommendedQuantity": "1.0",
      "quantityPrice": 2.14,
      "quantityPriceQuantity": "2.0",
      "measurementUnitPrice": 14.68,
      "measurementUnitQuantityPrice": 10.87,
      "measurementUnit": "K",
      "isRedPrice": false,
      "pricePerUOM": 14.68,
      "activationDate": "21-03-2024",
      "recordSource": "Offline",
      "isPromoActive": "N",
      "priceChangeCode": "E",
      "quantityPricePerUOM": 10.87,
      "quantityActivationDate": "21-03-2024",
      "quantityPriceChangeCode": "E"
    },
    "isAvailable": true,
    "isPriceAvailable": true,
    "inPromo": false,
    "gtin": [
      "03800020492956",
      "03800020446997"
    ],
    "topCategoryName": "Koeken/Chocolade/Snoep",
    "topCategoryId": "335",
    "businessDomain": "RETAIL_BE",
    "IsPrivateLabel": false,
    "IsBiffe": false,
    "WeightconversionFactor": "0",
    "IsWeightArticle": false,
    "nutriscoreLabel": "E",
    "IsBio": false,
    "CountryOfOrigin": "BULGARIJE",
    "IsExclusivelySoldInLuxembourg": false,
    "OrderUnit": "P",
    "ShortName": "KIT KAT MINI MIX 197.4G",
    "IsNew": false,
    "RecentQuanityOfStockUnits": "1,12",
    "LongName": "NESTLÉ KITKAT Mini mix 197,4g",
    "AlcoholVolume": "0",
    "FicCode": "E"
  },
  {
    "productId": "1527",
    "technicalArticleNumber": "21527",
    "commercialArticleNumber": "21527",
    "name": "speculoos voltarwe",
    "brand": "VERMEIREN",
    "seoBrand": "Vermeiren",
    "thumbNail": "https://static.colruytgroup.com/images/200x200/std.lang.all/73/01/asset-857301.jpg",
    "fullImage": "https://static.colruytgroup.com/images/500x500/std.lang.all/73/01/asset-857301.jpg",
    "squareImage": "https://static.colruytgroup.com/images/500x500sq/std.lang.all/73/01/asset-857301.jpg",
    "content": "2x162,5g",
    "walkRouteSequenceNumber": 2133,
    "price": {
      "basicPrice": 2.33,
      "recommendedQuantity": "1.0",
      "measurementUnitPrice": 7.17,
      "measurementUnit": "K",
      "isRedPrice": false,
      "pricePerUOM": 7.17,
      "activationDate": "14-11-2023",
      "isPromoActive": "N",
      "priceChangeCode": "E"
    },
    "isAvailable": true,
    "isPriceAvailable": true,
    "inPromo": false,
    "gtin": [
      "05411128200015",
      "05411128205010",
      "05411128512118"
    ],
    "topCategoryName": "Brood/Ontbijt",
    "topCategoryId": "124",
    "businessDomain": "RETAIL_BE",
    "IsPrivateLabel": false,
    "IsBiffe": false,
    "WeightconversionFactor": "0",
    "IsWeightArticle": false,
    "nutriscoreLabel": "E",
    "IsBio": false,
    "CountryOfOrigin": "BELGIË",
    "IsExclusivelySoldInLuxembourg": false,
    "OrderUnit": "P",
    "ShortName": "RE VERM.SPEC BLAUW 325G",
    "IsNew": false,
    "EcoscoreLabel": "B",
    "RecentQuanityOfStockUnits": "1",
    "LongName": "VERMEIREN speculoos voltarwe 2x162,5g",
    "AlcoholVolume": "0",
    "FicCode": "E",
    "EcoscoreValue": "64"
  },
  {
    "productId": "14369",
    "technicalArticleNumber": "1575238",
    "commercialArticleNumber": "20439",
    "name": "witte chocolade",
    "description": "*Belgische chocolade",
    "brand": "CÔTE D'OR",
    "seoBrand": "Côte d'Or L'Original",
    "thumbNail": "https://static.colruytgroup.com/images/200x200/std.lang.all/22/12/asset-1952212.jpg",
    "fullImage": "https://static.colruytgroup.com/images/500x500/std.lang.all/22/12/asset-1952212.jpg",
    "squareImage": "https://static.colruytgroup.com/images/500x500sq/std.lang.all/22/12/asset-1952212.jpg",
    "content": "2x200g",
    "walkRouteSequenceNumber": 1419,
    "price": {
      "basicPrice": 4.99,
      "recommendedQuantity": "2.0",
      "measurementUnitPrice": 12.48,
      "measurementUnit": "K",
      "isRedPrice": false,
      "pricePerUOM": 12.48,
      "activationDate": "13-03-2024",
      "recordSource": "Offline",
      "isPromoActive": "N",
      "priceChangeCode": "H"
    },
    "isAvailable": true,
    "isPriceAvailable": true,
    "inPromo": true,
    "promotion": [
      {
        "techPromoId": "100829COLR",
        "promotionId": "100829",
        "promotionType": "3",
        "isPersonalized": "N",
        "publicationStartDate": "13-03-2024",
        "publicationEndDate": "26-03-2024"
      }
    ],
    "gtin": [
      "07622201749811",
      "07622201731403",
      "05410081200230",
      "07622201124755",
      "07622201124779",
      "07622201151331",
      "07622210100108",
      "07622210187376",
      "07622201731410",
      "07622201151355"
    ],
    "topCategoryName": "Koeken/Chocolade/Snoep",
    "topCategoryId": "335",
    "businessDomain": "RETAIL_BE",
    "IsPrivateLabel": false,
    "IsBiffe": false,
    "WeightconversionFactor": "0",
    "IsWeightArticle": false,
    "nutriscoreLabel": "E",
    "IsBio": false,
    "CountryOfOrigin": "BELGIË",
    "IsExclusivelySoldInLuxembourg": false,
    "OrderUnit": "P",
    "ShortName": "CD TABLET WIT 400GR",
    "InSeason": true,
    "IsNew": false,
    "RecentQuanityOfStockUnits": "1,2",
    "LongName": "CÔTE D'OR witte chocolade 2x200g",
    "AlcoholVolume": "0",
    "StartSeasonDate": "05/10/2022",
    "FicCode": "E"
  },
  {
    "productId": "1640",
    "technicalArticleNumber": "21217",
    "commercialArticleNumber": "21217",
    "name": "koeken Madeira",
    "brand": "LU",
    "seoBrand": "LU",
    "thumbNail": "https://static.colruytgroup.com/images/200x200/std.lang.all/23/62/asset-1762362.jpg",
    "fullImage": "https://static.colruytgroup.com/images/500x500/std.lang.all/23/62/asset-1762362.jpg",
    "squareImage": "https://static.colruytgroup.com/images/500x500sq/std.lang.all/23/62/asset-1762362.jpg",
    "content": "100g",
    "walkRouteSequenceNumber": 2339,
    "price": {
      "basicPrice": 3.89,
      "recommendedQuantity": "2.0",
      "measurementUnitPrice": 38.9,
      "measurementUnit": "K",
      "isRedPrice": false,
      "pricePerUOM": 38.9,
      "activationDate": "21-03-2024",
      "recordSource": "Offline",
      "isPromoActive": "N",
      "priceChangeCode": "E"
    },
    "isAvailable": true,
    "isPriceAvailable": true,
    "inPromo": true,
    "promotion": [
      {
        "techPromoId": "100898COLR",
        "promotionId": "100898",
        "promotionType": "3",
        "isPersonalized": "N",
        "publicationStartDate": "13-03-2024",
        "publicationEndDate": "26-03-2024"
      }
    ],
    "gtin": [
      "00000025212174",
      "05400141212174",
      "05410041001105",
      "15410041001102"
    ],
    "topCategoryName": "Koeken/Chocolade/Snoep",
    "topCategoryId": "335",
    "businessDomain": "RETAIL_BE",
    "IsPrivateLabel": false,
    "IsBiffe": false,
    "WeightconversionFactor": "0",
    "IsWeightArticle": false,
    "nutriscoreLabel": "E",
    "IsBio": false,
    "CountryOfOrigin": "NEDERLAND",
    "IsExclusivelySoldInLuxembourg": false,
    "OrderUnit": "P",
    "ShortName": "LU DB MADEIRA 100 GR",
    "IsNew": false,
    "RecentQuanityOfStockUnits": "1,2,12",
    "LongName": "LU koeken Madeira 100g",
    "AlcoholVolume": "0",
    "FicCode": "E"
  },
  {
    "productId": "747878",
    "technicalArticleNumber": "4517207",
    "commercialArticleNumber": "16242",
    "name": "Spearmint 36st",
    "brand": "SMART",
    "seoBrand": "SMART",
    "thumbNail": "https://static.colruytgroup.com/images/200x200/std.lang.all/02/00/asset-2660200.jpg",
    "fullImage": "https://static.colruytgroup.com/images/500x500/std.lang.all/02/00/asset-2660200.jpg",
    "squareImage": "https://static.colruytgroup.com/images/500x500sq/std.lang.all/02/00/asset-2660200.jpg",
    "content": "40g",
    "walkRouteSequenceNumber": 18412,
    "price": {
      "basicPrice": 1.29,
      "recommendedQuantity": "1.0",
      "measurementUnitPrice": 0.036,
      "measurementUnit": "S",
      "isRedPrice": false,
      "pricePerUOM": 0.036,
      "activationDate": "16-06-2023",
      "isPromoActive": "N",
      "priceChangeCode": "H"
    },
    "isAvailable": true,
    "isPriceAvailable": true,
    "inPromo": false,
    "gtin": [
      "05400265170909",
      "05400265007670"
    ],
    "topCategoryName": "Koeken/Chocolade/Snoep",
    "topCategoryId": "335",
    "businessDomain": "RETAIL_BE",
    "IsPrivateLabel": false,
    "IsBiffe": false,
    "WeightconversionFactor": "0",
    "IsWeightArticle": false,
    "nutriscoreLabel": "B",
    "IsBio": false,
    "CountryOfOrigin": "TURKIJE",
    "IsExclusivelySoldInLuxembourg": false,
    "OrderUnit": "P",
    "ShortName": "SMAR KAUWG.SPEAR.SV 36S",
    "IsNew": false,
    "EcoscoreLabel": "C",
    "RecentQuanityOfStockUnits": "1",
    "LongName": "SMART Spearmint 36st 40g",
    "FicCode": "E",
    "EcoscoreValue": "42"
  },
  {
    "productId": "553063",
    "technicalArticleNumber": "4185498",
    "commercialArticleNumber": "13340",
    "name": "coco's chocolade gv",
    "brand": "BONI",
    "seoBrand": "Boni Selection",
    "thumbNail": "https://static.colruytgroup.com/images/200x200/std.lang.all/45/63/asset-2314563.jpg",
    "fullImage": "https://static.colruytgroup.com/images/500x500/std.lang.all/45/63/asset-2314563.jpg",
    "squareImage": "https://static.colruytgroup.com/images/500x500sq/std.lang.all/45/63/asset-2314563.jpg",
    "content": "200g",
    "walkRouteSequenceNumber": 2249,
    "price": {
      "basicPrice": 1.99,
      "recommendedQuantity": "1.0",
      "measurementUnitPrice": 9.95,
      "measurementUnit": "K",
      "isRedPrice": false,
      "pricePerUOM": 9.95,
      "activationDate": "13-03-2024",
      "isPromoActive": "N",
      "priceChangeCode": "H"
    },
    "isAvailable": true,
    "isPriceAvailable": true,
    "inPromo": false,
    "gtin": [
      "15400141334156",
      "05400141334159",
      "05400141840148",
      "15400141840145"
    ],
    "topCategoryName": "Koeken/Chocolade/Snoep",
    "topCategoryId": "335",
    "businessDomain": "RETAIL_BE",
    "IsPrivateLabel": true,
    "IsBiffe": false,
    "WeightconversionFactor": "0",
    "IsWeightArticle": false,
    "nutriscoreLabel": "E",
    "IsBio": false,
    "CountryOfOrigin": "BELGIË",
    "IsExclusivelySoldInLuxembourg": false,
    "OrderUnit": "P",
    "ShortName": "BONI COCO CHOC.GV 200G",
    "IsNew": false,
    "EcoscoreLabel": "B",
    "RecentQuanityOfStockUnits": "1",
    "LongName": "BONI coco's chocolade gv 200g",
    "FicCode": "I",
    "EcoscoreValue": "77"
  },
  {
    "productId": "746367",
    "technicalArticleNumber": "4514883",
    "commercialArticleNumber": "7576",
    "name": "eggs mix melk-puur pral.",
    "brand": "CÔTE D'OR",
    "seoBrand": "Côte d'Or",
    "thumbNail": "https://static.colruytgroup.com/images/200x200/std.lang.all/91/62/asset-2709162.jpg",
    "fullImage": "https://static.colruytgroup.com/images/500x500/std.lang.all/91/62/asset-2709162.jpg",
    "squareImage": "https://static.colruytgroup.com/images/500x500sq/std.lang.all/91/62/asset-2709162.jpg",
    "content": "350g",
    "walkRouteSequenceNumber": 1583,
    "price": {
      "basicPrice": 7.34,
      "recommendedQuantity": "1.0",
      "measurementUnitPrice": 20.98,
      "measurementUnit": "K",
      "isRedPrice": false,
      "pricePerUOM": 20.98,
      "activationDate": "14-03-2024",
      "recordSource": "Folder",
      "isPromoActive": "Y",
      "priceChangeCode": "L"
    },
    "isAvailable": true,
    "isPriceAvailable": true,
    "inPromo": true,
    "promotion": [
      {
        "techPromoId": "100833COLR",
        "promotionId": "100833",
        "promotionType": "3",
        "isPersonalized": "N",
        "publicationStartDate": "13-03-2024",
        "publicationEndDate": "26-03-2024"
      }
    ],
    "gtin": [
      "07622201791216",
      "07622201791230"
    ],
    "topCategoryName": "Koeken/Chocolade/Snoep",
    "topCategoryId": "335",
    "businessDomain": "RETAIL_BE",
    "IsPrivateLabel": false,
    "IsBiffe": false,
    "WeightconversionFactor": "0",
    "IsWeightArticle": false,
    "nutriscoreLabel": "E",
    "IsBio": false,
    "CountryOfOrigin": "BELGIË",
    "IsExclusivelySoldInLuxembourg": false,
    "OrderUnit": "P",
    "ShortName": "C.DO EGGS MIX 350G",
    "InSeason": true,
    "IsNew": false,
    "RecentQuanityOfStockUnits": "1",
    "LongName": "CÔTE D'OR eggs mix melk-puur pral. 350g",
    "StartSeasonDate": "25/10/2023",
    "FicCode": "E"
  },
  {
    "productId": "413579",
    "technicalArticleNumber": "3931254",
    "commercialArticleNumber": "22774",
    "name": "mousse au chocolat",
    "brand": "MERCI",
    "seoBrand": "Merci",
    "thumbNail": "https://static.colruytgroup.com/images/200x200/std.lang.all/19/53/asset-1521953.jpg",
    "fullImage": "https://static.colruytgroup.com/images/500x500/std.lang.all/19/53/asset-1521953.jpg",
    "squareImage": "https://static.colruytgroup.com/images/500x500sq/std.lang.all/19/53/asset-1521953.jpg",
    "content": "210g",
    "walkRouteSequenceNumber": 4503,
    "price": {
      "basicPrice": 4.99,
      "recommendedQuantity": "1.0",
      "measurementUnitPrice": 23.77,
      "measurementUnit": "K",
      "isRedPrice": false,
      "pricePerUOM": 23.77,
      "activationDate": "12-03-2024",
      "recordSource": "Offline",
      "isPromoActive": "N",
      "priceChangeCode": "H"
    },
    "isAvailable": true,
    "isPriceAvailable": true,
    "inPromo": false,
    "gtin": [
      "04014400113129",
      "04014400923735"
    ],
    "topCategoryName": "Koeken/Chocolade/Snoep",
    "topCategoryId": "335",
    "businessDomain": "RETAIL_BE",
    "IsPrivateLabel": false,
    "IsBiffe": false,
    "WeightconversionFactor": "0",
    "IsWeightArticle": false,
    "nutriscoreLabel": "E",
    "IsBio": false,
    "CountryOfOrigin": "DUITSLAND",
    "IsExclusivelySoldInLuxembourg": false,
    "OrderUnit": "P",
    "ShortName": "MERC MOUSSE CHOC.210G",
    "InSeason": true,
    "IsNew": false,
    "EcoscoreLabel": "E",
    "RecentQuanityOfStockUnits": "1,10",
    "LongName": "MERCI mousse au chocolat 210g",
    "AlcoholVolume": "0",
    "StartSeasonDate": "10/01/2024",
    "FicCode": "E",
    "EcoscoreValue": "18"
  },
  {
    "productId": "492694",
    "technicalArticleNumber": "4039207",
    "commercialArticleNumber": "5913",
    "name": "Croustifondante",
    "brand": "DELACRE",
    "seoBrand": "Delacre",
    "thumbNail": "https://static.colruytgroup.com/images/200x200/std.lang.all/41/37/asset-1934137.jpg",
    "fullImage": "https://static.colruytgroup.com/images/500x500/std.lang.all/41/37/asset-1934137.jpg",
    "squareImage": "https://static.colruytgroup.com/images/500x500sq/std.lang.all/41/37/asset-1934137.jpg",
    "content": "150g",
    "walkRouteSequenceNumber": 2080,
    "price": {
      "basicPrice": 2.79,
      "recommendedQuantity": "1.0",
      "measurementUnitPrice": 18.6,
      "measurementUnit": "K",
      "isRedPrice": false,
      "pricePerUOM": 18.6,
      "activationDate": "06-03-2024",
      "recordSource": "Offline",
      "isPromoActive": "N",
      "priceChangeCode": "H"
    },
    "isAvailable": true,
    "isPriceAvailable": true,
    "inPromo": false,
    "gtin": [
      "08710412006867",
      "08710412565036"
    ],
    "topCategoryName": "Koeken/Chocolade/Snoep",
    "topCategoryId": "335",
    "businessDomain": "RETAIL_BE",
    "IsPrivateLabel": false,
    "IsBiffe": false,
    "WeightconversionFactor": "0",
    "IsWeightArticle": false,
    "nutriscoreLabel": "E",
    "IsBio": false,
    "CountryOfOrigin": "BELGIË",
    "IsExclusivelySoldInLuxembourg": false,
    "OrderUnit": "P",
    "ShortName": "DELA CROUSTIFONDANTE150",
    "IsNew": false,
    "RecentQuanityOfStockUnits": "1",
    "LongName": "DELACRE Croustifondante 150g",
    "FicCode": "E"
  },
  {
    "productId": "265486",
    "technicalArticleNumber": "3627935",
    "commercialArticleNumber": "19184",
    "name": "crème brûlée",
    "brand": "LINDT CREATION",
    "seoBrand": "Lindt Creation",
    "thumbNail": "https://static.colruytgroup.com/images/200x200/std.lang.all/03/57/asset-1130357.jpg",
    "fullImage": "https://static.colruytgroup.com/images/500x500/std.lang.all/03/57/asset-1130357.jpg",
    "squareImage": "https://static.colruytgroup.com/images/500x500sq/std.lang.all/03/57/asset-1130357.jpg",
    "content": "150g",
    "walkRouteSequenceNumber": 1378,
    "price": {
      "basicPrice": 3.75,
      "recommendedQuantity": "1.0",
      "measurementUnitPrice": 25,
      "measurementUnit": "K",
      "isRedPrice": false,
      "pricePerUOM": 25,
      "activationDate": "07-03-2024",
      "recordSource": "Offline",
      "isPromoActive": "N",
      "priceChangeCode": "H"
    },
    "isAvailable": true,
    "isPriceAvailable": true,
    "inPromo": false,
    "gtin": [
      "03046920043489",
      "03046920173513"
    ],
    "topCategoryName": "Koeken/Chocolade/Snoep",
    "topCategoryId": "335",
    "businessDomain": "RETAIL_BE",
    "IsPrivateLabel": false,
    "IsBiffe": false,
    "WeightconversionFactor": "0",
    "IsWeightArticle": false,
    "nutriscoreLabel": "E",
    "IsBio": false,
    "CountryOfOrigin": "ZWITSERLAND",
    "IsExclusivelySoldInLuxembourg": false,
    "OrderUnit": "P",
    "ShortName": "LINDT CREA.CR.BRUL.150G",
    "IsNew": false,
    "EcoscoreLabel": "E",
    "RecentQuanityOfStockUnits": "1",
    "LongName": "LINDT CREATION crème brûlée 150g",
    "AlcoholVolume": "0",
    "FicCode": "E",
    "EcoscoreValue": "18"
  },
  {
    "productId": "458953",
    "technicalArticleNumber": "3957352",
    "commercialArticleNumber": "2222",
    "name": "wit praliné",
    "brand": "CÔTE D'OR",
    "seoBrand": "Côte d'Or",
    "thumbNail": "https://static.colruytgroup.com/images/200x200/std.lang.all/07/33/asset-1620733.jpg",
    "fullImage": "https://static.colruytgroup.com/images/500x500/std.lang.all/07/33/asset-1620733.jpg",
    "squareImage": "https://static.colruytgroup.com/images/500x500sq/std.lang.all/07/33/asset-1620733.jpg",
    "content": "4x46g",
    "walkRouteSequenceNumber": 1425,
    "price": {
      "basicPrice": 3.75,
      "recommendedQuantity": "2.0",
      "measurementUnitPrice": 20.39,
      "measurementUnit": "K",
      "isRedPrice": false,
      "pricePerUOM": 20.39,
      "activationDate": "20-03-2024",
      "isPromoActive": "Y",
      "priceChangeCode": "H"
    },
    "isAvailable": true,
    "isPriceAvailable": true,
    "inPromo": true,
    "promotion": [
      {
        "techPromoId": "100830COLR",
        "promotionId": "100830",
        "promotionType": "3",
        "isPersonalized": "N",
        "publicationStartDate": "13-03-2024",
        "publicationEndDate": "26-03-2024"
      }
    ],
    "gtin": [
      "07622210926906",
      "35400141999243",
      "07622210926920"
    ],
    "topCategoryName": "Koeken/Chocolade/Snoep",
    "topCategoryId": "335",
    "businessDomain": "RETAIL_BE",
    "IsPrivateLabel": false,
    "IsBiffe": false,
    "WeightconversionFactor": "0",
    "IsWeightArticle": false,
    "IsBio": false,
    "CountryOfOrigin": "BELGIË",
    "IsExclusivelySoldInLuxembourg": false,
    "OrderUnit": "P",
    "ShortName": "CDO WIT PRALINE 4X46G",
    "IsNew": false,
    "RecentQuanityOfStockUnits": "1,2,24",
    "LongName": "CÔTE D'OR wit praliné 4x46g",
    "FicCode": "E"
  },
  {
    "productId": "15649",
    "technicalArticleNumber": "1623690",
    "commercialArticleNumber": "20517",
    "name": "snoep draculatanden",
    "brand": "LUTTI",
    "seoBrand": "Lutti",
    "thumbNail": "https://static.colruytgroup.com/images/200x200/std.lang.all/58/42/asset-3405842.jpg",
    "fullImage": "https://static.colruytgroup.com/images/500x500/std.lang.all/58/42/asset-3405842.jpg",
    "squareImage": "https://static.colruytgroup.com/images/500x500sq/std.lang.all/58/42/asset-3405842.jpg",
    "content": "1kg",
    "walkRouteSequenceNumber": 1951,
    "price": {
      "basicPrice": 8.99,
      "recommendedQuantity": "1.0",
      "measurementUnitPrice": 8.99,
      "measurementUnit": "K",
      "isRedPrice": false,
      "pricePerUOM": 8.99,
      "activationDate": "14-11-2023",
      "isPromoActive": "N",
      "priceChangeCode": "E"
    },
    "isAvailable": true,
    "isPriceAvailable": true,
    "inPromo": false,
    "gtin": [
      "05400787013548",
      "05400787013555",
      "05400787031450",
      "05400787031429"
    ],
    "topCategoryName": "Koeken/Chocolade/Snoep",
    "topCategoryId": "335",
    "businessDomain": "RETAIL_BE",
    "IsPrivateLabel": false,
    "IsBiffe": false,
    "WeightconversionFactor": "0",
    "IsWeightArticle": false,
    "nutriscoreLabel": "E",
    "IsBio": false,
    "CountryOfOrigin": "BELGIË",
    "IsExclusivelySoldInLuxembourg": false,
    "OrderUnit": "P",
    "ShortName": "LUTTI DRACULATANDEN 1KG",
    "IsNew": false,
    "EcoscoreLabel": "B",
    "RecentQuanityOfStockUnits": "1",
    "LongName": "LUTTI snoep draculatanden 1kg",
    "AlcoholVolume": "0",
    "FicCode": "E",
    "EcoscoreValue": "69"
  },
  {
    "productId": "640189",
    "technicalArticleNumber": "4332670",
    "commercialArticleNumber": "13098",
    "name": "mint menthol",
    "brand": "DR. TOM'S",
    "seoBrand": "Dr. Tom's",
    "thumbNail": "https://static.colruytgroup.com/images/200x200/std.lang.all/36/86/asset-2933686.jpg",
    "fullImage": "https://static.colruytgroup.com/images/500x500/std.lang.all/36/86/asset-2933686.jpg",
    "squareImage": "https://static.colruytgroup.com/images/500x500sq/std.lang.all/36/86/asset-2933686.jpg",
    "content": "150g",
    "walkRouteSequenceNumber": 18378,
    "price": {
      "basicPrice": 1.99,
      "recommendedQuantity": "1.0",
      "measurementUnitPrice": 13.27,
      "measurementUnit": "K",
      "isRedPrice": false,
      "pricePerUOM": 13.27,
      "activationDate": "14-11-2023",
      "isPromoActive": "N",
      "priceChangeCode": "E"
    },
    "isAvailable": true,
    "isPriceAvailable": true,
    "inPromo": false,
    "gtin": [
      "08717399040853",
      "08717399040860"
    ],
    "topCategoryName": "Koeken/Chocolade/Snoep",
    "topCategoryId": "335",
    "businessDomain": "RETAIL_BE",
    "IsPrivateLabel": false,
    "IsBiffe": false,
    "WeightconversionFactor": "0",
    "IsWeightArticle": false,
    "IsBio": false,
    "CountryOfOrigin": "NEDERLAND",
    "IsExclusivelySoldInLuxembourg": false,
    "OrderUnit": "P",
    "ShortName": "DRTO MINT MENTHOL 150G",
    "IsNew": false,
    "EcoscoreLabel": "B",
    "RecentQuanityOfStockUnits": "1",
    "LongName": "DR. TOM'S mint menthol 150g",
    "FicCode": "E",
    "EcoscoreValue": "66"
  },
  {
    "productId": "528073",
    "technicalArticleNumber": "4117013",
    "commercialArticleNumber": "2319",
    "name": "tablet puur-marsepein",
    "brand": "MERCI",
    "seoBrand": "Merci",
    "thumbNail": "https://static.colruytgroup.com/images/200x200/std.lang.all/87/58/asset-2128758.jpg",
    "fullImage": "https://static.colruytgroup.com/images/500x500/std.lang.all/87/58/asset-2128758.jpg",
    "squareImage": "https://static.colruytgroup.com/images/500x500sq/std.lang.all/87/58/asset-2128758.jpg",
    "content": "112g",
    "walkRouteSequenceNumber": 1365,
    "price": {
      "basicPrice": 2.49,
      "recommendedQuantity": "1.0",
      "measurementUnitPrice": 22.24,
      "measurementUnit": "K",
      "isRedPrice": false,
      "pricePerUOM": 22.24,
      "activationDate": "14-11-2023",
      "isPromoActive": "N",
      "priceChangeCode": "E"
    },
    "isAvailable": true,
    "isPriceAvailable": true,
    "inPromo": false,
    "gtin": [
      "04014400140422",
      "04014400916744"
    ],
    "topCategoryName": "Koeken/Chocolade/Snoep",
    "topCategoryId": "335",
    "businessDomain": "RETAIL_BE",
    "IsPrivateLabel": false,
    "IsBiffe": false,
    "WeightconversionFactor": "0",
    "IsWeightArticle": false,
    "nutriscoreLabel": "E",
    "IsBio": false,
    "CountryOfOrigin": "DUITSLAND",
    "IsExclusivelySoldInLuxembourg": false,
    "OrderUnit": "P",
    "ShortName": "MERC TABL.PUUR-MARSE112",
    "IsNew": false,
    "EcoscoreLabel": "E",
    "RecentQuanityOfStockUnits": "1,15",
    "LongName": "MERCI tablet puur-marsepein 112g",
    "FicCode": "E",
    "EcoscoreValue": "15"
  },
  {
    "productId": "54287",
    "technicalArticleNumber": "2478715",
    "commercialArticleNumber": "38844",
    "name": "kauwgom Fruit 5x10st",
    "brand": "FREEDENT WHITE",
    "seoBrand": "Wrigley's Freedent",
    "thumbNail": "https://static.colruytgroup.com/images/200x200/std.lang.all/76/27/asset-827627.jpg",
    "fullImage": "https://static.colruytgroup.com/images/500x500/std.lang.all/76/27/asset-827627.jpg",
    "squareImage": "https://static.colruytgroup.com/images/500x500sq/std.lang.all/76/27/asset-827627.jpg",
    "content": "70g",
    "walkRouteSequenceNumber": 18394,
    "price": {
      "basicPrice": 3.75,
      "recommendedQuantity": "1.0",
      "measurementUnitPrice": 0.075,
      "measurementUnit": "S",
      "isRedPrice": false,
      "pricePerUOM": 0.075,
      "activationDate": "28-02-2024",
      "recordSource": "Offline",
      "isPromoActive": "N",
      "priceChangeCode": "H"
    },
    "isAvailable": true,
    "isPriceAvailable": true,
    "inPromo": true,
    "promotion": [
      {
        "techPromoId": "100882COLR",
        "promotionId": "100882",
        "promotionType": "3",
        "isPersonalized": "N",
        "publicationStartDate": "13-03-2024",
        "publicationEndDate": "26-03-2024"
      }
    ],
    "gtin": [
      "04009900381109",
      "04009900523707"
    ],
    "topCategoryName": "Koeken/Chocolade/Snoep",
    "topCategoryId": "335",
    "businessDomain": "RETAIL_BE",
    "IsPrivateLabel": false,
    "IsBiffe": false,
    "WeightconversionFactor": "0",
    "IsWeightArticle": false,
    "nutriscoreLabel": "B",
    "IsBio": false,
    "CountryOfOrigin": "POLEN",
    "IsExclusivelySoldInLuxembourg": false,
    "OrderUnit": "P",
    "ShortName": "FREED WHITE FRUIT 5PK",
    "IsNew": false,
    "EcoscoreLabel": "C",
    "RecentQuanityOfStockUnits": "1",
    "LongName": "FREEDENT WHITE kauwgom Fruit 5x10st 70g",
    "AlcoholVolume": "0",
    "FicCode": "E",
    "EcoscoreValue": "50"
  },
  {
    "productId": "12692",
    "technicalArticleNumber": "1215914",
    "commercialArticleNumber": "20946",
    "name": "likeurpralines 30 stuks",
    "brand": "MON CHERI",
    "thumbNail": "https://static.colruytgroup.com/images/200x200/std.lang.all/48/77/asset-3344877.jpg",
    "fullImage": "https://static.colruytgroup.com/images/500x500/std.lang.all/48/77/asset-3344877.jpg",
    "squareImage": "https://static.colruytgroup.com/images/500x500sq/std.lang.all/48/77/asset-3344877.jpg",
    "content": "315g",
    "walkRouteSequenceNumber": 4565,
    "price": {
      "basicPrice": 9.79,
      "recommendedQuantity": "1.0",
      "measurementUnitPrice": 31.08,
      "measurementUnit": "K",
      "isRedPrice": false,
      "pricePerUOM": 31.08,
      "activationDate": "20-03-2024",
      "recordSource": "Offline",
      "isPromoActive": "N",
      "priceChangeCode": "L"
    },
    "isAvailable": true,
    "isPriceAvailable": true,
    "inPromo": false,
    "gtin": [
      "08000500408162",
      "08000500408186",
      "04008400811727",
      "04008400811703"
    ],
    "topCategoryName": "Koeken/Chocolade/Snoep",
    "topCategoryId": "335",
    "businessDomain": "RETAIL_BE",
    "IsPrivateLabel": false,
    "IsBiffe": false,
    "WeightconversionFactor": "0",
    "IsWeightArticle": false,
    "nutriscoreLabel": "E",
    "IsBio": false,
    "CountryOfOrigin": "DUITSLAND",
    "IsExclusivelySoldInLuxembourg": false,
    "OrderUnit": "P",
    "ShortName": "FERR MON CHERI LIK T30",
    "InSeason": true,
    "IsNew": false,
    "RecentQuanityOfStockUnits": "1",
    "LongName": "MON CHERI likeurpralines 30 stuks 315g",
    "AlcoholVolume": "0",
    "StartSeasonDate": "16/06/2023",
    "FicCode": "E"
  },
  {
    "productId": "107648",
    "technicalArticleNumber": "3103340",
    "commercialArticleNumber": "43563",
    "name": "Cigarettes Russes",
    "brand": "DELACRE",
    "seoBrand": "Delacre Cigarettes Russes",
    "thumbNail": "https://static.colruytgroup.com/images/200x200/std.lang.all/81/64/asset-1808164.jpg",
    "fullImage": "https://static.colruytgroup.com/images/500x500/std.lang.all/81/64/asset-1808164.jpg",
    "squareImage": "https://static.colruytgroup.com/images/500x500sq/std.lang.all/81/64/asset-1808164.jpg",
    "content": "200g",
    "walkRouteSequenceNumber": 2082,
    "price": {
      "basicPrice": 1.95,
      "recommendedQuantity": "2.0",
      "measurementUnitPrice": 9.75,
      "measurementUnit": "K",
      "isRedPrice": false,
      "pricePerUOM": 9.75,
      "activationDate": "23-03-2024",
      "recordSource": "Folder",
      "isPromoActive": "N",
      "priceChangeCode": "E"
    },
    "isAvailable": true,
    "isPriceAvailable": true,
    "inPromo": false,
    "gtin": [
      "03116430210388",
      "03116430522368",
      "03116430521620",
      "03116430515353",
      "03116430211552",
      "03116430211309",
      "03116430208194"
    ],
    "topCategoryName": "Koeken/Chocolade/Snoep",
    "topCategoryId": "335",
    "businessDomain": "RETAIL_BE",
    "IsPrivateLabel": false,
    "IsBiffe": false,
    "WeightconversionFactor": "0",
    "IsWeightArticle": false,
    "nutriscoreLabel": "E",
    "IsBio": false,
    "CountryOfOrigin": "BELGIË",
    "IsExclusivelySoldInLuxembourg": false,
    "OrderUnit": "P",
    "ShortName": "DELACRE CIGAR.RUS. 200G",
    "IsNew": false,
    "RecentQuanityOfStockUnits": "2,1",
    "LongName": "DELACRE Cigarettes Russes 200g",
    "AlcoholVolume": "0",
    "FicCode": "E"
  },
  {
    "productId": "567443",
    "technicalArticleNumber": "4210462",
    "commercialArticleNumber": "16184",
    "name": "Bloc Dessert puur",
    "brand": "JACQUES",
    "seoBrand": "Jacques",
    "thumbNail": "https://static.colruytgroup.com/images/200x200/std.lang.all/19/07/asset-2461907.jpg",
    "fullImage": "https://static.colruytgroup.com/images/500x500/std.lang.all/19/07/asset-2461907.jpg",
    "squareImage": "https://static.colruytgroup.com/images/500x500sq/std.lang.all/19/07/asset-2461907.jpg",
    "content": "500g",
    "walkRouteSequenceNumber": 1295,
    "price": {
      "basicPrice": 6.95,
      "recommendedQuantity": "2.0",
      "measurementUnitPrice": 13.9,
      "measurementUnit": "K",
      "isRedPrice": false,
      "pricePerUOM": 13.9,
      "activationDate": "15-02-2024",
      "recordSource": "Offline",
      "isPromoActive": "N",
      "priceChangeCode": "H"
    },
    "isAvailable": true,
    "isPriceAvailable": true,
    "inPromo": false,
    "gtin": [
      "05410059451770",
      "05410059757643",
      "05410059757650"
    ],
    "topCategoryName": "Koeken/Chocolade/Snoep",
    "topCategoryId": "335",
    "businessDomain": "RETAIL_BE",
    "IsPrivateLabel": false,
    "IsBiffe": false,
    "WeightconversionFactor": "0",
    "IsWeightArticle": false,
    "nutriscoreLabel": "E",
    "IsBio": false,
    "CountryOfOrigin": "BELGIË",
    "IsExclusivelySoldInLuxembourg": false,
    "OrderUnit": "P",
    "ShortName": "JACQ BLOC DESSERT 500G",
    "IsNew": false,
    "EcoscoreLabel": "D",
    "RecentQuanityOfStockUnits": "2,1",
    "LongName": "JACQUES Bloc Dessert puur 500g",
    "FicCode": "E",
    "EcoscoreValue": "25"
  },
  {
    "productId": "1412",
    "technicalArticleNumber": "20320",
    "commercialArticleNumber": "20320",
    "name": "melk big nuts",
    "description": "*Belgische chocolade",
    "brand": "CÔTE D'OR",
    "seoBrand": "Côte d'Or",
    "thumbNail": "https://static.colruytgroup.com/images/200x200/std.lang.all/14/69/asset-3161469.jpg",
    "fullImage": "https://static.colruytgroup.com/images/500x500/std.lang.all/14/69/asset-3161469.jpg",
    "squareImage": "https://static.colruytgroup.com/images/500x500sq/std.lang.all/14/69/asset-3161469.jpg",
    "content": "2x75g",
    "walkRouteSequenceNumber": 1424,
    "price": {
      "basicPrice": 4.79,
      "recommendedQuantity": "3.0",
      "measurementUnitPrice": 31.94,
      "measurementUnit": "K",
      "isRedPrice": false,
      "pricePerUOM": 31.94,
      "activationDate": "20-03-2024",
      "recordSource": "Offline",
      "isPromoActive": "N",
      "priceChangeCode": "H"
    },
    "isAvailable": true,
    "isPriceAvailable": true,
    "inPromo": true,
    "promotion": [
      {
        "techPromoId": "100830COLR",
        "promotionId": "100830",
        "promotionType": "3",
        "isPersonalized": "N",
        "publicationStartDate": "13-03-2024",
        "publicationEndDate": "26-03-2024"
      }
    ],
    "gtin": [
      "00000025203202",
      "05400141303209",
      "07622300145972",
      "07622300145996",
      "07622300146009",
      "07622300630133"
    ],
    "topCategoryName": "Koeken/Chocolade/Snoep",
    "topCategoryId": "335",
    "businessDomain": "RETAIL_BE",
    "IsPrivateLabel": false,
    "IsBiffe": false,
    "WeightconversionFactor": "0",
    "IsWeightArticle": false,
    "nutriscoreLabel": "E",
    "IsBio": false,
    "CountryOfOrigin": "BELGIË",
    "IsExclusivelySoldInLuxembourg": false,
    "OrderUnit": "P",
    "ShortName": "CD BIG NUTS 2X75 GR",
    "IsNew": false,
    "RecentQuanityOfStockUnits": "1,3,28",
    "LongName": "CÔTE D'OR melk big nuts 2x75g",
    "AlcoholVolume": "0",
    "FicCode": "E"
  },
  {
    "productId": "524837",
    "technicalArticleNumber": "4111699",
    "commercialArticleNumber": "8814",
    "name": "Noir 90%",
    "brand": "LINDT EXCELLENCE",
    "seoBrand": "Lindt",
    "thumbNail": "https://static.colruytgroup.com/images/200x200/std.lang.all/49/30/asset-1804930.jpg",
    "fullImage": "https://static.colruytgroup.com/images/500x500/std.lang.all/49/30/asset-1804930.jpg",
    "squareImage": "https://static.colruytgroup.com/images/500x500sq/std.lang.all/49/30/asset-1804930.jpg",
    "content": "100g",
    "walkRouteSequenceNumber": 1382,
    "price": {
      "basicPrice": 2.59,
      "recommendedQuantity": "1.0",
      "measurementUnitPrice": 25.9,
      "measurementUnit": "K",
      "isRedPrice": false,
      "pricePerUOM": 25.9,
      "activationDate": "18-12-2023",
      "recordSource": "Offline",
      "isPromoActive": "N",
      "priceChangeCode": "E"
    },
    "isAvailable": true,
    "isPriceAvailable": true,
    "inPromo": false,
    "gtin": [
      "03046920029759",
      "04000539003660"
    ],
    "topCategoryName": "Koeken/Chocolade/Snoep",
    "topCategoryId": "335",
    "businessDomain": "RETAIL_BE",
    "IsPrivateLabel": false,
    "IsBiffe": false,
    "WeightconversionFactor": "0",
    "IsWeightArticle": false,
    "nutriscoreLabel": "E",
    "IsBio": false,
    "CountryOfOrigin": "DUITSLAND",
    "IsExclusivelySoldInLuxembourg": false,
    "OrderUnit": "P",
    "ShortName": "LIND EXCELL.NOIR90%100G",
    "IsNew": false,
    "EcoscoreLabel": "E",
    "RecentQuanityOfStockUnits": "1",
    "LongName": "LINDT EXCELLENCE Noir 90% 100g",
    "FicCode": "E",
    "EcoscoreValue": "15"
  },
  {
    "productId": "1420",
    "technicalArticleNumber": "20374",
    "commercialArticleNumber": "20374",
    "name": "marsepein amandel",
    "brand": "BONI",
    "seoBrand": "Boni Selection",
    "thumbNail": "https://static.colruytgroup.com/images/200x200/std.lang.all/57/45/asset-1865745.jpg",
    "fullImage": "https://static.colruytgroup.com/images/500x500/std.lang.all/57/45/asset-1865745.jpg",
    "squareImage": "https://static.colruytgroup.com/images/500x500sq/std.lang.all/57/45/asset-1865745.jpg",
    "content": "250g",
    "walkRouteSequenceNumber": 2005,
    "price": {
      "basicPrice": 2.59,
      "recommendedQuantity": "1.0",
      "measurementUnitPrice": 10.36,
      "measurementUnit": "K",
      "isRedPrice": false,
      "pricePerUOM": 10.36,
      "activationDate": "15-03-2024",
      "recordSource": "Offline",
      "isPromoActive": "N",
      "priceChangeCode": "L"
    },
    "isAvailable": true,
    "isPriceAvailable": true,
    "inPromo": false,
    "gtin": [
      "05400141139433",
      "05400141203844",
      "05400141277524",
      "15400141277521",
      "15400141734123",
      "05400141734126"
    ],
    "topCategoryName": "Koeken/Chocolade/Snoep",
    "topCategoryId": "335",
    "businessDomain": "RETAIL_BE",
    "IsPrivateLabel": true,
    "IsBiffe": false,
    "WeightconversionFactor": "0",
    "IsWeightArticle": false,
    "nutriscoreLabel": "D",
    "IsBio": false,
    "CountryOfOrigin": "BELGIË",
    "IsExclusivelySoldInLuxembourg": false,
    "OrderUnit": "P",
    "ShortName": "BONI MARSEPEIN 50PC 250",
    "IsNew": false,
    "EcoscoreLabel": "C",
    "RecentQuanityOfStockUnits": "24,1",
    "LongName": "BONI marsepein amandel 250g",
    "AlcoholVolume": "0",
    "FicCode": "I",
    "EcoscoreValue": "46"
  },
  {
    "productId": "62056",
    "technicalArticleNumber": "2744508",
    "commercialArticleNumber": "41762",
    "name": "chocolade",
    "brand": "NESTLÉ CRUNCH",
    "seoBrand": "Nestlé Crunch",
    "thumbNail": "https://static.colruytgroup.com/images/200x200/std.lang.all/33/39/asset-1183339.jpg",
    "fullImage": "https://static.colruytgroup.com/images/500x500/std.lang.all/33/39/asset-1183339.jpg",
    "squareImage": "https://static.colruytgroup.com/images/500x500sq/std.lang.all/33/39/asset-1183339.jpg",
    "content": "100g",
    "walkRouteSequenceNumber": 1369,
    "price": {
      "basicPrice": 1.69,
      "recommendedQuantity": "2.0",
      "measurementUnitPrice": 16.9,
      "measurementUnit": "K",
      "isRedPrice": false,
      "pricePerUOM": 16.9,
      "activationDate": "07-03-2024",
      "recordSource": "Offline",
      "isPromoActive": "N",
      "priceChangeCode": "L"
    },
    "isAvailable": true,
    "isPriceAvailable": true,
    "inPromo": false,
    "gtin": [
      "08000300264388",
      "05400141140019",
      "03033710163977",
      "03033710001279"
    ],
    "topCategoryName": "Koeken/Chocolade/Snoep",
    "topCategoryId": "335",
    "businessDomain": "RETAIL_BE",
    "IsPrivateLabel": false,
    "IsBiffe": false,
    "WeightconversionFactor": "0",
    "IsWeightArticle": false,
    "nutriscoreLabel": "E",
    "IsBio": false,
    "CountryOfOrigin": "ITALIË",
    "IsExclusivelySoldInLuxembourg": false,
    "OrderUnit": "P",
    "ShortName": "NESTLE CRUNCH 100GR",
    "IsNew": false,
    "RecentQuanityOfStockUnits": "1,2",
    "LongName": "NESTLÉ CRUNCH chocolade 100g",
    "AlcoholVolume": "0",
    "FicCode": "E"
  },
  {
    "productId": "912149",
    "technicalArticleNumber": "4759738",
    "commercialArticleNumber": "8008",
    "name": "fantastic friend milk",
    "description": "*Milk",
    "brand": "CÔTE D'OR",
    "seoBrand": "Côte d'Or Fantastic Friends",
    "thumbNail": "https://static.colruytgroup.com/images/200x200/std.lang.all/52/38/asset-3375238.jpg",
    "fullImage": "https://static.colruytgroup.com/images/500x500/std.lang.all/52/38/asset-3375238.jpg",
    "squareImage": "https://static.colruytgroup.com/images/500x500sq/std.lang.all/52/38/asset-3375238.jpg",
    "content": "12x17,4g",
    "walkRouteSequenceNumber": 1605,
    "price": {
      "basicPrice": 2.99,
      "recommendedQuantity": "1.0",
      "measurementUnitPrice": 14.31,
      "measurementUnit": "K",
      "isRedPrice": false,
      "pricePerUOM": 14.31,
      "activationDate": "13-03-2024",
      "recordSource": "Offline",
      "isPromoActive": "N",
      "priceChangeCode": "E"
    },
    "isAvailable": true,
    "isPriceAvailable": true,
    "inPromo": false,
    "gtin": [
      "07622202019340",
      "07622202019326"
    ],
    "topCategoryName": "Koeken/Chocolade/Snoep",
    "topCategoryId": "335",
    "businessDomain": "RETAIL_BE",
    "IsPrivateLabel": false,
    "IsBiffe": false,
    "WeightconversionFactor": "0",
    "IsWeightArticle": false,
    "nutriscoreLabel": "E",
    "IsBio": false,
    "CountryOfOrigin": "BELGIË",
    "IsExclusivelySoldInLuxembourg": false,
    "OrderUnit": "P",
    "ShortName": "C.DO FANT.FR.MI.12X17.4",
    "IsNew": false,
    "RecentQuanityOfStockUnits": "1,12",
    "LongName": "CÔTE D'OR fantastic friend milk 12x17,4g",
    "FicCode": "E"
  },
  {
    "productId": "221447",
    "technicalArticleNumber": "3476841",
    "commercialArticleNumber": "50475",
    "name": "Mixed Minis",
    "brand": "MARS",
    "seoBrand": "Mars",
    "thumbNail": "https://static.colruytgroup.com/images/200x200/std.lang.all/54/63/asset-1565463.jpg",
    "fullImage": "https://static.colruytgroup.com/images/500x500/std.lang.all/54/63/asset-1565463.jpg",
    "squareImage": "https://static.colruytgroup.com/images/500x500sq/std.lang.all/54/63/asset-1565463.jpg",
    "content": "20x20g",
    "walkRouteSequenceNumber": 1093,
    "price": {
      "basicPrice": 3.59,
      "recommendedQuantity": "1.0",
      "measurementUnitPrice": 8.98,
      "measurementUnit": "K",
      "isRedPrice": false,
      "pricePerUOM": 8.98,
      "activationDate": "23-01-2024",
      "recordSource": "Offline",
      "isPromoActive": "N",
      "priceChangeCode": "H"
    },
    "isAvailable": true,
    "isPriceAvailable": true,
    "inPromo": false,
    "gtin": [
      "05000159561204",
      "05000159561235",
      "05000159452977",
      "05400141024647",
      "05000159452984"
    ],
    "topCategoryName": "Koeken/Chocolade/Snoep",
    "topCategoryId": "335",
    "businessDomain": "RETAIL_BE",
    "IsPrivateLabel": false,
    "IsBiffe": false,
    "WeightconversionFactor": "0",
    "IsWeightArticle": false,
    "nutriscoreLabel": "E",
    "IsBio": false,
    "CountryOfOrigin": "BELGIË",
    "IsExclusivelySoldInLuxembourg": false,
    "OrderUnit": "P",
    "ShortName": "MIXED MINIS 400G",
    "InSeason": true,
    "IsNew": false,
    "RecentQuanityOfStockUnits": "1,1",
    "LongName": "MARS Mixed Minis 20x20g",
    "AlcoholVolume": "0",
    "StartSeasonDate": "06/07/2023",
    "FicCode": "E"
  },
  {
    "productId": "322574",
    "technicalArticleNumber": "3685416",
    "commercialArticleNumber": "12941",
    "name": "Classic",
    "brand": "DEXTRO ENERGY",
    "seoBrand": "Dextro Energy",
    "thumbNail": "https://static.colruytgroup.com/images/200x200/std.lang.all/46/24/asset-2804624.jpg",
    "fullImage": "https://static.colruytgroup.com/images/500x500/std.lang.all/46/24/asset-2804624.jpg",
    "squareImage": "https://static.colruytgroup.com/images/500x500sq/std.lang.all/46/24/asset-2804624.jpg",
    "content": "3x46g",
    "walkRouteSequenceNumber": 18406,
    "price": {
      "basicPrice": 3.99,
      "recommendedQuantity": "1.0",
      "measurementUnitPrice": 28.92,
      "measurementUnit": "K",
      "isRedPrice": false,
      "pricePerUOM": 28.92,
      "activationDate": "20-09-2023",
      "isPromoActive": "N",
      "priceChangeCode": "E"
    },
    "isAvailable": true,
    "isPriceAvailable": true,
    "inPromo": false,
    "gtin": [
      "04046802311759",
      "04046802310707",
      "00000040468679"
    ],
    "topCategoryName": "Koeken/Chocolade/Snoep",
    "topCategoryId": "335",
    "businessDomain": "RETAIL_BE",
    "IsPrivateLabel": false,
    "IsBiffe": false,
    "WeightconversionFactor": "0",
    "IsWeightArticle": false,
    "nutriscoreLabel": "E",
    "IsBio": false,
    "CountryOfOrigin": "DUITSLAND",
    "IsExclusivelySoldInLuxembourg": false,
    "OrderUnit": "P",
    "ShortName": "DEXT CUBE CLASSIC 3X46G",
    "IsNew": false,
    "RecentQuanityOfStockUnits": "1",
    "LongName": "DEXTRO ENERGY Classic 3x46g",
    "AlcoholVolume": "0",
    "FicCode": "E"
  },
  {
    "productId": "380066",
    "technicalArticleNumber": "3861953",
    "commercialArticleNumber": "22446",
    "name": "Wild cherry 70st",
    "brand": "STIMOROL",
    "seoBrand": "Stimorol",
    "thumbNail": "https://static.colruytgroup.com/images/200x200/std.lang.all/58/93/asset-1545893.jpg",
    "fullImage": "https://static.colruytgroup.com/images/500x500/std.lang.all/58/93/asset-1545893.jpg",
    "squareImage": "https://static.colruytgroup.com/images/500x500sq/std.lang.all/58/93/asset-1545893.jpg",
    "content": "102g",
    "walkRouteSequenceNumber": 18333,
    "price": {
      "basicPrice": 3.95,
      "recommendedQuantity": "1.0",
      "measurementUnitPrice": 0.057,
      "measurementUnit": "S",
      "isRedPrice": false,
      "pricePerUOM": 0.057,
      "activationDate": "20-03-2024",
      "recordSource": "Offline",
      "isPromoActive": "N",
      "priceChangeCode": "H"
    },
    "isAvailable": true,
    "isPriceAvailable": true,
    "inPromo": false,
    "gtin": [
      "07622210377159",
      "85400141420599",
      "07622300771744",
      "07622300771737"
    ],
    "topCategoryName": "Koeken/Chocolade/Snoep",
    "topCategoryId": "335",
    "businessDomain": "RETAIL_BE",
    "IsPrivateLabel": false,
    "IsBiffe": false,
    "WeightconversionFactor": "0",
    "IsWeightArticle": false,
    "nutriscoreLabel": "B",
    "IsBio": false,
    "CountryOfOrigin": "FRANKRIJK",
    "IsExclusivelySoldInLuxembourg": false,
    "OrderUnit": "P",
    "ShortName": "STIM WILD CHERRY 70ST",
    "IsNew": false,
    "RecentQuanityOfStockUnits": "1,2",
    "LongName": "STIMOROL Wild cherry 70st 102g",
    "AlcoholVolume": "0",
    "FicCode": "E"
  },
  {
    "productId": "7233",
    "technicalArticleNumber": "1156341",
    "commercialArticleNumber": "20482",
    "name": "Wild Cherry sticks",
    "brand": "STIMOROL",
    "seoBrand": "Stimorol",
    "thumbNail": "https://static.colruytgroup.com/images/200x200/std.lang.all/45/88/asset-2714588.jpg",
    "fullImage": "https://static.colruytgroup.com/images/500x500/std.lang.all/45/88/asset-2714588.jpg",
    "squareImage": "https://static.colruytgroup.com/images/500x500sq/std.lang.all/45/88/asset-2714588.jpg",
    "content": "6x14g",
    "walkRouteSequenceNumber": 18395,
    "price": {
      "basicPrice": 3.49,
      "recommendedQuantity": "1.0",
      "measurementUnitPrice": 0.059,
      "measurementUnit": "S",
      "isRedPrice": false,
      "pricePerUOM": 0.059,
      "activationDate": "06-03-2024",
      "recordSource": "Offline",
      "isPromoActive": "N",
      "priceChangeCode": "H"
    },
    "isAvailable": true,
    "isPriceAvailable": true,
    "inPromo": false,
    "gtin": [
      "05704592006628",
      "07622210043481",
      "07622210043580"
    ],
    "topCategoryName": "Koeken/Chocolade/Snoep",
    "topCategoryId": "335",
    "businessDomain": "RETAIL_BE",
    "IsPrivateLabel": false,
    "IsBiffe": false,
    "WeightconversionFactor": "0",
    "IsWeightArticle": false,
    "nutriscoreLabel": "B",
    "IsBio": false,
    "CountryOfOrigin": "DENEMARKEN",
    "IsExclusivelySoldInLuxembourg": false,
    "OrderUnit": "P",
    "ShortName": "STIM.FOIL CHERRY 6X10ST",
    "IsNew": false,
    "RecentQuanityOfStockUnits": "1",
    "LongName": "STIMOROL Wild Cherry sticks 6x14g",
    "AlcoholVolume": "0",
    "FicCode": "E"
  },
  {
    "productId": "114468",
    "technicalArticleNumber": "3002837",
    "commercialArticleNumber": "12557",
    "name": "studentenhaver+choco",
    "brand": "BONI",
    "seoBrand": "Boni Selection",
    "thumbNail": "https://static.colruytgroup.com/images/200x200/std.lang.all/35/64/asset-1953564.jpg",
    "fullImage": "https://static.colruytgroup.com/images/500x500/std.lang.all/35/64/asset-1953564.jpg",
    "squareImage": "https://static.colruytgroup.com/images/500x500sq/std.lang.all/35/64/asset-1953564.jpg",
    "content": "350g",
    "walkRouteSequenceNumber": 4531,
    "price": {
      "basicPrice": 4.79,
      "recommendedQuantity": "1.0",
      "measurementUnitPrice": 13.69,
      "measurementUnit": "K",
      "isRedPrice": false,
      "pricePerUOM": 13.69,
      "activationDate": "13-03-2024",
      "isPromoActive": "N",
      "priceChangeCode": "H"
    },
    "isAvailable": true,
    "isPriceAvailable": true,
    "inPromo": false,
    "gtin": [
      "05400141281897",
      "05400141004366",
      "15400141004363",
      "15400141628279",
      "05400141628272",
      "05400141333534",
      "15400141333531"
    ],
    "topCategoryName": "Koeken/Chocolade/Snoep",
    "topCategoryId": "335",
    "businessDomain": "RETAIL_BE",
    "IsPrivateLabel": true,
    "IsBiffe": false,
    "WeightconversionFactor": "0",
    "IsWeightArticle": false,
    "nutriscoreLabel": "E",
    "IsBio": false,
    "CountryOfOrigin": "BELGIË",
    "IsExclusivelySoldInLuxembourg": false,
    "OrderUnit": "P",
    "ShortName": "BONI MENDIANTS 350 GR",
    "InSeason": true,
    "IsNew": false,
    "EcoscoreLabel": "D",
    "RecentQuanityOfStockUnits": "1",
    "LongName": "BONI studentenhaver+choco 350g",
    "AlcoholVolume": "0",
    "StartSeasonDate": "12/01/2024",
    "FicCode": "I",
    "EcoscoreValue": "25"
  },
  {
    "productId": "94242",
    "technicalArticleNumber": "2841640",
    "commercialArticleNumber": "23433",
    "name": "Luikse wafels",
    "description": "*Individueel verpakt",
    "brand": "BONI BIO",
    "seoBrand": "Boni Selection Bio",
    "thumbNail": "https://static.colruytgroup.com/images/200x200/std.lang.all/63/51/asset-2906351.jpg",
    "fullImage": "https://static.colruytgroup.com/images/500x500/std.lang.all/63/51/asset-2906351.jpg",
    "squareImage": "https://static.colruytgroup.com/images/500x500sq/std.lang.all/63/51/asset-2906351.jpg",
    "content": "6x50g",
    "walkRouteSequenceNumber": 2018,
    "price": {
      "basicPrice": 3.29,
      "recommendedQuantity": "1.0",
      "measurementUnitPrice": 10.97,
      "measurementUnit": "K",
      "isRedPrice": false,
      "pricePerUOM": 10.97,
      "activationDate": "01-02-2024",
      "isPromoActive": "N",
      "priceChangeCode": "H"
    },
    "isAvailable": true,
    "isPriceAvailable": true,
    "inPromo": false,
    "gtin": [
      "05400141014327",
      "15400141406181",
      "15400141999393",
      "05400141406184",
      "05400141143942",
      "05400141192933",
      "05400141604061",
      "15400141604068"
    ],
    "topCategoryName": "Koeken/Chocolade/Snoep",
    "topCategoryId": "335",
    "businessDomain": "RETAIL_BE",
    "IsPrivateLabel": true,
    "IsBiffe": false,
    "WeightconversionFactor": "0",
    "IsWeightArticle": false,
    "nutriscoreLabel": "E",
    "IsBio": true,
    "CountryOfOrigin": "BELGIË",
    "IsExclusivelySoldInLuxembourg": false,
    "OrderUnit": "P",
    "ShortName": "UB BS BIO SUIKERW.6S",
    "IsNew": false,
    "EcoscoreLabel": "A",
    "RecentQuanityOfStockUnits": "1",
    "LongName": "BONI BIO Luikse wafels 6x50g",
    "AlcoholVolume": "0",
    "FicCode": "I",
    "EcoscoreValue": "100"
  },
  {
    "productId": "784014",
    "technicalArticleNumber": "4583038",
    "commercialArticleNumber": "8905",
    "name": "snoep mix party toppers",
    "description": "*Snoep mix van:\n-Jack'Gom\n-Aardbeien\n-Zure tutters\n-Draculatanden",
    "brand": "LUTTI",
    "seoBrand": "Lutti",
    "thumbNail": "https://static.colruytgroup.com/images/200x200/std.lang.all/15/29/asset-3351529.jpg",
    "fullImage": "https://static.colruytgroup.com/images/500x500/std.lang.all/15/29/asset-3351529.jpg",
    "squareImage": "https://static.colruytgroup.com/images/500x500sq/std.lang.all/15/29/asset-3351529.jpg",
    "content": "1kg",
    "walkRouteSequenceNumber": 1949,
    "price": {
      "basicPrice": 7.79,
      "recommendedQuantity": "1.0",
      "measurementUnitPrice": 7.79,
      "measurementUnit": "K",
      "isRedPrice": false,
      "pricePerUOM": 7.79,
      "activationDate": "17-02-2024",
      "isPromoActive": "N",
      "priceChangeCode": "E"
    },
    "isAvailable": true,
    "isPriceAvailable": true,
    "inPromo": false,
    "gtin": [
      "05400787049356",
      "05400787047390",
      "05400787047406"
    ],
    "topCategoryName": "Koeken/Chocolade/Snoep",
    "topCategoryId": "335",
    "businessDomain": "RETAIL_BE",
    "IsPrivateLabel": false,
    "IsBiffe": false,
    "WeightconversionFactor": "0",
    "IsWeightArticle": false,
    "nutriscoreLabel": "E",
    "IsBio": false,
    "CountryOfOrigin": "FRANKRIJK",
    "IsExclusivelySoldInLuxembourg": false,
    "OrderUnit": "P",
    "ShortName": "LUTT PARTY TOPPERS 1KG",
    "IsNew": false,
    "EcoscoreLabel": "C",
    "RecentQuanityOfStockUnits": "1",
    "LongName": "LUTTI snoep mix party toppers 1kg",
    "FicCode": "E",
    "EcoscoreValue": "42"
  },
  {
    "productId": "1581",
    "technicalArticleNumber": "20660",
    "commercialArticleNumber": "20660",
    "name": "snoep Colabizz",
    "brand": "LUTTI",
    "seoBrand": "Lutti",
    "thumbNail": "https://static.colruytgroup.com/images/200x200/std.lang.all/09/88/asset-3360988.jpg",
    "fullImage": "https://static.colruytgroup.com/images/500x500/std.lang.all/09/88/asset-3360988.jpg",
    "squareImage": "https://static.colruytgroup.com/images/500x500sq/std.lang.all/09/88/asset-3360988.jpg",
    "content": "400g",
    "walkRouteSequenceNumber": 1943,
    "price": {
      "basicPrice": 3.59,
      "recommendedQuantity": "1.0",
      "measurementUnitPrice": 8.98,
      "measurementUnit": "K",
      "isRedPrice": false,
      "pricePerUOM": 8.98,
      "activationDate": "06-02-2024",
      "recordSource": "Online",
      "isPromoActive": "N",
      "priceChangeCode": "E"
    },
    "isAvailable": true,
    "isPriceAvailable": true,
    "inPromo": false,
    "gtin": [
      "00000025206609",
      "05400141206609",
      "05400787035861",
      "05410057858120"
    ],
    "topCategoryName": "Koeken/Chocolade/Snoep",
    "topCategoryId": "335",
    "businessDomain": "RETAIL_BE",
    "IsPrivateLabel": false,
    "IsBiffe": false,
    "WeightconversionFactor": "0",
    "IsWeightArticle": false,
    "nutriscoreLabel": "E",
    "IsBio": false,
    "CountryOfOrigin": "FRANKRIJK",
    "IsExclusivelySoldInLuxembourg": false,
    "OrderUnit": "P",
    "ShortName": "LUTTI COLABIZZ GOM 400G",
    "IsNew": false,
    "EcoscoreLabel": "C",
    "RecentQuanityOfStockUnits": "1",
    "LongName": "LUTTI snoep Colabizz 400g",
    "AlcoholVolume": "0",
    "FicCode": "E",
    "EcoscoreValue": "42"
  },
  {
    "productId": "1632",
    "technicalArticleNumber": "21109",
    "commercialArticleNumber": "21109",
    "name": "choco leibniz fondant",
    "brand": "BAHLSEN",
    "seoBrand": "Bahlsen",
    "thumbNail": "https://static.colruytgroup.com/images/200x200/std.lang.all/45/82/asset-3374582.jpg",
    "fullImage": "https://static.colruytgroup.com/images/500x500/std.lang.all/45/82/asset-3374582.jpg",
    "squareImage": "https://static.colruytgroup.com/images/500x500sq/std.lang.all/45/82/asset-3374582.jpg",
    "content": "125g",
    "walkRouteSequenceNumber": 2145,
    "price": {
      "basicPrice": 2.39,
      "recommendedQuantity": "2.0",
      "measurementUnitPrice": 19.12,
      "measurementUnit": "K",
      "isRedPrice": false,
      "pricePerUOM": 19.12,
      "activationDate": "13-03-2024",
      "recordSource": "Offline",
      "isPromoActive": "Y",
      "priceChangeCode": "L"
    },
    "isAvailable": true,
    "isPriceAvailable": true,
    "inPromo": true,
    "promotion": [
      {
        "techPromoId": "100912COLR",
        "promotionId": "100912",
        "promotionType": "3",
        "isPersonalized": "N",
        "publicationStartDate": "13-03-2024",
        "publicationEndDate": "26-03-2024"
      }
    ],
    "gtin": [
      "00000024211093",
      "04017100028731",
      "04017100291005",
      "05400141921106"
    ],
    "topCategoryName": "Koeken/Chocolade/Snoep",
    "topCategoryId": "335",
    "businessDomain": "RETAIL_BE",
    "IsPrivateLabel": false,
    "IsBiffe": false,
    "WeightconversionFactor": "0",
    "IsWeightArticle": false,
    "nutriscoreLabel": "E",
    "IsBio": false,
    "CountryOfOrigin": "DUITSLAND",
    "IsExclusivelySoldInLuxembourg": false,
    "OrderUnit": "P",
    "ShortName": "BAHL LEIBNIZ PUUR 125G",
    "IsNew": false,
    "EcoscoreLabel": "D",
    "RecentQuanityOfStockUnits": "2,1",
    "LongName": "BAHLSEN choco leibniz fondant 125g",
    "AlcoholVolume": "0",
    "FicCode": "E",
    "EcoscoreValue": "36"
  },
  {
    "productId": "753488",
    "technicalArticleNumber": "4527128",
    "commercialArticleNumber": "24573",
    "name": "XL aardbei",
    "brand": "FRISK",
    "seoBrand": "Frisk",
    "thumbNail": "https://ecgproductmw.colruytgroup.com/ecgproductmw/noPicForArticle_2.jpg",
    "fullImage": "https://ecgproductmw.colruytgroup.com/ecgproductmw/noPicForArticle_5.jpg",
    "squareImage": "https://ecgproductmw.colruytgroup.com/ecgproductmw/noPicForArticle_5.jpg",
    "content": "35g",
    "walkRouteSequenceNumber": 18347,
    "price": {
      "basicPrice": 2.75,
      "recommendedQuantity": "1.0",
      "quantityPrice": 2.39,
      "quantityPriceQuantity": "2.0",
      "measurementUnitPrice": 78.58,
      "measurementUnitQuantityPrice": 68.29,
      "measurementUnit": "K",
      "isRedPrice": false,
      "pricePerUOM": 78.58,
      "activationDate": "23-03-2024",
      "recordSource": "Offline",
      "isPromoActive": "N",
      "priceChangeCode": "H",
      "quantityPricePerUOM": 68.29,
      "quantityActivationDate": "23-03-2024",
      "quantityPriceChangeCode": "E"
    },
    "isAvailable": true,
    "isPriceAvailable": true,
    "inPromo": false,
    "gtin": [
      "00000087354133",
      "08723400794639"
    ],
    "topCategoryName": "Koeken/Chocolade/Snoep",
    "topCategoryId": "335",
    "businessDomain": "RETAIL_BE",
    "IsPrivateLabel": false,
    "IsBiffe": false,
    "WeightconversionFactor": "0",
    "IsWeightArticle": false,
    "nutriscoreLabel": "C",
    "IsBio": false,
    "CountryOfOrigin": "SPANJE",
    "IsExclusivelySoldInLuxembourg": false,
    "OrderUnit": "P",
    "ShortName": "FRIS AARDBEI TIN 35G",
    "IsNew": false,
    "EcoscoreLabel": "B",
    "RecentQuanityOfStockUnits": "1,12",
    "LongName": "FRISK XL aardbei 35g",
    "AlcoholVolume": "0",
    "FicCode": "E",
    "EcoscoreValue": "66"
  },
  {
    "productId": "1435",
    "technicalArticleNumber": "20541",
    "commercialArticleNumber": "20541",
    "name": "Ademvrij eucalyptus sv box",
    "brand": "VICKS",
    "seoBrand": "Vicks",
    "thumbNail": "https://static.colruytgroup.com/images/200x200/std.lang.all/10/93/asset-3361093.jpg",
    "fullImage": "https://static.colruytgroup.com/images/500x500/std.lang.all/10/93/asset-3361093.jpg",
    "squareImage": "https://static.colruytgroup.com/images/500x500sq/std.lang.all/10/93/asset-3361093.jpg",
    "content": "40g",
    "walkRouteSequenceNumber": 13477,
    "price": {
      "basicPrice": 1.79,
      "recommendedQuantity": "2.0",
      "measurementUnitPrice": 44.75,
      "measurementUnit": "K",
      "isRedPrice": false,
      "pricePerUOM": 44.75,
      "activationDate": "13-03-2024",
      "recordSource": "Offline",
      "isPromoActive": "N",
      "priceChangeCode": "L"
    },
    "isAvailable": true,
    "isPriceAvailable": true,
    "inPromo": false,
    "gtin": [
      "05400787035762",
      "05400787035823",
      "05400141205411",
      "04030300022606"
    ],
    "topCategoryName": "Koeken/Chocolade/Snoep",
    "topCategoryId": "335",
    "businessDomain": "RETAIL_BE",
    "IsPrivateLabel": false,
    "IsBiffe": false,
    "WeightconversionFactor": "0",
    "IsWeightArticle": false,
    "nutriscoreLabel": "B",
    "IsBio": false,
    "CountryOfOrigin": "DUITSLAND",
    "IsExclusivelySoldInLuxembourg": false,
    "OrderUnit": "P",
    "ShortName": "VICKS ADEMVR.ZS EUCA 40",
    "InSeason": true,
    "IsNew": false,
    "EcoscoreLabel": "B",
    "RecentQuanityOfStockUnits": "2,1,20",
    "LongName": "VICKS Ademvrij eucalyptus sv box 40g",
    "AlcoholVolume": "0",
    "StartSeasonDate": "16/06/1997",
    "FicCode": "E",
    "EcoscoreValue": "66"
  },
  {
    "productId": "1475",
    "technicalArticleNumber": "20025",
    "commercialArticleNumber": "20025",
    "name": "Mignonnette Melk",
    "description": "*Belgische chocolade",
    "brand": "COTE D'OR",
    "seoBrand": "Côte d'Or Mignonnette",
    "thumbNail": "https://static.colruytgroup.com/images/200x200/std.lang.all/92/79/asset-359279.jpg",
    "fullImage": "https://static.colruytgroup.com/images/500x500/std.lang.all/92/79/asset-359279.jpg",
    "squareImage": "https://static.colruytgroup.com/images/500x500sq/std.lang.all/92/79/asset-359279.jpg",
    "content": "1,2kg",
    "walkRouteSequenceNumber": 1216,
    "price": {
      "basicPrice": 19.9,
      "recommendedQuantity": "1.0",
      "measurementUnitPrice": 16.59,
      "measurementUnit": "K",
      "isRedPrice": false,
      "pricePerUOM": 16.59,
      "activationDate": "29-02-2024",
      "recordSource": "Offline",
      "isPromoActive": "N",
      "priceChangeCode": "E"
    },
    "isAvailable": true,
    "isPriceAvailable": true,
    "inPromo": false,
    "gtin": [
      "07622200867646",
      "07622200007806"
    ],
    "topCategoryName": "Koeken/Chocolade/Snoep",
    "topCategoryId": "335",
    "businessDomain": "RETAIL_BE",
    "IsPrivateLabel": false,
    "IsBiffe": false,
    "WeightconversionFactor": "0",
    "IsWeightArticle": false,
    "nutriscoreLabel": "E",
    "IsBio": false,
    "CountryOfOrigin": "POLEN",
    "IsExclusivelySoldInLuxembourg": false,
    "OrderUnit": "P",
    "ShortName": "CD 120 MIGNONNETTES MEL",
    "IsNew": false,
    "RecentQuanityOfStockUnits": "1",
    "LongName": "COTE D'OR Mignonnette Melk 1,2kg",
    "AlcoholVolume": "0",
    "FicCode": "E"
  },
  {
    "productId": "912194",
    "technicalArticleNumber": "4759785",
    "commercialArticleNumber": "9361",
    "name": "mini",
    "brand": "MARS",
    "seoBrand": "Mars",
    "thumbNail": "https://static.colruytgroup.com/images/200x200/std.lang.all/24/77/asset-3342477.jpg",
    "fullImage": "https://static.colruytgroup.com/images/500x500/std.lang.all/24/77/asset-3342477.jpg",
    "squareImage": "https://static.colruytgroup.com/images/500x500sq/std.lang.all/24/77/asset-3342477.jpg",
    "content": "333g",
    "walkRouteSequenceNumber": 1508,
    "price": {
      "basicPrice": 2.77,
      "recommendedQuantity": "1.0",
      "measurementUnitPrice": 8.32,
      "measurementUnit": "K",
      "isRedPrice": false,
      "pricePerUOM": 8.32,
      "activationDate": "17-02-2024",
      "recordSource": "Offline",
      "isPromoActive": "N",
      "priceChangeCode": "E"
    },
    "isAvailable": true,
    "isPriceAvailable": true,
    "inPromo": false,
    "gtin": [
      "05000159474597",
      "05000159474580"
    ],
    "topCategoryName": "Koeken/Chocolade/Snoep",
    "topCategoryId": "335",
    "businessDomain": "RETAIL_BE",
    "IsPrivateLabel": false,
    "IsBiffe": false,
    "WeightconversionFactor": "0",
    "IsWeightArticle": false,
    "nutriscoreLabel": "E",
    "IsBio": false,
    "CountryOfOrigin": "NEDERLAND",
    "IsExclusivelySoldInLuxembourg": false,
    "OrderUnit": "P",
    "ShortName": "MARS MINI 333G",
    "IsNew": false,
    "RecentQuanityOfStockUnits": "1,24",
    "LongName": "MARS mini 333g",
    "AlcoholVolume": "0",
    "FicCode": "E"
  },
  {
    "productId": "26056",
    "technicalArticleNumber": "1970168",
    "commercialArticleNumber": "20581",
    "name": "munt sv",
    "brand": "VICKS BLUE",
    "seoBrand": "Vicks",
    "thumbNail": "https://static.colruytgroup.com/images/200x200/std.lang.all/47/45/asset-3424745.jpg",
    "fullImage": "https://static.colruytgroup.com/images/500x500/std.lang.all/47/45/asset-3424745.jpg",
    "squareImage": "https://static.colruytgroup.com/images/500x500sq/std.lang.all/47/45/asset-3424745.jpg",
    "content": "144g",
    "walkRouteSequenceNumber": 13473,
    "price": {
      "basicPrice": 2.98,
      "recommendedQuantity": "2.0",
      "measurementUnitPrice": 20.7,
      "measurementUnit": "K",
      "isRedPrice": false,
      "pricePerUOM": 20.7,
      "activationDate": "14-02-2024",
      "recordSource": "Offline",
      "isPromoActive": "N",
      "priceChangeCode": "E"
    },
    "isAvailable": true,
    "isPriceAvailable": true,
    "inPromo": false,
    "gtin": [
      "05400787035786",
      "05400787035724",
      "04030300022514"
    ],
    "topCategoryName": "Koeken/Chocolade/Snoep",
    "topCategoryId": "335",
    "businessDomain": "RETAIL_BE",
    "IsPrivateLabel": false,
    "IsBiffe": false,
    "WeightconversionFactor": "0",
    "IsWeightArticle": false,
    "nutriscoreLabel": "B",
    "IsBio": false,
    "CountryOfOrigin": "BELGIË",
    "IsExclusivelySoldInLuxembourg": false,
    "OrderUnit": "P",
    "ShortName": "VICKS BLUE ZS ZAK 144GR",
    "IsNew": false,
    "EcoscoreLabel": "B",
    "RecentQuanityOfStockUnits": "2,1",
    "LongName": "VICKS BLUE munt sv 144g",
    "AlcoholVolume": "0",
    "FicCode": "E",
    "EcoscoreValue": "66"
  },
  {
    "productId": "429047",
    "technicalArticleNumber": "3973475",
    "commercialArticleNumber": "3356",
    "name": "carrés amandel-caramel",
    "brand": "CÔTE D'OR",
    "seoBrand": "Côte d'Or",
    "thumbNail": "https://static.colruytgroup.com/images/200x200/std.lang.all/45/26/asset-1754526.jpg",
    "fullImage": "https://static.colruytgroup.com/images/500x500/std.lang.all/45/26/asset-1754526.jpg",
    "squareImage": "https://static.colruytgroup.com/images/500x500sq/std.lang.all/45/26/asset-1754526.jpg",
    "content": "180g",
    "walkRouteSequenceNumber": 4569,
    "price": {
      "basicPrice": 5.85,
      "recommendedQuantity": "1.0",
      "measurementUnitPrice": 32.5,
      "measurementUnit": "K",
      "isRedPrice": false,
      "pricePerUOM": 32.5,
      "activationDate": "20-03-2024",
      "recordSource": "Offline",
      "isPromoActive": "N",
      "priceChangeCode": "H"
    },
    "isAvailable": true,
    "isPriceAvailable": true,
    "inPromo": false,
    "gtin": [
      "07622210607843",
      "07622210607881",
      "07622210962393"
    ],
    "topCategoryName": "Koeken/Chocolade/Snoep",
    "topCategoryId": "335",
    "businessDomain": "RETAIL_BE",
    "IsPrivateLabel": false,
    "IsBiffe": false,
    "WeightconversionFactor": "0",
    "IsWeightArticle": false,
    "nutriscoreLabel": "E",
    "IsBio": false,
    "CountryOfOrigin": "BELGIË",
    "IsExclusivelySoldInLuxembourg": false,
    "OrderUnit": "P",
    "ShortName": "C.DO CARR.AMAND-CARA180",
    "InSeason": true,
    "IsNew": false,
    "RecentQuanityOfStockUnits": "1",
    "LongName": "CÔTE D'OR carrés amandel-caramel 180g",
    "StartSeasonDate": "30/06/2023",
    "FicCode": "E"
  },
  {
    "productId": "234872",
    "technicalArticleNumber": "3523653",
    "commercialArticleNumber": "10872",
    "name": "chocolade wit",
    "brand": "GALAK",
    "seoBrand": "Nestlé Galak",
    "thumbNail": "https://static.colruytgroup.com/images/200x200/std.lang.all/88/12/asset-978812.jpg",
    "fullImage": "https://static.colruytgroup.com/images/500x500/std.lang.all/88/12/asset-978812.jpg",
    "squareImage": "https://static.colruytgroup.com/images/500x500sq/std.lang.all/88/12/asset-978812.jpg",
    "content": "2x125g",
    "walkRouteSequenceNumber": 1367,
    "price": {
      "basicPrice": 3.99,
      "recommendedQuantity": "2.0",
      "measurementUnitPrice": 15.96,
      "measurementUnit": "K",
      "isRedPrice": false,
      "pricePerUOM": 15.96,
      "activationDate": "22-03-2024",
      "recordSource": "Offline",
      "isPromoActive": "N",
      "priceChangeCode": "L"
    },
    "isAvailable": true,
    "isPriceAvailable": true,
    "inPromo": false,
    "gtin": [
      "08000300354003",
      "08000300354010",
      "05400141174601"
    ],
    "topCategoryName": "Koeken/Chocolade/Snoep",
    "topCategoryId": "335",
    "businessDomain": "RETAIL_BE",
    "IsPrivateLabel": false,
    "IsBiffe": false,
    "WeightconversionFactor": "0",
    "IsWeightArticle": false,
    "nutriscoreLabel": "E",
    "IsBio": false,
    "CountryOfOrigin": "ITALIË",
    "IsExclusivelySoldInLuxembourg": false,
    "OrderUnit": "P",
    "ShortName": "NEST GALAK 2X125G",
    "IsNew": false,
    "RecentQuanityOfStockUnits": "2,1",
    "LongName": "GALAK chocolade wit 2x125g",
    "AlcoholVolume": "0",
    "FicCode": "E"
  },
  {
    "productId": "13854",
    "technicalArticleNumber": "1334262",
    "commercialArticleNumber": "21977",
    "name": "28 Moments",
    "description": "*Individueel verpakt",
    "brand": "LOTUS",
    "seoBrand": "Lotus",
    "thumbNail": "https://static.colruytgroup.com/images/200x200/std.lang.all/20/19/asset-1822019.jpg",
    "fullImage": "https://static.colruytgroup.com/images/500x500/std.lang.all/20/19/asset-1822019.jpg",
    "squareImage": "https://static.colruytgroup.com/images/500x500sq/std.lang.all/20/19/asset-1822019.jpg",
    "content": "992g",
    "walkRouteSequenceNumber": 2077,
    "price": {
      "basicPrice": 14.49,
      "recommendedQuantity": "1.0",
      "measurementUnitPrice": 14.61,
      "measurementUnit": "K",
      "isRedPrice": false,
      "pricePerUOM": 14.61,
      "activationDate": "17-02-2024",
      "recordSource": "Offline",
      "isPromoActive": "N",
      "priceChangeCode": "E"
    },
    "isAvailable": true,
    "isPriceAvailable": true,
    "inPromo": false,
    "gtin": [
      "05410126057300",
      "15410126047308"
    ],
    "topCategoryName": "Koeken/Chocolade/Snoep",
    "topCategoryId": "335",
    "businessDomain": "RETAIL_BE",
    "IsPrivateLabel": false,
    "IsBiffe": false,
    "WeightconversionFactor": "0",
    "IsWeightArticle": false,
    "nutriscoreLabel": "E",
    "IsBio": false,
    "CountryOfOrigin": "BELGIË",
    "IsExclusivelySoldInLuxembourg": false,
    "OrderUnit": "P",
    "ShortName": "LOTUS 28 MOMENTS 992GR",
    "IsNew": false,
    "RecentQuanityOfStockUnits": "1,6",
    "LongName": "LOTUS 28 Moments 992g",
    "AlcoholVolume": "0",
    "FicCode": "E"
  },
  {
    "productId": "63207",
    "technicalArticleNumber": "2786069",
    "commercialArticleNumber": "43461",
    "name": "Original | 70 stuks",
    "brand": "STIMOROL",
    "seoBrand": "Stimorol",
    "thumbNail": "https://static.colruytgroup.com/images/200x200/std.lang.all/56/28/asset-685628.jpg",
    "fullImage": "https://static.colruytgroup.com/images/500x500/std.lang.all/56/28/asset-685628.jpg",
    "squareImage": "https://static.colruytgroup.com/images/500x500sq/std.lang.all/56/28/asset-685628.jpg",
    "content": "102g",
    "walkRouteSequenceNumber": 18332,
    "price": {
      "basicPrice": 3.95,
      "recommendedQuantity": "1.0",
      "measurementUnitPrice": 0.057,
      "measurementUnit": "S",
      "isRedPrice": false,
      "pricePerUOM": 0.057,
      "activationDate": "20-03-2024",
      "recordSource": "Offline",
      "isPromoActive": "N",
      "priceChangeCode": "H"
    },
    "isAvailable": true,
    "isPriceAvailable": true,
    "inPromo": false,
    "gtin": [
      "75400141420592",
      "07622300771980",
      "07622210377197",
      "07622300771966"
    ],
    "topCategoryName": "Koeken/Chocolade/Snoep",
    "topCategoryId": "335",
    "businessDomain": "RETAIL_BE",
    "IsPrivateLabel": false,
    "IsBiffe": false,
    "WeightconversionFactor": "0",
    "IsWeightArticle": false,
    "nutriscoreLabel": "B",
    "IsBio": false,
    "CountryOfOrigin": "BELGIË",
    "IsExclusivelySoldInLuxembourg": false,
    "OrderUnit": "P",
    "ShortName": "STIM.BOTTLE ORIG 70ST",
    "IsNew": false,
    "RecentQuanityOfStockUnits": "1,2",
    "LongName": "STIMOROL Original | 70 stuks 102g",
    "AlcoholVolume": "0",
    "FicCode": "E"
  },
  {
    "productId": "830443",
    "technicalArticleNumber": "4669891",
    "commercialArticleNumber": "30156",
    "name": "Vampires",
    "brand": "LUTTI",
    "seoBrand": "Lutti",
    "thumbNail": "https://static.colruytgroup.com/images/200x200/std.lang.all/44/34/asset-3244434.jpg",
    "fullImage": "https://static.colruytgroup.com/images/500x500/std.lang.all/44/34/asset-3244434.jpg",
    "squareImage": "https://static.colruytgroup.com/images/500x500sq/std.lang.all/44/34/asset-3244434.jpg",
    "content": "100g",
    "walkRouteSequenceNumber": 1625,
    "price": {
      "basicPrice": 1.99,
      "recommendedQuantity": "1.0",
      "measurementUnitPrice": 19.9,
      "measurementUnit": "K",
      "isRedPrice": false,
      "pricePerUOM": 19.9,
      "activationDate": "23-10-2023",
      "isPromoActive": "N",
      "priceChangeCode": "E"
    },
    "isAvailable": true,
    "isPriceAvailable": true,
    "inPromo": false,
    "gtin": [
      "05400787048212",
      "05400787048205"
    ],
    "topCategoryName": "Koeken/Chocolade/Snoep",
    "topCategoryId": "335",
    "businessDomain": "RETAIL_BE",
    "IsPrivateLabel": false,
    "IsBiffe": false,
    "WeightconversionFactor": "0",
    "IsWeightArticle": false,
    "nutriscoreLabel": "E",
    "IsBio": false,
    "CountryOfOrigin": "BELGIË",
    "IsExclusivelySoldInLuxembourg": false,
    "OrderUnit": "P",
    "ShortName": "LUTT VAMPIRES 100G",
    "InSeason": true,
    "IsNew": false,
    "EcoscoreLabel": "C",
    "RecentQuanityOfStockUnits": "1",
    "LongName": "LUTTI Vampires 100g",
    "StartSeasonDate": "20/01/2023",
    "FicCode": "E",
    "EcoscoreValue": "42"
  },
  {
    "productId": "261597",
    "technicalArticleNumber": "3608773",
    "commercialArticleNumber": "17611",
    "name": "chocolade melk FT",
    "description": "*Belgische chocolade\n*Fairtrade",
    "brand": "BONI BIO",
    "seoBrand": "Boni Selection Bio",
    "thumbNail": "https://static.colruytgroup.com/images/200x200/std.lang.all/07/76/asset-2280776.jpg",
    "fullImage": "https://static.colruytgroup.com/images/500x500/std.lang.all/07/76/asset-2280776.jpg",
    "squareImage": "https://static.colruytgroup.com/images/500x500sq/std.lang.all/07/76/asset-2280776.jpg",
    "content": "100g",
    "walkRouteSequenceNumber": 1319,
    "price": {
      "basicPrice": 1.39,
      "recommendedQuantity": "1.0",
      "measurementUnitPrice": 13.9,
      "measurementUnit": "K",
      "isRedPrice": false,
      "pricePerUOM": 13.9,
      "activationDate": "15-03-2024",
      "recordSource": "Offline",
      "isPromoActive": "N",
      "priceChangeCode": "L"
    },
    "isAvailable": true,
    "isPriceAvailable": true,
    "inPromo": false,
    "gtin": [
      "15400141802280",
      "05400141802283",
      "15400141046028",
      "05400141364842",
      "05400141224887",
      "05400141275544"
    ],
    "topCategoryName": "Koeken/Chocolade/Snoep",
    "topCategoryId": "335",
    "businessDomain": "RETAIL_BE",
    "IsPrivateLabel": true,
    "IsBiffe": false,
    "WeightconversionFactor": "0",
    "IsWeightArticle": false,
    "nutriscoreLabel": "E",
    "IsBio": true,
    "CountryOfOrigin": "BELGIË",
    "IsExclusivelySoldInLuxembourg": false,
    "OrderUnit": "P",
    "ShortName": "BONI BIO FT MELK 100G",
    "InSeason": true,
    "IsNew": false,
    "EcoscoreLabel": "C",
    "RecentQuanityOfStockUnits": "1,19",
    "LongName": "BONI BIO chocolade melk FT 100g",
    "AlcoholVolume": "0",
    "StartSeasonDate": "28/06/2023",
    "FicCode": "I",
    "EcoscoreValue": "52"
  },
  {
    "productId": "874507",
    "technicalArticleNumber": "4729470",
    "commercialArticleNumber": "32131",
    "name": "Summer Fruits Vegan",
    "brand": "FRUIT-TELLA",
    "seoBrand": "Fruit-tella",
    "thumbNail": "https://static.colruytgroup.com/images/200x200/std.lang.all/78/35/asset-3247835.jpg",
    "fullImage": "https://static.colruytgroup.com/images/500x500/std.lang.all/78/35/asset-3247835.jpg",
    "squareImage": "https://static.colruytgroup.com/images/500x500sq/std.lang.all/78/35/asset-3247835.jpg",
    "content": "164g",
    "walkRouteSequenceNumber": 1990,
    "price": {
      "basicPrice": 3.09,
      "recommendedQuantity": "1.0",
      "measurementUnitPrice": 18.85,
      "measurementUnit": "K",
      "isRedPrice": false,
      "pricePerUOM": 18.85,
      "activationDate": "23-03-2024",
      "recordSource": "Offline",
      "isPromoActive": "N",
      "priceChangeCode": "H"
    },
    "isAvailable": true,
    "isPriceAvailable": true,
    "inPromo": false,
    "gtin": [
      "08723400797302",
      "08723400797319"
    ],
    "topCategoryName": "Koeken/Chocolade/Snoep",
    "topCategoryId": "335",
    "businessDomain": "RETAIL_BE",
    "IsPrivateLabel": false,
    "IsBiffe": false,
    "WeightconversionFactor": "0",
    "IsWeightArticle": false,
    "nutriscoreLabel": "E",
    "IsBio": false,
    "CountryOfOrigin": "NEDERLAND",
    "IsExclusivelySoldInLuxembourg": false,
    "OrderUnit": "P",
    "ShortName": "FRUI SUMMER FR.VEGAN164",
    "IsNew": false,
    "EcoscoreLabel": "C",
    "RecentQuanityOfStockUnits": "1",
    "LongName": "FRUIT-TELLA Summer Fruits Vegan 164g",
    "AlcoholVolume": "0",
    "FicCode": "E",
    "EcoscoreValue": "42"
  },
  {
    "productId": "691928",
    "technicalArticleNumber": "4419321",
    "commercialArticleNumber": "24232",
    "name": "tagada",
    "brand": "HARIBO",
    "seoBrand": "Haribo",
    "thumbNail": "https://static.colruytgroup.com/images/200x200/std.lang.all/37/66/asset-2403766.jpg",
    "fullImage": "https://static.colruytgroup.com/images/500x500/std.lang.all/37/66/asset-2403766.jpg",
    "squareImage": "https://static.colruytgroup.com/images/500x500sq/std.lang.all/37/66/asset-2403766.jpg",
    "content": "400g",
    "walkRouteSequenceNumber": 1835,
    "price": {
      "basicPrice": 3.93,
      "recommendedQuantity": "1.0",
      "measurementUnitPrice": 9.83,
      "measurementUnit": "K",
      "isRedPrice": false,
      "pricePerUOM": 9.83,
      "activationDate": "14-03-2024",
      "recordSource": "Folder",
      "isPromoActive": "N",
      "priceChangeCode": "L"
    },
    "isAvailable": true,
    "isPriceAvailable": true,
    "inPromo": false,
    "gtin": [
      "03103221033370",
      "03103220033371"
    ],
    "topCategoryName": "Koeken/Chocolade/Snoep",
    "topCategoryId": "335",
    "businessDomain": "RETAIL_BE",
    "IsPrivateLabel": false,
    "IsBiffe": false,
    "WeightconversionFactor": "0",
    "IsWeightArticle": false,
    "nutriscoreLabel": "E",
    "IsBio": false,
    "CountryOfOrigin": "FRANKRIJK",
    "IsExclusivelySoldInLuxembourg": false,
    "OrderUnit": "P",
    "ShortName": "HARI TAGADA 400G",
    "IsNew": false,
    "EcoscoreLabel": "B",
    "RecentQuanityOfStockUnits": "1",
    "LongName": "HARIBO tagada 400g",
    "FicCode": "E",
    "EcoscoreValue": "67"
  },
  {
    "productId": "342764",
    "technicalArticleNumber": "3829351",
    "commercialArticleNumber": "11604",
    "name": "sv snoep classic",
    "brand": "WERTHER'S ORIGINAL",
    "seoBrand": "Werther's Original",
    "thumbNail": "https://static.colruytgroup.com/images/200x200/std.lang.all/30/27/asset-1443027.jpg",
    "fullImage": "https://static.colruytgroup.com/images/500x500/std.lang.all/30/27/asset-1443027.jpg",
    "squareImage": "https://static.colruytgroup.com/images/500x500sq/std.lang.all/30/27/asset-1443027.jpg",
    "content": "42g",
    "walkRouteSequenceNumber": 1996,
    "price": {
      "basicPrice": 1.69,
      "recommendedQuantity": "1.0",
      "measurementUnitPrice": 40.24,
      "measurementUnit": "K",
      "isRedPrice": false,
      "pricePerUOM": 40.24,
      "activationDate": "28-02-2024",
      "recordSource": "Offline",
      "isPromoActive": "N",
      "priceChangeCode": "E"
    },
    "isAvailable": true,
    "isPriceAvailable": true,
    "inPromo": false,
    "gtin": [
      "04014400330656",
      "15400141270829",
      "04014400331875",
      "04014400907902"
    ],
    "topCategoryName": "Koeken/Chocolade/Snoep",
    "topCategoryId": "335",
    "businessDomain": "RETAIL_BE",
    "IsPrivateLabel": false,
    "IsBiffe": false,
    "WeightconversionFactor": "0",
    "IsWeightArticle": false,
    "nutriscoreLabel": "D",
    "IsBio": false,
    "CountryOfOrigin": "DUITSLAND",
    "IsExclusivelySoldInLuxembourg": false,
    "OrderUnit": "P",
    "ShortName": "WERT SV SNOEP CLASSIC42",
    "IsNew": false,
    "EcoscoreLabel": "C",
    "RecentQuanityOfStockUnits": "10,1,2",
    "LongName": "WERTHER'S ORIGINAL sv snoep classic 42g",
    "AlcoholVolume": "0",
    "FicCode": "E",
    "EcoscoreValue": "42"
  },
  {
    "productId": "32410",
    "technicalArticleNumber": "1882041",
    "commercialArticleNumber": "20703",
    "name": "smash mint 6x12st",
    "brand": "SPORTLIFE",
    "seoBrand": "Sportlife",
    "thumbNail": "https://static.colruytgroup.com/images/200x200/std.lang.all/48/72/asset-3424872.jpg",
    "fullImage": "https://static.colruytgroup.com/images/500x500/std.lang.all/48/72/asset-3424872.jpg",
    "squareImage": "https://static.colruytgroup.com/images/500x500sq/std.lang.all/48/72/asset-3424872.jpg",
    "content": "108g",
    "walkRouteSequenceNumber": 18410,
    "price": {
      "basicPrice": 4.48,
      "recommendedQuantity": "1.0",
      "measurementUnitPrice": 0.063,
      "measurementUnit": "S",
      "isRedPrice": false,
      "pricePerUOM": 0.063,
      "activationDate": "02-02-2024",
      "recordSource": "Offline",
      "isPromoActive": "N",
      "priceChangeCode": "E"
    },
    "isAvailable": true,
    "isPriceAvailable": true,
    "inPromo": false,
    "gtin": [
      "08711400426568",
      "08711400406515"
    ],
    "topCategoryName": "Koeken/Chocolade/Snoep",
    "topCategoryId": "335",
    "businessDomain": "RETAIL_BE",
    "IsPrivateLabel": false,
    "IsBiffe": false,
    "WeightconversionFactor": "0",
    "IsWeightArticle": false,
    "nutriscoreLabel": "B",
    "IsBio": false,
    "CountryOfOrigin": "BELGIË",
    "IsExclusivelySoldInLuxembourg": false,
    "OrderUnit": "P",
    "ShortName": "SPORTLIFE SMASH 6X12S",
    "IsNew": false,
    "EcoscoreLabel": "C",
    "RecentQuanityOfStockUnits": "1",
    "LongName": "SPORTLIFE smash mint 6x12st 108g",
    "AlcoholVolume": "0",
    "FicCode": "E",
    "EcoscoreValue": "42"
  },
  {
    "productId": "793517",
    "technicalArticleNumber": "4601411",
    "commercialArticleNumber": "9566",
    "name": "mini bag",
    "brand": "CHUPA CHUPS",
    "seoBrand": "Chupa Chups",
    "thumbNail": "https://static.colruytgroup.com/images/200x200/std.lang.all/47/07/asset-2804707.jpg",
    "fullImage": "https://static.colruytgroup.com/images/500x500/std.lang.all/47/07/asset-2804707.jpg",
    "squareImage": "https://static.colruytgroup.com/images/500x500sq/std.lang.all/47/07/asset-2804707.jpg",
    "content": "210g",
    "walkRouteSequenceNumber": 1985,
    "price": {
      "basicPrice": 4.79,
      "recommendedQuantity": "1.0",
      "measurementUnitPrice": 22.81,
      "measurementUnit": "K",
      "isRedPrice": false,
      "pricePerUOM": 22.81,
      "activationDate": "24-02-2024",
      "recordSource": "Offline",
      "isPromoActive": "N",
      "priceChangeCode": "H"
    },
    "isAvailable": true,
    "isPriceAvailable": true,
    "inPromo": false,
    "gtin": [
      "08410031936988",
      "08410031937671",
      "08410031976946"
    ],
    "topCategoryName": "Koeken/Chocolade/Snoep",
    "topCategoryId": "335",
    "businessDomain": "RETAIL_BE",
    "IsPrivateLabel": false,
    "IsBiffe": false,
    "WeightconversionFactor": "0",
    "IsWeightArticle": false,
    "nutriscoreLabel": "E",
    "IsBio": false,
    "CountryOfOrigin": "SPANJE",
    "IsExclusivelySoldInLuxembourg": false,
    "OrderUnit": "P",
    "ShortName": "CHUP MINI LOLLYS 210G",
    "IsNew": false,
    "EcoscoreLabel": "B",
    "RecentQuanityOfStockUnits": "1",
    "LongName": "CHUPA CHUPS mini bag 210g",
    "FicCode": "E",
    "EcoscoreValue": "66"
  },
  {
    "productId": "65854",
    "technicalArticleNumber": "2745471",
    "commercialArticleNumber": "40843",
    "name": "Mignonnette Double Lait",
    "description": "*Belgische chocolade",
    "brand": "COTE D'OR",
    "seoBrand": "Côte d'Or Mignonnette",
    "thumbNail": "https://static.colruytgroup.com/images/200x200/std.lang.all/26/61/asset-2282661.jpg",
    "fullImage": "https://static.colruytgroup.com/images/500x500/std.lang.all/26/61/asset-2282661.jpg",
    "squareImage": "https://static.colruytgroup.com/images/500x500sq/std.lang.all/26/61/asset-2282661.jpg",
    "content": "210g",
    "walkRouteSequenceNumber": 1219,
    "price": {
      "basicPrice": 6.29,
      "recommendedQuantity": "1.0",
      "measurementUnitPrice": 29.96,
      "measurementUnit": "K",
      "isRedPrice": false,
      "pricePerUOM": 29.96,
      "activationDate": "06-03-2024",
      "recordSource": "Offline",
      "isPromoActive": "N",
      "priceChangeCode": "H"
    },
    "isAvailable": true,
    "isPriceAvailable": true,
    "inPromo": false,
    "gtin": [
      "07622300733537",
      "07622300733520"
    ],
    "topCategoryName": "Koeken/Chocolade/Snoep",
    "topCategoryId": "335",
    "businessDomain": "RETAIL_BE",
    "IsPrivateLabel": false,
    "IsBiffe": false,
    "WeightconversionFactor": "0",
    "IsWeightArticle": false,
    "nutriscoreLabel": "E",
    "IsBio": false,
    "CountryOfOrigin": "LITOUWEN",
    "IsExclusivelySoldInLuxembourg": false,
    "OrderUnit": "P",
    "ShortName": "C.DO MIGN.DOUBL.LAIT210",
    "IsNew": false,
    "RecentQuanityOfStockUnits": "1",
    "LongName": "COTE D'OR Mignonnette Double Lait 210g",
    "AlcoholVolume": "0",
    "FicCode": "E"
  },
  {
    "productId": "330457",
    "technicalArticleNumber": "3816954",
    "commercialArticleNumber": "13304",
    "name": "bbq marshmallows",
    "brand": "MACKAY",
    "seoBrand": "Mackay",
    "thumbNail": "https://static.colruytgroup.com/images/200x200/std.lang.all/78/61/asset-2077861.jpg",
    "fullImage": "https://static.colruytgroup.com/images/500x500/std.lang.all/78/61/asset-2077861.jpg",
    "squareImage": "https://static.colruytgroup.com/images/500x500sq/std.lang.all/78/61/asset-2077861.jpg",
    "content": "300g",
    "walkRouteSequenceNumber": 1837,
    "price": {
      "basicPrice": 2.49,
      "recommendedQuantity": "1.0",
      "measurementUnitPrice": 8.3,
      "measurementUnit": "K",
      "isRedPrice": false,
      "pricePerUOM": 8.3,
      "activationDate": "13-01-2023",
      "isPromoActive": "N",
      "priceChangeCode": "H"
    },
    "isAvailable": true,
    "isPriceAvailable": true,
    "inPromo": false,
    "gtin": [
      "08710497962393",
      "08710497961846",
      "08710497961853",
      "08710497962386"
    ],
    "topCategoryName": "Koeken/Chocolade/Snoep",
    "topCategoryId": "335",
    "businessDomain": "RETAIL_BE",
    "IsPrivateLabel": false,
    "IsBiffe": false,
    "WeightconversionFactor": "0",
    "IsWeightArticle": false,
    "nutriscoreLabel": "E",
    "IsBio": false,
    "CountryOfOrigin": "NEDERLAND",
    "IsExclusivelySoldInLuxembourg": false,
    "OrderUnit": "P",
    "ShortName": "DEXT MARSHMALLOWS 300G",
    "InSeason": true,
    "IsNew": false,
    "EcoscoreLabel": "B",
    "RecentQuanityOfStockUnits": "1",
    "LongName": "MACKAY bbq marshmallows 300g",
    "AlcoholVolume": "0",
    "StartSeasonDate": "18/12/2020",
    "FicCode": "E",
    "EcoscoreValue": "68"
  },
  {
    "productId": "825531",
    "technicalArticleNumber": "4662404",
    "commercialArticleNumber": "29882",
    "name": "bubblizz",
    "brand": "LUTTI",
    "seoBrand": "Lutti",
    "thumbNail": "https://static.colruytgroup.com/images/200x200/std.lang.all/38/04/asset-2903804.jpg",
    "fullImage": "https://static.colruytgroup.com/images/500x500/std.lang.all/38/04/asset-2903804.jpg",
    "squareImage": "https://static.colruytgroup.com/images/500x500sq/std.lang.all/38/04/asset-2903804.jpg",
    "content": "100g",
    "walkRouteSequenceNumber": 1626,
    "price": {
      "basicPrice": 1.86,
      "recommendedQuantity": "1.0",
      "measurementUnitPrice": 18.6,
      "measurementUnit": "K",
      "isRedPrice": false,
      "pricePerUOM": 18.6,
      "activationDate": "14-03-2024",
      "recordSource": "Offline",
      "isPromoActive": "N",
      "priceChangeCode": "E"
    },
    "isAvailable": true,
    "isPriceAvailable": true,
    "inPromo": false,
    "gtin": [
      "03116742064846",
      "03116740032366"
    ],
    "topCategoryName": "Koeken/Chocolade/Snoep",
    "topCategoryId": "335",
    "businessDomain": "RETAIL_BE",
    "IsPrivateLabel": false,
    "IsBiffe": false,
    "WeightconversionFactor": "0",
    "IsWeightArticle": false,
    "nutriscoreLabel": "E",
    "IsBio": false,
    "CountryOfOrigin": "FRANKRIJK",
    "IsExclusivelySoldInLuxembourg": false,
    "OrderUnit": "P",
    "ShortName": "LUTTI BUBBLIZZ 100G",
    "IsNew": false,
    "EcoscoreLabel": "C",
    "RecentQuanityOfStockUnits": "1",
    "LongName": "LUTTI bubblizz 100g",
    "FicCode": "E",
    "EcoscoreValue": "42"
  },
  {
    "productId": "854762",
    "technicalArticleNumber": "4703792",
    "commercialArticleNumber": "31273",
    "name": "boterwaf.zou.kara",
    "brand": "JULES DESTROOPER",
    "seoBrand": "Jules Destrooper",
    "thumbNail": "https://static.colruytgroup.com/images/200x200/std.lang.all/57/81/asset-3245781.jpg",
    "fullImage": "https://static.colruytgroup.com/images/500x500/std.lang.all/57/81/asset-3245781.jpg",
    "squareImage": "https://static.colruytgroup.com/images/500x500sq/std.lang.all/57/81/asset-3245781.jpg",
    "content": "175g",
    "walkRouteSequenceNumber": 2086,
    "price": {
      "basicPrice": 3.69,
      "recommendedQuantity": "1.0",
      "quantityPrice": 2.8,
      "quantityPriceQuantity": "2.0",
      "measurementUnitPrice": 21.09,
      "measurementUnitQuantityPrice": 16,
      "measurementUnit": "K",
      "isRedPrice": false,
      "pricePerUOM": 21.09,
      "activationDate": "20-03-2024",
      "recordSource": "Offline",
      "isPromoActive": "N",
      "priceChangeCode": "H",
      "quantityPricePerUOM": 16,
      "quantityActivationDate": "20-03-2024",
      "quantityPriceChangeCode": "H"
    },
    "isAvailable": true,
    "isPriceAvailable": true,
    "inPromo": false,
    "gtin": [
      "05410471917786",
      "15410471917783"
    ],
    "topCategoryName": "Koeken/Chocolade/Snoep",
    "topCategoryId": "335",
    "businessDomain": "RETAIL_BE",
    "IsPrivateLabel": false,
    "IsBiffe": false,
    "WeightconversionFactor": "0",
    "IsWeightArticle": false,
    "nutriscoreLabel": "E",
    "IsBio": false,
    "CountryOfOrigin": "BELGIË",
    "IsExclusivelySoldInLuxembourg": false,
    "OrderUnit": "P",
    "ShortName": "JDS BOTERWAF.ZOU.KAR175",
    "IsNew": false,
    "EcoscoreLabel": "C",
    "RecentQuanityOfStockUnits": "1",
    "LongName": "JULES DESTROOPER boterwaf.zou.kara 175g",
    "AlcoholVolume": "0",
    "FicCode": "E",
    "EcoscoreValue": "56"
  },
  {
    "productId": "780399",
    "technicalArticleNumber": "4574664",
    "commercialArticleNumber": "28714",
    "name": "boterwafels choco.",
    "description": "*Natuurboterwafels met\n*laagje pure Belgische\n*chocolade (13%)",
    "brand": "JULES DESTROOPER",
    "seoBrand": "Jules Destrooper",
    "thumbNail": "https://static.colruytgroup.com/images/200x200/std.lang.all/55/96/asset-3285596.jpg",
    "fullImage": "https://static.colruytgroup.com/images/500x500/std.lang.all/55/96/asset-3285596.jpg",
    "squareImage": "https://static.colruytgroup.com/images/500x500sq/std.lang.all/55/96/asset-3285596.jpg",
    "content": "175g",
    "walkRouteSequenceNumber": 2095,
    "price": {
      "basicPrice": 3.3,
      "recommendedQuantity": "1.0",
      "quantityPrice": 2.61,
      "quantityPriceQuantity": "2.0",
      "measurementUnitPrice": 18.86,
      "measurementUnitQuantityPrice": 14.92,
      "measurementUnit": "K",
      "isRedPrice": false,
      "pricePerUOM": 18.86,
      "activationDate": "20-03-2024",
      "recordSource": "Offline",
      "isPromoActive": "N",
      "priceChangeCode": "E",
      "quantityPricePerUOM": 14.92,
      "quantityActivationDate": "20-03-2024",
      "quantityPriceChangeCode": "L"
    },
    "isAvailable": true,
    "isPriceAvailable": true,
    "inPromo": false,
    "gtin": [
      "05410471916895",
      "15410471916892",
      "35400141453332"
    ],
    "topCategoryName": "Koeken/Chocolade/Snoep",
    "topCategoryId": "335",
    "businessDomain": "RETAIL_BE",
    "IsPrivateLabel": false,
    "IsBiffe": false,
    "WeightconversionFactor": "0",
    "IsWeightArticle": false,
    "nutriscoreLabel": "E",
    "IsBio": false,
    "CountryOfOrigin": "BELGIË",
    "IsExclusivelySoldInLuxembourg": false,
    "OrderUnit": "P",
    "ShortName": "JDS BOTERWAFELS CHOC175",
    "IsNew": false,
    "EcoscoreLabel": "C",
    "RecentQuanityOfStockUnits": "2,1",
    "LongName": "JULES DESTROOPER boterwafels choco. 175g",
    "FicCode": "E",
    "EcoscoreValue": "42"
  },
  {
    "productId": "698033",
    "technicalArticleNumber": "4428922",
    "commercialArticleNumber": "2344",
    "name": "Boter | Pocket",
    "brand": "JULES DESTROOPER",
    "seoBrand": "Jules Destrooper",
    "thumbNail": "https://static.colruytgroup.com/images/200x200/std.lang.all/14/83/asset-2421483.jpg",
    "fullImage": "https://static.colruytgroup.com/images/500x500/std.lang.all/14/83/asset-2421483.jpg",
    "squareImage": "https://static.colruytgroup.com/images/500x500sq/std.lang.all/14/83/asset-2421483.jpg",
    "content": "6x24g",
    "walkRouteSequenceNumber": 2090,
    "price": {
      "basicPrice": 2.4,
      "recommendedQuantity": "2.0",
      "measurementUnitPrice": 16.67,
      "measurementUnit": "K",
      "isRedPrice": false,
      "pricePerUOM": 16.67,
      "activationDate": "20-03-2024",
      "recordSource": "Folder",
      "isPromoActive": "N",
      "priceChangeCode": "L"
    },
    "isAvailable": true,
    "isPriceAvailable": true,
    "inPromo": false,
    "gtin": [
      "05410471915980",
      "15410471915987",
      "25400141615979"
    ],
    "topCategoryName": "Koeken/Chocolade/Snoep",
    "topCategoryId": "335",
    "businessDomain": "RETAIL_BE",
    "IsPrivateLabel": false,
    "IsBiffe": false,
    "WeightconversionFactor": "0",
    "IsWeightArticle": false,
    "nutriscoreLabel": "E",
    "IsBio": false,
    "CountryOfOrigin": "BELGIË",
    "IsExclusivelySoldInLuxembourg": false,
    "OrderUnit": "P",
    "ShortName": "JDS NAT.BOTERW.POCK144",
    "IsNew": false,
    "EcoscoreLabel": "B",
    "RecentQuanityOfStockUnits": "2,1",
    "LongName": "JULES DESTROOPER Boter | Pocket 6x24g",
    "FicCode": "E",
    "EcoscoreValue": "74"
  },
  {
    "productId": "143278",
    "technicalArticleNumber": "3317245",
    "commercialArticleNumber": "2689",
    "name": "Chupa Chups Mix",
    "description": "Chupa Chups Mix",
    "brand": "LOOK O LOOK",
    "seoBrand": "Look O Look Chupa Chups",
    "thumbNail": "https://static.colruytgroup.com/images/200x200/std.lang.all/79/06/asset-3137906.jpg",
    "fullImage": "https://static.colruytgroup.com/images/500x500/std.lang.all/79/06/asset-3137906.jpg",
    "squareImage": "https://static.colruytgroup.com/images/500x500sq/std.lang.all/79/06/asset-3137906.jpg",
    "content": "102g",
    "walkRouteSequenceNumber": 1578,
    "price": {
      "basicPrice": 2.45,
      "recommendedQuantity": "1.0",
      "measurementUnitPrice": 24.02,
      "measurementUnit": "K",
      "isRedPrice": false,
      "pricePerUOM": 24.02,
      "activationDate": "22-02-2023",
      "isPromoActive": "N",
      "priceChangeCode": "E"
    },
    "isAvailable": true,
    "isPriceAvailable": true,
    "inPromo": false,
    "gtin": [
      "08713600194681",
      "08713600794683"
    ],
    "topCategoryName": "Koeken/Chocolade/Snoep",
    "topCategoryId": "335",
    "businessDomain": "RETAIL_BE",
    "IsPrivateLabel": false,
    "IsBiffe": false,
    "WeightconversionFactor": "0",
    "IsWeightArticle": false,
    "nutriscoreLabel": "E",
    "IsBio": false,
    "CountryOfOrigin": "NEDERLAND",
    "IsExclusivelySoldInLuxembourg": false,
    "OrderUnit": "P",
    "ShortName": "LOLO CHUPA CHUPS 102G",
    "IsNew": false,
    "EcoscoreLabel": "B",
    "RecentQuanityOfStockUnits": "1",
    "LongName": "LOOK O LOOK Chupa Chups Mix 102g",
    "AlcoholVolume": "0",
    "FicCode": "E",
    "EcoscoreValue": "66"
  },
  {
    "productId": "257111",
    "technicalArticleNumber": "3593283",
    "commercialArticleNumber": "13788",
    "name": "chocolade wit popri",
    "brand": "GALAK",
    "seoBrand": "Nestlé Galak",
    "thumbNail": "https://static.colruytgroup.com/images/200x200/std.lang.all/80/92/asset-1928092.jpg",
    "fullImage": "https://static.colruytgroup.com/images/500x500/std.lang.all/80/92/asset-1928092.jpg",
    "squareImage": "https://static.colruytgroup.com/images/500x500sq/std.lang.all/80/92/asset-1928092.jpg",
    "content": "4x40g",
    "walkRouteSequenceNumber": 1370,
    "price": {
      "basicPrice": 3.49,
      "recommendedQuantity": "1.0",
      "measurementUnitPrice": 21.82,
      "measurementUnit": "K",
      "isRedPrice": false,
      "pricePerUOM": 21.82,
      "activationDate": "13-03-2024",
      "recordSource": "Offline",
      "isPromoActive": "N",
      "priceChangeCode": "H"
    },
    "isAvailable": true,
    "isPriceAvailable": true,
    "inPromo": false,
    "gtin": [
      "08000300354546",
      "08000300354553"
    ],
    "topCategoryName": "Koeken/Chocolade/Snoep",
    "topCategoryId": "335",
    "businessDomain": "RETAIL_BE",
    "IsPrivateLabel": false,
    "IsBiffe": false,
    "WeightconversionFactor": "0",
    "IsWeightArticle": false,
    "nutriscoreLabel": "E",
    "IsBio": false,
    "CountryOfOrigin": "ITALIË",
    "IsExclusivelySoldInLuxembourg": false,
    "OrderUnit": "P",
    "ShortName": "NEST.GALAK POP.REEP4X40",
    "IsNew": false,
    "RecentQuanityOfStockUnits": "1",
    "LongName": "GALAK chocolade wit popri 4x40g",
    "AlcoholVolume": "0",
    "FicCode": "E"
  },
  {
    "productId": "153120",
    "technicalArticleNumber": "3248335",
    "commercialArticleNumber": "12720",
    "name": "zacht&chocolade",
    "brand": "WERTHER'S ORIGINAL",
    "seoBrand": "Werther's Original",
    "thumbNail": "https://static.colruytgroup.com/images/200x200/std.lang.all/39/57/asset-943957.jpg",
    "fullImage": "https://static.colruytgroup.com/images/500x500/std.lang.all/39/57/asset-943957.jpg",
    "squareImage": "https://static.colruytgroup.com/images/500x500sq/std.lang.all/39/57/asset-943957.jpg",
    "content": "180g",
    "walkRouteSequenceNumber": 2010,
    "price": {
      "basicPrice": 3.08,
      "recommendedQuantity": "1.0",
      "measurementUnitPrice": 17.12,
      "measurementUnit": "K",
      "isRedPrice": false,
      "pricePerUOM": 17.12,
      "activationDate": "13-03-2024",
      "recordSource": "Offline",
      "isPromoActive": "N",
      "priceChangeCode": "E"
    },
    "isAvailable": true,
    "isPriceAvailable": true,
    "inPromo": false,
    "gtin": [
      "04014400121018",
      "04014400915105",
      "05400141139013"
    ],
    "topCategoryName": "Koeken/Chocolade/Snoep",
    "topCategoryId": "335",
    "businessDomain": "RETAIL_BE",
    "IsPrivateLabel": false,
    "IsBiffe": false,
    "WeightconversionFactor": "0",
    "IsWeightArticle": false,
    "nutriscoreLabel": "E",
    "IsBio": false,
    "CountryOfOrigin": "BELGIË",
    "IsExclusivelySoldInLuxembourg": false,
    "OrderUnit": "P",
    "ShortName": "WERTHERS ORIG.CHOC.180G",
    "IsNew": false,
    "EcoscoreLabel": "B",
    "RecentQuanityOfStockUnits": "1,2",
    "LongName": "WERTHER'S ORIGINAL zacht&chocolade 180g",
    "AlcoholVolume": "0",
    "FicCode": "E",
    "EcoscoreValue": "69"
  },
  {
    "productId": "528076",
    "technicalArticleNumber": "4117016",
    "commercialArticleNumber": "2498",
    "name": "tablet mokka-room",
    "brand": "MERCI",
    "seoBrand": "Merci",
    "thumbNail": "https://static.colruytgroup.com/images/200x200/std.lang.all/72/00/asset-1817200.jpg",
    "fullImage": "https://static.colruytgroup.com/images/500x500/std.lang.all/72/00/asset-1817200.jpg",
    "squareImage": "https://static.colruytgroup.com/images/500x500sq/std.lang.all/72/00/asset-1817200.jpg",
    "content": "100g",
    "walkRouteSequenceNumber": 1364,
    "price": {
      "basicPrice": 2.49,
      "recommendedQuantity": "1.0",
      "measurementUnitPrice": 24.9,
      "measurementUnit": "K",
      "isRedPrice": false,
      "pricePerUOM": 24.9,
      "activationDate": "04-10-2023",
      "isPromoActive": "N",
      "priceChangeCode": "E"
    },
    "isAvailable": true,
    "isPriceAvailable": true,
    "inPromo": false,
    "gtin": [
      "04014400140118",
      "04014400914269"
    ],
    "topCategoryName": "Koeken/Chocolade/Snoep",
    "topCategoryId": "335",
    "businessDomain": "RETAIL_BE",
    "IsPrivateLabel": false,
    "IsBiffe": false,
    "WeightconversionFactor": "0",
    "IsWeightArticle": false,
    "nutriscoreLabel": "E",
    "IsBio": false,
    "CountryOfOrigin": "DUITSLAND",
    "IsExclusivelySoldInLuxembourg": false,
    "OrderUnit": "P",
    "ShortName": "MERC TABL.MOKKA-ROOM100",
    "IsNew": false,
    "EcoscoreLabel": "E",
    "RecentQuanityOfStockUnits": "1,15",
    "LongName": "MERCI tablet mokka-room 100g",
    "FicCode": "E",
    "EcoscoreValue": "18"
  },
  {
    "productId": "527036",
    "technicalArticleNumber": "4115046",
    "commercialArticleNumber": "8968",
    "name": "chocolade wit speculoos",
    "brand": "GALAK",
    "seoBrand": "Nestlé Galak",
    "thumbNail": "https://static.colruytgroup.com/images/200x200/std.lang.all/10/26/asset-1931026.jpg",
    "fullImage": "https://static.colruytgroup.com/images/500x500/std.lang.all/10/26/asset-1931026.jpg",
    "squareImage": "https://static.colruytgroup.com/images/500x500sq/std.lang.all/10/26/asset-1931026.jpg",
    "content": "125g",
    "walkRouteSequenceNumber": 1368,
    "price": {
      "basicPrice": 1.99,
      "recommendedQuantity": "3.0",
      "measurementUnitPrice": 15.92,
      "measurementUnit": "K",
      "isRedPrice": false,
      "pricePerUOM": 15.92,
      "activationDate": "13-03-2024",
      "recordSource": "Offline",
      "isPromoActive": "N",
      "priceChangeCode": "H"
    },
    "isAvailable": true,
    "isPriceAvailable": true,
    "inPromo": false,
    "gtin": [
      "55400141540975",
      "85400141313013",
      "08000300353891",
      "08000300353884"
    ],
    "topCategoryName": "Koeken/Chocolade/Snoep",
    "topCategoryId": "335",
    "businessDomain": "RETAIL_BE",
    "IsPrivateLabel": false,
    "IsBiffe": false,
    "WeightconversionFactor": "0",
    "IsWeightArticle": false,
    "nutriscoreLabel": "E",
    "IsBio": false,
    "CountryOfOrigin": "ITALIË",
    "IsExclusivelySoldInLuxembourg": false,
    "OrderUnit": "P",
    "ShortName": "GALA WIT.CHOC.SPECUL125",
    "IsNew": false,
    "RecentQuanityOfStockUnits": "2,1,3",
    "LongName": "GALAK chocolade wit speculoos 125g",
    "AlcoholVolume": "0",
    "FicCode": "E"
  },
  {
    "productId": "765608",
    "technicalArticleNumber": "4548434",
    "commercialArticleNumber": "9190",
    "name": "repen melk praliné 3pack",
    "brand": "GALLER",
    "seoBrand": "Galler",
    "thumbNail": "https://static.colruytgroup.com/images/200x200/std.lang.all/31/15/asset-2793115.jpg",
    "fullImage": "https://static.colruytgroup.com/images/500x500/std.lang.all/31/15/asset-2793115.jpg",
    "squareImage": "https://static.colruytgroup.com/images/500x500sq/std.lang.all/31/15/asset-2793115.jpg",
    "content": "3x70g",
    "walkRouteSequenceNumber": 1360,
    "price": {
      "basicPrice": 4.5,
      "recommendedQuantity": "1.0",
      "measurementUnitPrice": 21.43,
      "measurementUnit": "K",
      "isRedPrice": false,
      "pricePerUOM": 21.43,
      "activationDate": "13-02-2024",
      "recordSource": "Offline",
      "isPromoActive": "N",
      "priceChangeCode": "H"
    },
    "isAvailable": true,
    "isPriceAvailable": true,
    "inPromo": false,
    "gtin": [
      "05412038981704",
      "05412038981575"
    ],
    "topCategoryName": "Koeken/Chocolade/Snoep",
    "topCategoryId": "335",
    "businessDomain": "RETAIL_BE",
    "IsPrivateLabel": false,
    "IsBiffe": false,
    "WeightconversionFactor": "0",
    "IsWeightArticle": false,
    "nutriscoreLabel": "E",
    "IsBio": false,
    "CountryOfOrigin": "BELGIË",
    "IsExclusivelySoldInLuxembourg": false,
    "OrderUnit": "P",
    "ShortName": "GALL MELK PRAL.3P 210G",
    "IsNew": false,
    "EcoscoreLabel": "E",
    "RecentQuanityOfStockUnits": "1",
    "LongName": "GALLER repen melk praliné 3pack 3x70g",
    "FicCode": "E",
    "EcoscoreValue": "18"
  },
  {
    "productId": "881379",
    "technicalArticleNumber": "4738767",
    "commercialArticleNumber": "1444",
    "name": "White 5pack",
    "brand": "TWIX",
    "seoBrand": "Twix",
    "thumbNail": "https://static.colruytgroup.com/images/200x200/std.lang.all/23/87/asset-3242387.jpg",
    "fullImage": "https://static.colruytgroup.com/images/500x500/std.lang.all/23/87/asset-3242387.jpg",
    "squareImage": "https://static.colruytgroup.com/images/500x500sq/std.lang.all/23/87/asset-3242387.jpg",
    "content": "5x46g",
    "walkRouteSequenceNumber": 1094,
    "price": {
      "basicPrice": 3.79,
      "recommendedQuantity": "1.0",
      "measurementUnitPrice": 16.48,
      "measurementUnit": "K",
      "isRedPrice": false,
      "pricePerUOM": 16.48,
      "activationDate": "22-03-2024",
      "recordSource": "Offline",
      "isPromoActive": "N",
      "priceChangeCode": "L"
    },
    "isAvailable": true,
    "isPriceAvailable": true,
    "inPromo": false,
    "gtin": [
      "05000159557344",
      "05000159486682",
      "05000159557412",
      "05000159486699",
      "75400141618463"
    ],
    "topCategoryName": "Koeken/Chocolade/Snoep",
    "topCategoryId": "335",
    "businessDomain": "RETAIL_BE",
    "IsPrivateLabel": false,
    "IsBiffe": false,
    "WeightconversionFactor": "0",
    "IsWeightArticle": false,
    "nutriscoreLabel": "E",
    "IsBio": false,
    "CountryOfOrigin": "DUITSLAND",
    "IsExclusivelySoldInLuxembourg": false,
    "OrderUnit": "P",
    "ShortName": "TWIX WHITE 5PACK 230G",
    "IsNew": false,
    "RecentQuanityOfStockUnits": "1,1,2",
    "LongName": "TWIX White 5pack 5x46g",
    "AlcoholVolume": "0",
    "FicCode": "E"
  },
  {
    "productId": "14600",
    "technicalArticleNumber": "1576595",
    "commercialArticleNumber": "21196",
    "name": "koeken appel en granen",
    "description": "*Individueel verpakt",
    "brand": "LU GRANY",
    "seoBrand": "LU Grany",
    "thumbNail": "https://static.colruytgroup.com/images/200x200/std.lang.all/45/67/asset-2024567.jpg",
    "fullImage": "https://static.colruytgroup.com/images/500x500/std.lang.all/45/67/asset-2024567.jpg",
    "squareImage": "https://static.colruytgroup.com/images/500x500sq/std.lang.all/45/67/asset-2024567.jpg",
    "content": "6x28,5g",
    "walkRouteSequenceNumber": 2312,
    "price": {
      "basicPrice": 3.19,
      "recommendedQuantity": "2.0",
      "measurementUnitPrice": 18.66,
      "measurementUnit": "K",
      "isRedPrice": false,
      "pricePerUOM": 18.66,
      "activationDate": "14-03-2024",
      "recordSource": "Offline",
      "isPromoActive": "N",
      "priceChangeCode": "E"
    },
    "isAvailable": true,
    "isPriceAvailable": true,
    "inPromo": false,
    "gtin": [
      "05400141211962",
      "05410041337204",
      "15410041337201"
    ],
    "topCategoryName": "Brood/Ontbijt",
    "topCategoryId": "124",
    "businessDomain": "RETAIL_BE",
    "IsPrivateLabel": false,
    "IsBiffe": false,
    "WeightconversionFactor": "0",
    "IsWeightArticle": false,
    "nutriscoreLabel": "D",
    "IsBio": false,
    "CountryOfOrigin": "BELGIË",
    "IsExclusivelySoldInLuxembourg": false,
    "OrderUnit": "P",
    "ShortName": "LU GRANY KOEK APPEL 171",
    "IsNew": false,
    "RecentQuanityOfStockUnits": "2,1",
    "LongName": "LU GRANY koeken appel en granen 6x28,5g",
    "AlcoholVolume": "0",
    "FicCode": "E"
  },
  {
    "productId": "802979",
    "technicalArticleNumber": "4619221",
    "commercialArticleNumber": "11752",
    "name": "orange",
    "brand": "SWEET ORIGINALS",
    "seoBrand": "Sweet Originals",
    "thumbNail": "https://static.colruytgroup.com/images/200x200/std.lang.all/45/22/asset-2834522.jpg",
    "fullImage": "https://static.colruytgroup.com/images/500x500/std.lang.all/45/22/asset-2834522.jpg",
    "squareImage": "https://static.colruytgroup.com/images/500x500sq/std.lang.all/45/22/asset-2834522.jpg",
    "content": "2x48g",
    "walkRouteSequenceNumber": 18398,
    "price": {
      "basicPrice": 1.99,
      "recommendedQuantity": "1.0",
      "measurementUnitPrice": 20.73,
      "measurementUnit": "K",
      "isRedPrice": false,
      "pricePerUOM": 20.73,
      "activationDate": "02-11-2022",
      "isPromoActive": "N",
      "priceChangeCode": "E"
    },
    "isAvailable": true,
    "isPriceAvailable": true,
    "inPromo": false,
    "gtin": [
      "05400265040783",
      "05400265170053"
    ],
    "topCategoryName": "Koeken/Chocolade/Snoep",
    "topCategoryId": "335",
    "businessDomain": "RETAIL_BE",
    "IsPrivateLabel": false,
    "IsBiffe": false,
    "WeightconversionFactor": "0",
    "IsWeightArticle": false,
    "nutriscoreLabel": "E",
    "IsBio": false,
    "CountryOfOrigin": "POLEN",
    "IsExclusivelySoldInLuxembourg": false,
    "OrderUnit": "P",
    "ShortName": "SWOR ORANGE 2X48G",
    "IsNew": false,
    "EcoscoreLabel": "C",
    "RecentQuanityOfStockUnits": "1",
    "LongName": "SWEET ORIGINALS orange 2x48g",
    "FicCode": "E",
    "EcoscoreValue": "42"
  },
  {
    "productId": "849372",
    "technicalArticleNumber": "4696834",
    "commercialArticleNumber": "30781",
    "name": "tab.hazelno-melk cho.",
    "brand": "FERRERO ROCHER",
    "seoBrand": "Ferrero Rocher",
    "thumbNail": "https://static.colruytgroup.com/images/200x200/std.lang.all/48/60/asset-3344860.jpg",
    "fullImage": "https://static.colruytgroup.com/images/500x500/std.lang.all/48/60/asset-3344860.jpg",
    "squareImage": "https://static.colruytgroup.com/images/500x500sq/std.lang.all/48/60/asset-3344860.jpg",
    "content": "90g",
    "walkRouteSequenceNumber": 1335,
    "price": {
      "basicPrice": 1.99,
      "recommendedQuantity": "1.0",
      "measurementUnitPrice": 22.12,
      "measurementUnit": "K",
      "isRedPrice": false,
      "pricePerUOM": 22.12,
      "activationDate": "17-02-2024",
      "recordSource": "Offline",
      "isPromoActive": "N",
      "priceChangeCode": "E"
    },
    "isAvailable": true,
    "isPriceAvailable": true,
    "inPromo": false,
    "gtin": [
      "08000500373002",
      "08000500359488"
    ],
    "topCategoryName": "Koeken/Chocolade/Snoep",
    "topCategoryId": "335",
    "businessDomain": "RETAIL_BE",
    "IsPrivateLabel": false,
    "IsBiffe": false,
    "WeightconversionFactor": "0",
    "IsWeightArticle": false,
    "nutriscoreLabel": "E",
    "IsBio": false,
    "CountryOfOrigin": "POLEN",
    "IsExclusivelySoldInLuxembourg": false,
    "OrderUnit": "P",
    "ShortName": "FERO TABL.HAZELN-MELK90",
    "IsNew": false,
    "RecentQuanityOfStockUnits": "1,8",
    "LongName": "FERRERO ROCHER tab.hazelno-melk cho. 90g",
    "FicCode": "E"
  },
  {
    "productId": "802982",
    "technicalArticleNumber": "4619224",
    "commercialArticleNumber": "11788",
    "name": "mint",
    "brand": "SWEET ORIGINALS",
    "seoBrand": "Sweet Originals",
    "thumbNail": "https://static.colruytgroup.com/images/200x200/std.lang.all/46/61/asset-2834661.jpg",
    "fullImage": "https://static.colruytgroup.com/images/500x500/std.lang.all/46/61/asset-2834661.jpg",
    "squareImage": "https://static.colruytgroup.com/images/500x500sq/std.lang.all/46/61/asset-2834661.jpg",
    "content": "2x48g",
    "walkRouteSequenceNumber": 18397,
    "price": {
      "basicPrice": 1.99,
      "recommendedQuantity": "1.0",
      "measurementUnitPrice": 20.73,
      "measurementUnit": "K",
      "isRedPrice": false,
      "pricePerUOM": 20.73,
      "activationDate": "02-11-2022",
      "isPromoActive": "N",
      "priceChangeCode": "E"
    },
    "isAvailable": true,
    "isPriceAvailable": true,
    "inPromo": false,
    "gtin": [
      "05400265040790",
      "05400265170046"
    ],
    "topCategoryName": "Koeken/Chocolade/Snoep",
    "topCategoryId": "335",
    "businessDomain": "RETAIL_BE",
    "IsPrivateLabel": false,
    "IsBiffe": false,
    "WeightconversionFactor": "0",
    "IsWeightArticle": false,
    "nutriscoreLabel": "E",
    "IsBio": false,
    "CountryOfOrigin": "POLEN",
    "IsExclusivelySoldInLuxembourg": false,
    "OrderUnit": "P",
    "ShortName": "SWOR MINT 2X48G",
    "IsNew": false,
    "EcoscoreLabel": "B",
    "RecentQuanityOfStockUnits": "1",
    "LongName": "SWEET ORIGINALS mint 2x48g",
    "FicCode": "E",
    "EcoscoreValue": "66"
  },
  {
    "productId": "644974",
    "technicalArticleNumber": "4340805",
    "commercialArticleNumber": "3801",
    "name": "snoep ijsjes",
    "brand": "LOOK O LOOK",
    "seoBrand": "Look O Look",
    "thumbNail": "https://static.colruytgroup.com/images/200x200/std.lang.all/80/10/asset-2848010.jpg",
    "fullImage": "https://static.colruytgroup.com/images/500x500/std.lang.all/80/10/asset-2848010.jpg",
    "squareImage": "https://static.colruytgroup.com/images/500x500sq/std.lang.all/80/10/asset-2848010.jpg",
    "content": "71g",
    "walkRouteSequenceNumber": 1640,
    "price": {
      "basicPrice": 2.49,
      "recommendedQuantity": "1.0",
      "measurementUnitPrice": 35.08,
      "measurementUnit": "K",
      "isRedPrice": false,
      "pricePerUOM": 35.08,
      "activationDate": "03-01-2024",
      "isPromoActive": "N",
      "priceChangeCode": "H"
    },
    "isAvailable": true,
    "isPriceAvailable": true,
    "inPromo": false,
    "gtin": [
      "08713600794850",
      "08713600194858"
    ],
    "topCategoryName": "Koeken/Chocolade/Snoep",
    "topCategoryId": "335",
    "businessDomain": "RETAIL_BE",
    "IsPrivateLabel": false,
    "IsBiffe": false,
    "WeightconversionFactor": "0",
    "IsWeightArticle": false,
    "nutriscoreLabel": "E",
    "IsBio": false,
    "CountryOfOrigin": "EUROPA",
    "IsExclusivelySoldInLuxembourg": false,
    "OrderUnit": "P",
    "ShortName": "LOLO IJSJES 71G",
    "IsNew": false,
    "EcoscoreLabel": "C",
    "RecentQuanityOfStockUnits": "1",
    "LongName": "LOOK O LOOK snoep ijsjes 71g",
    "FicCode": "E",
    "EcoscoreValue": "42"
  },
  {
    "productId": "685444",
    "technicalArticleNumber": "4408115",
    "commercialArticleNumber": "24854",
    "name": "gloeiwormen",
    "brand": "TROLLI",
    "seoBrand": "Trolli",
    "thumbNail": "https://static.colruytgroup.com/images/200x200/std.lang.all/15/31/asset-2361531.jpg",
    "fullImage": "https://static.colruytgroup.com/images/500x500/std.lang.all/15/31/asset-2361531.jpg",
    "squareImage": "https://static.colruytgroup.com/images/500x500sq/std.lang.all/15/31/asset-2361531.jpg",
    "content": "200g",
    "walkRouteSequenceNumber": 1957,
    "price": {
      "basicPrice": 1.19,
      "recommendedQuantity": "1.0",
      "measurementUnitPrice": 5.95,
      "measurementUnit": "K",
      "isRedPrice": false,
      "pricePerUOM": 5.95,
      "activationDate": "21-02-2024",
      "recordSource": "Offline",
      "isPromoActive": "N",
      "priceChangeCode": "H"
    },
    "isAvailable": true,
    "isPriceAvailable": true,
    "inPromo": false,
    "gtin": [
      "04000512010869",
      "04000512148180",
      "04003084812152"
    ],
    "topCategoryName": "Koeken/Chocolade/Snoep",
    "topCategoryId": "335",
    "businessDomain": "RETAIL_BE",
    "IsPrivateLabel": false,
    "IsBiffe": false,
    "WeightconversionFactor": "0",
    "IsWeightArticle": false,
    "nutriscoreLabel": "D",
    "IsBio": false,
    "CountryOfOrigin": "DUITSLAND",
    "IsExclusivelySoldInLuxembourg": false,
    "OrderUnit": "P",
    "ShortName": "TROL GLOEIWORMEN 200G",
    "IsNew": false,
    "EcoscoreLabel": "C",
    "RecentQuanityOfStockUnits": "1",
    "LongName": "TROLLI gloeiwormen 200g",
    "FicCode": "E",
    "EcoscoreValue": "42"
  },
  {
    "productId": "26055",
    "technicalArticleNumber": "1970163",
    "commercialArticleNumber": "20580",
    "name": "Ademvrij eucalyptus sv",
    "brand": "VICKS",
    "seoBrand": "Vicks",
    "thumbNail": "https://static.colruytgroup.com/images/200x200/std.lang.all/47/44/asset-3424744.jpg",
    "fullImage": "https://static.colruytgroup.com/images/500x500/std.lang.all/47/44/asset-3424744.jpg",
    "squareImage": "https://static.colruytgroup.com/images/500x500sq/std.lang.all/47/44/asset-3424744.jpg",
    "content": "144g",
    "walkRouteSequenceNumber": 13472,
    "price": {
      "basicPrice": 3.98,
      "recommendedQuantity": "2.0",
      "measurementUnitPrice": 27.64,
      "measurementUnit": "K",
      "isRedPrice": false,
      "pricePerUOM": 27.64,
      "activationDate": "02-03-2024",
      "recordSource": "Offline",
      "isPromoActive": "N",
      "priceChangeCode": "H"
    },
    "isAvailable": true,
    "isPriceAvailable": true,
    "inPromo": false,
    "gtin": [
      "04030300022491",
      "05400141205800",
      "05400787035793",
      "05400787035731"
    ],
    "topCategoryName": "Koeken/Chocolade/Snoep",
    "topCategoryId": "335",
    "businessDomain": "RETAIL_BE",
    "IsPrivateLabel": false,
    "IsBiffe": false,
    "WeightconversionFactor": "0",
    "IsWeightArticle": false,
    "nutriscoreLabel": "B",
    "IsBio": false,
    "CountryOfOrigin": "BELGIË",
    "IsExclusivelySoldInLuxembourg": false,
    "OrderUnit": "P",
    "ShortName": "VICKS ADEM.ZS ZAK 144G",
    "IsNew": false,
    "EcoscoreLabel": "B",
    "RecentQuanityOfStockUnits": "2,1",
    "LongName": "VICKS Ademvrij eucalyptus sv 144g",
    "AlcoholVolume": "0",
    "FicCode": "E",
    "EcoscoreValue": "66"
  },
  {
    "productId": "350515",
    "technicalArticleNumber": "3855429",
    "commercialArticleNumber": "21405",
    "name": "zure draculatanden",
    "brand": "LUTTI",
    "seoBrand": "Lutti",
    "thumbNail": "https://static.colruytgroup.com/images/200x200/std.lang.all/09/92/asset-3360992.jpg",
    "fullImage": "https://static.colruytgroup.com/images/500x500/std.lang.all/09/92/asset-3360992.jpg",
    "squareImage": "https://static.colruytgroup.com/images/500x500sq/std.lang.all/09/92/asset-3360992.jpg",
    "content": "600g",
    "walkRouteSequenceNumber": 1948,
    "price": {
      "basicPrice": 4.99,
      "recommendedQuantity": "1.0",
      "measurementUnitPrice": 8.32,
      "measurementUnit": "K",
      "isRedPrice": false,
      "pricePerUOM": 8.32,
      "activationDate": "14-02-2024",
      "isPromoActive": "N",
      "priceChangeCode": "H"
    },
    "isAvailable": true,
    "isPriceAvailable": true,
    "inPromo": false,
    "gtin": [
      "05400787040117",
      "05400787040124"
    ],
    "topCategoryName": "Koeken/Chocolade/Snoep",
    "topCategoryId": "335",
    "businessDomain": "RETAIL_BE",
    "IsPrivateLabel": false,
    "IsBiffe": false,
    "WeightconversionFactor": "0",
    "IsWeightArticle": false,
    "nutriscoreLabel": "E",
    "IsBio": false,
    "CountryOfOrigin": "BELGIË",
    "IsExclusivelySoldInLuxembourg": false,
    "OrderUnit": "P",
    "ShortName": "LUTT ZURE DRACULATAN600",
    "IsNew": false,
    "EcoscoreLabel": "C",
    "RecentQuanityOfStockUnits": "1",
    "LongName": "LUTTI zure draculatanden 600g",
    "AlcoholVolume": "0",
    "FicCode": "E",
    "EcoscoreValue": "42"
  },
  {
    "productId": "858663",
    "technicalArticleNumber": "4708928",
    "commercialArticleNumber": "31669",
    "name": "chocolade hartjes",
    "brand": "THE BELGIAN",
    "seoBrand": "The Belgian",
    "thumbNail": "https://static.colruytgroup.com/images/200x200/std.lang.all/10/23/asset-3361023.jpg",
    "fullImage": "https://static.colruytgroup.com/images/500x500/std.lang.all/10/23/asset-3361023.jpg",
    "squareImage": "https://static.colruytgroup.com/images/500x500sq/std.lang.all/10/23/asset-3361023.jpg",
    "content": "200g",
    "walkRouteSequenceNumber": 1774,
    "price": {
      "basicPrice": 3.99,
      "recommendedQuantity": "1.0",
      "measurementUnitPrice": 19.95,
      "measurementUnit": "K",
      "isRedPrice": false,
      "pricePerUOM": 19.95,
      "activationDate": "11-02-2023",
      "isPromoActive": "N",
      "priceChangeCode": "E"
    },
    "isAvailable": true,
    "isPriceAvailable": true,
    "inPromo": false,
    "gtin": [
      "05413121370016",
      "05413121350018"
    ],
    "topCategoryName": "Koeken/Chocolade/Snoep",
    "topCategoryId": "335",
    "businessDomain": "RETAIL_BE",
    "IsPrivateLabel": false,
    "IsBiffe": false,
    "WeightconversionFactor": "0",
    "IsWeightArticle": false,
    "nutriscoreLabel": "E",
    "IsBio": false,
    "CountryOfOrigin": "BELGIË",
    "IsExclusivelySoldInLuxembourg": false,
    "OrderUnit": "P",
    "ShortName": "BELG CHOCOLA.HARTJES200",
    "IsNew": false,
    "EcoscoreLabel": "E",
    "RecentQuanityOfStockUnits": "1,12",
    "LongName": "THE BELGIAN chocolade hartjes 200g",
    "FicCode": "E",
    "EcoscoreValue": "18"
  },
  {
    "productId": "57380",
    "technicalArticleNumber": "2347501",
    "commercialArticleNumber": "24788",
    "name": "Aardb.&Mand. 14st",
    "brand": "MENTOS AQUA KISS",
    "seoBrand": "Mentos",
    "thumbNail": "https://static.colruytgroup.com/images/200x200/std.lang.all/51/33/asset-2135133.jpg",
    "fullImage": "https://static.colruytgroup.com/images/500x500/std.lang.all/51/33/asset-2135133.jpg",
    "squareImage": "https://static.colruytgroup.com/images/500x500sq/std.lang.all/51/33/asset-2135133.jpg",
    "content": "26g",
    "walkRouteSequenceNumber": 18389,
    "price": {
      "basicPrice": 1.89,
      "recommendedQuantity": "1.0",
      "quantityPrice": 1.49,
      "quantityPriceQuantity": "2.0",
      "measurementUnitPrice": 0.135,
      "measurementUnitQuantityPrice": 0.107,
      "measurementUnit": "S",
      "isRedPrice": false,
      "pricePerUOM": 0.135,
      "activationDate": "19-03-2024",
      "recordSource": "Offline",
      "isPromoActive": "N",
      "priceChangeCode": "L",
      "quantityPricePerUOM": 0.107,
      "quantityActivationDate": "19-03-2024",
      "quantityPriceChangeCode": "E"
    },
    "isAvailable": true,
    "isPriceAvailable": true,
    "inPromo": false,
    "gtin": [
      "00000080791812",
      "08723400809494",
      "08003440965498",
      "00000080759775",
      "00000080759782"
    ],
    "topCategoryName": "Koeken/Chocolade/Snoep",
    "topCategoryId": "335",
    "businessDomain": "RETAIL_BE",
    "IsPrivateLabel": false,
    "IsBiffe": false,
    "WeightconversionFactor": "0",
    "IsWeightArticle": false,
    "nutriscoreLabel": "B",
    "IsBio": false,
    "CountryOfOrigin": "TURKIJE",
    "IsExclusivelySoldInLuxembourg": false,
    "OrderUnit": "P",
    "ShortName": "MENTOS AQUA 2 MAND 14",
    "IsNew": false,
    "EcoscoreLabel": "C",
    "RecentQuanityOfStockUnits": "20,1",
    "LongName": "MENTOS AQUA KISS Aardb.&Mand. 14st 26g",
    "AlcoholVolume": "0",
    "FicCode": "E",
    "EcoscoreValue": "42"
  },
  {
    "productId": "287609",
    "technicalArticleNumber": "3698040",
    "commercialArticleNumber": "18581",
    "name": "chamallows party",
    "brand": "HARIBO",
    "seoBrand": "Haribo",
    "thumbNail": "https://static.colruytgroup.com/images/200x200/std.lang.all/26/13/asset-1362613.jpg",
    "fullImage": "https://static.colruytgroup.com/images/500x500/std.lang.all/26/13/asset-1362613.jpg",
    "squareImage": "https://static.colruytgroup.com/images/500x500sq/std.lang.all/26/13/asset-1362613.jpg",
    "content": "400g",
    "walkRouteSequenceNumber": 1838,
    "price": {
      "basicPrice": 2.48,
      "recommendedQuantity": "1.0",
      "measurementUnitPrice": 6.2,
      "measurementUnit": "K",
      "isRedPrice": false,
      "pricePerUOM": 6.2,
      "activationDate": "22-02-2024",
      "recordSource": "Offline",
      "isPromoActive": "N",
      "priceChangeCode": "L"
    },
    "isAvailable": true,
    "isPriceAvailable": true,
    "inPromo": false,
    "gtin": [
      "05410358464570",
      "08710575159400"
    ],
    "topCategoryName": "Koeken/Chocolade/Snoep",
    "topCategoryId": "335",
    "businessDomain": "RETAIL_BE",
    "IsPrivateLabel": false,
    "IsBiffe": false,
    "WeightconversionFactor": "0",
    "IsWeightArticle": false,
    "nutriscoreLabel": "E",
    "IsBio": false,
    "CountryOfOrigin": "BELGIË",
    "IsExclusivelySoldInLuxembourg": false,
    "OrderUnit": "P",
    "ShortName": "HARI CHAMAL.PARTY 400G",
    "IsNew": false,
    "EcoscoreLabel": "B",
    "RecentQuanityOfStockUnits": "1",
    "LongName": "HARIBO chamallows party 400g",
    "AlcoholVolume": "0",
    "FicCode": "E",
    "EcoscoreValue": "68"
  },
  {
    "productId": "765393",
    "technicalArticleNumber": "4547555",
    "commercialArticleNumber": "7640",
    "name": "repen manon 3pack",
    "brand": "GALLER",
    "seoBrand": "Galler",
    "thumbNail": "https://static.colruytgroup.com/images/200x200/std.lang.all/31/14/asset-2793114.jpg",
    "fullImage": "https://static.colruytgroup.com/images/500x500/std.lang.all/31/14/asset-2793114.jpg",
    "squareImage": "https://static.colruytgroup.com/images/500x500sq/std.lang.all/31/14/asset-2793114.jpg",
    "content": "195g",
    "walkRouteSequenceNumber": 1361,
    "price": {
      "basicPrice": 4.5,
      "recommendedQuantity": "1.0",
      "measurementUnitPrice": 23.08,
      "measurementUnit": "K",
      "isRedPrice": false,
      "pricePerUOM": 23.08,
      "activationDate": "01-03-2024",
      "recordSource": "Offline",
      "isPromoActive": "N",
      "priceChangeCode": "H"
    },
    "isAvailable": true,
    "isPriceAvailable": true,
    "inPromo": false,
    "gtin": [
      "05412038981711",
      "05412038981582"
    ],
    "topCategoryName": "Koeken/Chocolade/Snoep",
    "topCategoryId": "335",
    "businessDomain": "RETAIL_BE",
    "IsPrivateLabel": false,
    "IsBiffe": false,
    "WeightconversionFactor": "0",
    "IsWeightArticle": false,
    "nutriscoreLabel": "E",
    "IsBio": false,
    "CountryOfOrigin": "BELGIË",
    "IsExclusivelySoldInLuxembourg": false,
    "OrderUnit": "P",
    "ShortName": "GALL REP.MANON 3ST 195G",
    "IsNew": false,
    "EcoscoreLabel": "E",
    "RecentQuanityOfStockUnits": "1",
    "LongName": "GALLER repen manon 3pack 195g",
    "FicCode": "E",
    "EcoscoreValue": "19"
  },
  {
    "productId": "757454",
    "technicalArticleNumber": "4533877",
    "commercialArticleNumber": "16097",
    "name": "pralines ballotin",
    "brand": "HAMLET",
    "seoBrand": "Hamlet",
    "thumbNail": "https://static.colruytgroup.com/images/200x200/std.lang.all/79/80/asset-3347980.jpg",
    "fullImage": "https://static.colruytgroup.com/images/500x500/std.lang.all/79/80/asset-3347980.jpg",
    "squareImage": "https://static.colruytgroup.com/images/500x500sq/std.lang.all/79/80/asset-3347980.jpg",
    "content": "250g",
    "walkRouteSequenceNumber": 1781,
    "price": {
      "basicPrice": 6.75,
      "recommendedQuantity": "1.0",
      "measurementUnitPrice": 27,
      "measurementUnit": "K",
      "isRedPrice": false,
      "pricePerUOM": 27,
      "activationDate": "17-01-2024",
      "isPromoActive": "N",
      "priceChangeCode": "H"
    },
    "isAvailable": true,
    "isPriceAvailable": true,
    "inPromo": false,
    "gtin": [
      "05400265138039",
      "05400265026138"
    ],
    "topCategoryName": "Koeken/Chocolade/Snoep",
    "topCategoryId": "335",
    "businessDomain": "RETAIL_BE",
    "IsPrivateLabel": false,
    "IsBiffe": false,
    "WeightconversionFactor": "0",
    "IsWeightArticle": false,
    "nutriscoreLabel": "E",
    "IsBio": false,
    "CountryOfOrigin": "BELGIË",
    "IsExclusivelySoldInLuxembourg": false,
    "OrderUnit": "P",
    "ShortName": "HAML PRALINES BAL250",
    "IsNew": false,
    "EcoscoreLabel": "E",
    "RecentQuanityOfStockUnits": "1",
    "LongName": "HAMLET pralines ballotin 250g",
    "AlcoholVolume": "0",
    "FicCode": "E",
    "EcoscoreValue": "15"
  },
  {
    "productId": "289575",
    "technicalArticleNumber": "3698058",
    "commercialArticleNumber": "18669",
    "name": "chamallows",
    "brand": "HARIBO",
    "seoBrand": "Haribo",
    "thumbNail": "https://static.colruytgroup.com/images/200x200/std.lang.all/12/08/asset-1331208.jpg",
    "fullImage": "https://static.colruytgroup.com/images/500x500/std.lang.all/12/08/asset-1331208.jpg",
    "squareImage": "https://static.colruytgroup.com/images/500x500sq/std.lang.all/12/08/asset-1331208.jpg",
    "content": "400g",
    "walkRouteSequenceNumber": 1839,
    "price": {
      "basicPrice": 6.26,
      "recommendedQuantity": "1.0",
      "measurementUnitPrice": 15.65,
      "measurementUnit": "K",
      "isRedPrice": false,
      "pricePerUOM": 15.65,
      "activationDate": "20-02-2024",
      "recordSource": "Offline",
      "isPromoActive": "N",
      "priceChangeCode": "H"
    },
    "isAvailable": true,
    "isPriceAvailable": true,
    "inPromo": false,
    "gtin": [
      "05410358452577",
      "05410358452584"
    ],
    "topCategoryName": "Koeken/Chocolade/Snoep",
    "topCategoryId": "335",
    "businessDomain": "RETAIL_BE",
    "IsPrivateLabel": false,
    "IsBiffe": false,
    "WeightconversionFactor": "0",
    "IsWeightArticle": false,
    "nutriscoreLabel": "E",
    "IsBio": false,
    "CountryOfOrigin": "BELGIË",
    "IsExclusivelySoldInLuxembourg": false,
    "OrderUnit": "P",
    "ShortName": "HARI CHAMAL.SPEKK.400G",
    "IsNew": false,
    "EcoscoreLabel": "B",
    "RecentQuanityOfStockUnits": "1,12",
    "LongName": "HARIBO chamallows 400g",
    "AlcoholVolume": "0",
    "FicCode": "E",
    "EcoscoreValue": "68"
  },
  {
    "productId": "1568",
    "technicalArticleNumber": "20612",
    "commercialArticleNumber": "20612",
    "name": "pastille sinaasappel munt sv",
    "brand": "RICOLA",
    "seoBrand": "Ricola",
    "thumbNail": "https://static.colruytgroup.com/images/200x200/std.lang.all/85/70/asset-3028570.jpg",
    "fullImage": "https://static.colruytgroup.com/images/500x500/std.lang.all/85/70/asset-3028570.jpg",
    "squareImage": "https://static.colruytgroup.com/images/500x500sq/std.lang.all/85/70/asset-3028570.jpg",
    "content": "50g",
    "walkRouteSequenceNumber": 18353,
    "price": {
      "basicPrice": 1.99,
      "recommendedQuantity": "2.0",
      "measurementUnitPrice": 39.8,
      "measurementUnit": "K",
      "isRedPrice": false,
      "pricePerUOM": 39.8,
      "activationDate": "02-02-2024",
      "recordSource": "Offline",
      "isPromoActive": "N",
      "priceChangeCode": "E"
    },
    "isAvailable": true,
    "isPriceAvailable": true,
    "inPromo": false,
    "gtin": [
      "07610700947340",
      "07610700947449",
      "07610700947456"
    ],
    "topCategoryName": "Koeken/Chocolade/Snoep",
    "topCategoryId": "335",
    "businessDomain": "RETAIL_BE",
    "IsPrivateLabel": false,
    "IsBiffe": false,
    "WeightconversionFactor": "0",
    "IsWeightArticle": false,
    "nutriscoreLabel": "B",
    "IsBio": false,
    "CountryOfOrigin": "ZWITSERLAND",
    "IsExclusivelySoldInLuxembourg": false,
    "OrderUnit": "P",
    "ShortName": "RICOLA ORA.MEN.Z.SU.50G",
    "IsNew": false,
    "EcoscoreLabel": "B",
    "RecentQuanityOfStockUnits": "1,2,20",
    "LongName": "RICOLA pastille sinaasappel munt sv 50g",
    "AlcoholVolume": "0",
    "FicCode": "E",
    "EcoscoreValue": "66"
  },
  {
    "productId": "205858",
    "technicalArticleNumber": "3510064",
    "commercialArticleNumber": "50583",
    "name": "melk hazelnoten",
    "brand": "MILKA",
    "seoBrand": "Milka",
    "thumbNail": "https://static.colruytgroup.com/images/200x200/std.lang.all/78/31/asset-947831.jpg",
    "fullImage": "https://static.colruytgroup.com/images/500x500/std.lang.all/78/31/asset-947831.jpg",
    "squareImage": "https://static.colruytgroup.com/images/500x500sq/std.lang.all/78/31/asset-947831.jpg",
    "content": "3x45g",
    "walkRouteSequenceNumber": 1371,
    "price": {
      "basicPrice": 3.94,
      "recommendedQuantity": "3.0",
      "measurementUnitPrice": 29.19,
      "measurementUnit": "K",
      "isRedPrice": false,
      "pricePerUOM": 29.19,
      "activationDate": "20-03-2024",
      "recordSource": "Offline",
      "isPromoActive": "N",
      "priceChangeCode": "H"
    },
    "isAvailable": true,
    "isPriceAvailable": true,
    "inPromo": false,
    "gtin": [
      "07622210615794",
      "05400141381412",
      "07622210615848",
      "07622210860798",
      "15400141596097",
      "07622210860781"
    ],
    "topCategoryName": "Koeken/Chocolade/Snoep",
    "topCategoryId": "335",
    "businessDomain": "RETAIL_BE",
    "IsPrivateLabel": false,
    "IsBiffe": false,
    "WeightconversionFactor": "0",
    "IsWeightArticle": false,
    "IsBio": false,
    "CountryOfOrigin": "POLEN",
    "IsExclusivelySoldInLuxembourg": false,
    "OrderUnit": "P",
    "ShortName": "MILKA HELENOOT MEL 3X45",
    "IsNew": false,
    "RecentQuanityOfStockUnits": "3,1,15",
    "LongName": "MILKA melk hazelnoten 3x45g",
    "AlcoholVolume": "0",
    "FicCode": "E"
  },
  {
    "productId": "463447",
    "technicalArticleNumber": "3957438",
    "commercialArticleNumber": "2257",
    "name": "puur praliné truffle",
    "brand": "CÔTE D'OR",
    "seoBrand": "Côte d'Or",
    "thumbNail": "https://static.colruytgroup.com/images/200x200/std.lang.all/07/41/asset-1620741.jpg",
    "fullImage": "https://static.colruytgroup.com/images/500x500/std.lang.all/07/41/asset-1620741.jpg",
    "squareImage": "https://static.colruytgroup.com/images/500x500sq/std.lang.all/07/41/asset-1620741.jpg",
    "content": "4x44g",
    "walkRouteSequenceNumber": 1431,
    "price": {
      "basicPrice": 3.59,
      "recommendedQuantity": "1.0",
      "measurementUnitPrice": 20.4,
      "measurementUnit": "K",
      "isRedPrice": false,
      "pricePerUOM": 20.4,
      "activationDate": "22-03-2024",
      "recordSource": "Offline",
      "isPromoActive": "N",
      "priceChangeCode": "L"
    },
    "isAvailable": true,
    "isPriceAvailable": true,
    "inPromo": true,
    "promotion": [
      {
        "techPromoId": "100830COLR",
        "promotionId": "100830",
        "promotionType": "3",
        "isPersonalized": "N",
        "publicationStartDate": "13-03-2024",
        "publicationEndDate": "26-03-2024"
      }
    ],
    "gtin": [
      "05400141074017",
      "07622210926883",
      "07622210926890"
    ],
    "topCategoryName": "Koeken/Chocolade/Snoep",
    "topCategoryId": "335",
    "businessDomain": "RETAIL_BE",
    "IsPrivateLabel": false,
    "IsBiffe": false,
    "WeightconversionFactor": "0",
    "IsWeightArticle": false,
    "nutriscoreLabel": "E",
    "IsBio": false,
    "CountryOfOrigin": "BELGIË",
    "IsExclusivelySoldInLuxembourg": false,
    "OrderUnit": "P",
    "ShortName": "CDO PUUR PRAL.TRUF4X44G",
    "IsNew": false,
    "RecentQuanityOfStockUnits": "2,1,24",
    "LongName": "CÔTE D'OR puur praliné truffle 4x44g",
    "FicCode": "E"
  },
  {
    "productId": "173186",
    "technicalArticleNumber": "3375349",
    "commercialArticleNumber": "23667",
    "name": "amandelgebak glutenvrij",
    "description": "*Glutenvrij",
    "brand": "BONI",
    "seoBrand": "Boni Selection",
    "thumbNail": "https://static.colruytgroup.com/images/200x200/std.lang.all/35/75/asset-2133575.jpg",
    "fullImage": "https://static.colruytgroup.com/images/500x500/std.lang.all/35/75/asset-2133575.jpg",
    "squareImage": "https://static.colruytgroup.com/images/500x500sq/std.lang.all/35/75/asset-2133575.jpg",
    "content": "4x50g",
    "walkRouteSequenceNumber": 2250,
    "price": {
      "basicPrice": 2.27,
      "recommendedQuantity": "1.0",
      "measurementUnitPrice": 11.35,
      "measurementUnit": "K",
      "isRedPrice": false,
      "pricePerUOM": 11.35,
      "activationDate": "03-01-2024",
      "isPromoActive": "N",
      "priceChangeCode": "H"
    },
    "isAvailable": true,
    "isPriceAvailable": true,
    "inPromo": false,
    "gtin": [
      "15400141890058",
      "05400141383331",
      "05400141309492",
      "05400141058581",
      "15400141835479",
      "15400141309499",
      "05400141352597"
    ],
    "topCategoryName": "Koeken/Chocolade/Snoep",
    "topCategoryId": "335",
    "businessDomain": "RETAIL_BE",
    "IsPrivateLabel": true,
    "IsBiffe": false,
    "WeightconversionFactor": "0",
    "IsWeightArticle": false,
    "nutriscoreLabel": "E",
    "IsBio": false,
    "CountryOfOrigin": "BELGIË",
    "IsExclusivelySoldInLuxembourg": false,
    "OrderUnit": "P",
    "ShortName": "BONI NG AMANDELGEB 200G",
    "IsNew": false,
    "EcoscoreLabel": "C",
    "RecentQuanityOfStockUnits": "1,9",
    "LongName": "BONI amandelgebak glutenvrij 4x50g",
    "AlcoholVolume": "0",
    "FicCode": "I",
    "EcoscoreValue": "41"
  },
  {
    "productId": "44283",
    "technicalArticleNumber": "2439152",
    "commercialArticleNumber": "25543",
    "name": "Culinaire",
    "description": "*Min. 54 %\ncacaobestanddelen\n*Belgische chocolade",
    "brand": "CÔTE D'OR",
    "seoBrand": "Côte d'Or",
    "thumbNail": "https://static.colruytgroup.com/images/200x200/std.lang.all/10/91/asset-391091.jpg",
    "fullImage": "https://static.colruytgroup.com/images/500x500/std.lang.all/10/91/asset-391091.jpg",
    "squareImage": "https://static.colruytgroup.com/images/500x500sq/std.lang.all/10/91/asset-391091.jpg",
    "content": "400g",
    "walkRouteSequenceNumber": 1294,
    "price": {
      "basicPrice": 5.99,
      "recommendedQuantity": "1.0",
      "measurementUnitPrice": 14.98,
      "measurementUnit": "K",
      "isRedPrice": false,
      "pricePerUOM": 14.98,
      "activationDate": "13-03-2024",
      "isPromoActive": "Y",
      "priceChangeCode": "E"
    },
    "isAvailable": true,
    "isPriceAvailable": true,
    "inPromo": true,
    "promotion": [
      {
        "techPromoId": "100829COLR",
        "promotionId": "100829",
        "promotionType": "3",
        "isPersonalized": "N",
        "publicationStartDate": "13-03-2024",
        "publicationEndDate": "26-03-2024"
      }
    ],
    "gtin": [
      "07622300166984",
      "07622300166991"
    ],
    "topCategoryName": "Koeken/Chocolade/Snoep",
    "topCategoryId": "335",
    "businessDomain": "RETAIL_BE",
    "IsPrivateLabel": false,
    "IsBiffe": false,
    "WeightconversionFactor": "0",
    "IsWeightArticle": false,
    "nutriscoreLabel": "E",
    "IsBio": false,
    "CountryOfOrigin": "BELGIË",
    "IsExclusivelySoldInLuxembourg": false,
    "OrderUnit": "P",
    "ShortName": "CD TAB CULINAIRE 400GR",
    "IsNew": false,
    "RecentQuanityOfStockUnits": "1",
    "LongName": "CÔTE D'OR Culinaire 400g",
    "AlcoholVolume": "0",
    "FicCode": "E"
  },
  {
    "productId": "504997",
    "technicalArticleNumber": "4063380",
    "commercialArticleNumber": "7064",
    "name": "Clean Breath",
    "brand": "FRISK",
    "seoBrand": "Frisk",
    "thumbNail": "https://static.colruytgroup.com/images/200x200/std.lang.all/15/04/asset-1761504.jpg",
    "fullImage": "https://static.colruytgroup.com/images/500x500/std.lang.all/15/04/asset-1761504.jpg",
    "squareImage": "https://static.colruytgroup.com/images/500x500sq/std.lang.all/15/04/asset-1761504.jpg",
    "content": "105g",
    "walkRouteSequenceNumber": 18371,
    "price": {
      "basicPrice": 5.89,
      "recommendedQuantity": "1.0",
      "measurementUnitPrice": 56.1,
      "measurementUnit": "K",
      "isRedPrice": false,
      "pricePerUOM": 56.1,
      "activationDate": "01-03-2024",
      "recordSource": "Offline",
      "isPromoActive": "N",
      "priceChangeCode": "E"
    },
    "isAvailable": true,
    "isPriceAvailable": true,
    "inPromo": false,
    "gtin": [
      "00000087345032",
      "08723400784920",
      "08723400784951"
    ],
    "topCategoryName": "Koeken/Chocolade/Snoep",
    "topCategoryId": "335",
    "businessDomain": "RETAIL_BE",
    "IsPrivateLabel": false,
    "IsBiffe": false,
    "WeightconversionFactor": "0",
    "IsWeightArticle": false,
    "nutriscoreLabel": "C",
    "IsBio": false,
    "CountryOfOrigin": "TURKIJE",
    "IsExclusivelySoldInLuxembourg": false,
    "OrderUnit": "P",
    "ShortName": "FRIS CLEAN BREATH 105G",
    "IsNew": false,
    "EcoscoreLabel": "B",
    "RecentQuanityOfStockUnits": "1,8",
    "LongName": "FRISK Clean Breath 105g",
    "FicCode": "E",
    "EcoscoreValue": "66"
  },
  {
    "productId": "362940",
    "technicalArticleNumber": "3783593",
    "commercialArticleNumber": "50086",
    "name": "puur 70% Bio",
    "brand": "CÔTE D'OR",
    "seoBrand": "Côte d'Or",
    "thumbNail": "https://static.colruytgroup.com/images/200x200/std.lang.all/07/37/asset-1900737.jpg",
    "fullImage": "https://static.colruytgroup.com/images/500x500/std.lang.all/07/37/asset-1900737.jpg",
    "squareImage": "https://static.colruytgroup.com/images/500x500sq/std.lang.all/07/37/asset-1900737.jpg",
    "content": "90g",
    "walkRouteSequenceNumber": 1398,
    "price": {
      "basicPrice": 2.99,
      "recommendedQuantity": "1.0",
      "measurementUnitPrice": 33.23,
      "measurementUnit": "K",
      "isRedPrice": false,
      "pricePerUOM": 33.23,
      "activationDate": "15-02-2024",
      "recordSource": "Offline",
      "isPromoActive": "N",
      "priceChangeCode": "E"
    },
    "isAvailable": true,
    "isPriceAvailable": true,
    "inPromo": false,
    "gtin": [
      "07622210869586",
      "07622210724519"
    ],
    "topCategoryName": "Koeken/Chocolade/Snoep",
    "topCategoryId": "335",
    "businessDomain": "RETAIL_BE",
    "IsPrivateLabel": false,
    "IsBiffe": false,
    "WeightconversionFactor": "0",
    "IsWeightArticle": false,
    "nutriscoreLabel": "E",
    "IsBio": true,
    "CountryOfOrigin": "ITALIË",
    "IsExclusivelySoldInLuxembourg": false,
    "OrderUnit": "P",
    "ShortName": "CD BIO 70% PUUR 90G",
    "IsNew": false,
    "RecentQuanityOfStockUnits": "1",
    "LongName": "CÔTE D'OR puur 70% Bio 90g",
    "AlcoholVolume": "0",
    "FicCode": "E"
  },
  {
    "productId": "715033",
    "technicalArticleNumber": "4459836",
    "commercialArticleNumber": "21122",
    "name": "Leo wafer cubes",
    "brand": "MILKA",
    "seoBrand": "Milka Leo",
    "thumbNail": "https://static.colruytgroup.com/images/200x200/std.lang.all/75/27/asset-2527527.jpg",
    "fullImage": "https://static.colruytgroup.com/images/500x500/std.lang.all/75/27/asset-2527527.jpg",
    "squareImage": "https://static.colruytgroup.com/images/500x500sq/std.lang.all/75/27/asset-2527527.jpg",
    "content": "150g",
    "walkRouteSequenceNumber": 1505,
    "price": {
      "basicPrice": 2.75,
      "recommendedQuantity": "1.0",
      "measurementUnitPrice": 18.34,
      "measurementUnit": "K",
      "isRedPrice": false,
      "pricePerUOM": 18.34,
      "activationDate": "23-03-2024",
      "recordSource": "Folder",
      "isPromoActive": "N",
      "priceChangeCode": "E"
    },
    "isAvailable": true,
    "isPriceAvailable": true,
    "inPromo": false,
    "gtin": [
      "07622201413958",
      "07622201413965"
    ],
    "topCategoryName": "Koeken/Chocolade/Snoep",
    "topCategoryId": "335",
    "businessDomain": "RETAIL_BE",
    "IsPrivateLabel": false,
    "IsBiffe": false,
    "WeightconversionFactor": "0",
    "IsWeightArticle": false,
    "nutriscoreLabel": "E",
    "IsBio": false,
    "CountryOfOrigin": "POLEN",
    "IsExclusivelySoldInLuxembourg": false,
    "OrderUnit": "P",
    "ShortName": "LEO WAFER CUBES 150G",
    "IsNew": false,
    "RecentQuanityOfStockUnits": "1,8",
    "LongName": "MILKA Leo wafer cubes 150g",
    "FicCode": "E"
  },
  {
    "productId": "377358",
    "technicalArticleNumber": "3833929",
    "commercialArticleNumber": "16880",
    "name": "eetpapier",
    "brand": "LOOK O LOOK",
    "seoBrand": "Look O Look",
    "thumbNail": "https://static.colruytgroup.com/images/200x200/std.lang.all/91/68/asset-2319168.jpg",
    "fullImage": "https://static.colruytgroup.com/images/500x500/std.lang.all/91/68/asset-2319168.jpg",
    "squareImage": "https://static.colruytgroup.com/images/500x500sq/std.lang.all/91/68/asset-2319168.jpg",
    "content": "30g",
    "walkRouteSequenceNumber": 1638,
    "price": {
      "basicPrice": 2.45,
      "recommendedQuantity": "1.0",
      "measurementUnitPrice": 81.67,
      "measurementUnit": "K",
      "isRedPrice": false,
      "pricePerUOM": 81.67,
      "activationDate": "22-02-2023",
      "isPromoActive": "N",
      "priceChangeCode": "E"
    },
    "isAvailable": true,
    "isPriceAvailable": true,
    "inPromo": false,
    "gtin": [
      "08713600195152",
      "08713600195183",
      "08713600795185"
    ],
    "topCategoryName": "Koeken/Chocolade/Snoep",
    "topCategoryId": "335",
    "businessDomain": "RETAIL_BE",
    "IsPrivateLabel": false,
    "IsBiffe": false,
    "WeightconversionFactor": "0",
    "IsWeightArticle": false,
    "nutriscoreLabel": "B",
    "IsBio": false,
    "CountryOfOrigin": "NEDERLAND",
    "IsExclusivelySoldInLuxembourg": false,
    "OrderUnit": "P",
    "ShortName": "LOL EETPAPIER 30G",
    "IsNew": false,
    "EcoscoreLabel": "C",
    "RecentQuanityOfStockUnits": "1",
    "LongName": "LOOK O LOOK eetpapier 30g",
    "AlcoholVolume": "0",
    "FicCode": "E",
    "EcoscoreValue": "42"
  },
  {
    "productId": "1434",
    "technicalArticleNumber": "20540",
    "commercialArticleNumber": "20540",
    "name": "munt box suikervrij",
    "brand": "VICKS BLUE",
    "seoBrand": "Vicks",
    "thumbNail": "https://static.colruytgroup.com/images/200x200/std.lang.all/09/87/asset-3360987.jpg",
    "fullImage": "https://static.colruytgroup.com/images/500x500/std.lang.all/09/87/asset-3360987.jpg",
    "squareImage": "https://static.colruytgroup.com/images/500x500sq/std.lang.all/09/87/asset-3360987.jpg",
    "content": "40g",
    "walkRouteSequenceNumber": 13476,
    "price": {
      "basicPrice": 1.79,
      "recommendedQuantity": "2.0",
      "measurementUnitPrice": 44.75,
      "measurementUnit": "K",
      "isRedPrice": false,
      "pricePerUOM": 44.75,
      "activationDate": "23-03-2024",
      "recordSource": "Offline",
      "isPromoActive": "N",
      "priceChangeCode": "H"
    },
    "isAvailable": true,
    "isPriceAvailable": true,
    "inPromo": false,
    "gtin": [
      "04030300022613",
      "05400787035816",
      "05400787035755"
    ],
    "topCategoryName": "Koeken/Chocolade/Snoep",
    "topCategoryId": "335",
    "businessDomain": "RETAIL_BE",
    "IsPrivateLabel": false,
    "IsBiffe": false,
    "WeightconversionFactor": "0",
    "IsWeightArticle": false,
    "nutriscoreLabel": "B",
    "IsBio": false,
    "CountryOfOrigin": "DUITSLAND",
    "IsExclusivelySoldInLuxembourg": false,
    "OrderUnit": "P",
    "ShortName": "VICKS BLUE ZS BOX 40GR",
    "IsNew": false,
    "EcoscoreLabel": "B",
    "RecentQuanityOfStockUnits": "1,20,2",
    "LongName": "VICKS BLUE munt box suikervrij 40g",
    "AlcoholVolume": "0",
    "FicCode": "E",
    "EcoscoreValue": "66"
  },
  {
    "productId": "804901",
    "technicalArticleNumber": "4622469",
    "commercialArticleNumber": "1108",
    "name": "choco chips",
    "brand": "ALISA'S COOKIES",
    "seoBrand": "Alisa's cookies",
    "thumbNail": "https://static.colruytgroup.com/images/200x200/std.lang.all/16/89/asset-2921689.jpg",
    "fullImage": "https://static.colruytgroup.com/images/500x500/std.lang.all/16/89/asset-2921689.jpg",
    "squareImage": "https://static.colruytgroup.com/images/500x500sq/std.lang.all/16/89/asset-2921689.jpg",
    "content": "180g",
    "walkRouteSequenceNumber": 2043,
    "price": {
      "basicPrice": 2.99,
      "recommendedQuantity": "1.0",
      "measurementUnitPrice": 16.62,
      "measurementUnit": "K",
      "isRedPrice": false,
      "pricePerUOM": 16.62,
      "activationDate": "02-03-2023",
      "isPromoActive": "N",
      "priceChangeCode": "H"
    },
    "isAvailable": true,
    "isPriceAvailable": true,
    "inPromo": false,
    "gtin": [
      "05407008810672",
      "15407008810679"
    ],
    "topCategoryName": "Koeken/Chocolade/Snoep",
    "topCategoryId": "335",
    "businessDomain": "RETAIL_BE",
    "IsPrivateLabel": false,
    "IsBiffe": false,
    "WeightconversionFactor": "0",
    "IsWeightArticle": false,
    "nutriscoreLabel": "E",
    "IsBio": false,
    "CountryOfOrigin": "BELGIË",
    "IsExclusivelySoldInLuxembourg": false,
    "OrderUnit": "P",
    "ShortName": "ALCO CHOCO CHIPS 180G",
    "IsNew": false,
    "EcoscoreLabel": "C",
    "RecentQuanityOfStockUnits": "1",
    "LongName": "ALISA'S COOKIES choco chips 180g",
    "FicCode": "E",
    "EcoscoreValue": "45"
  },
  {
    "productId": "441521",
    "technicalArticleNumber": "3976865",
    "commercialArticleNumber": "3586",
    "name": "Bouchée Truffée Puur",
    "brand": "CÔTE D'OR",
    "seoBrand": "Côte d'Or",
    "thumbNail": "https://static.colruytgroup.com/images/200x200/std.lang.all/63/91/asset-2116391.jpg",
    "fullImage": "https://static.colruytgroup.com/images/500x500/std.lang.all/63/91/asset-2116391.jpg",
    "squareImage": "https://static.colruytgroup.com/images/500x500sq/std.lang.all/63/91/asset-2116391.jpg",
    "content": "8x19,5g",
    "walkRouteSequenceNumber": 4567,
    "price": {
      "basicPrice": 5.59,
      "recommendedQuantity": "1.0",
      "measurementUnitPrice": 35.84,
      "measurementUnit": "K",
      "isRedPrice": false,
      "pricePerUOM": 35.84,
      "activationDate": "29-02-2024",
      "recordSource": "Offline",
      "isPromoActive": "N",
      "priceChangeCode": "E"
    },
    "isAvailable": true,
    "isPriceAvailable": true,
    "inPromo": false,
    "gtin": [
      "07622210117823",
      "07622210117830"
    ],
    "topCategoryName": "Koeken/Chocolade/Snoep",
    "topCategoryId": "335",
    "businessDomain": "RETAIL_BE",
    "IsPrivateLabel": false,
    "IsBiffe": false,
    "WeightconversionFactor": "0",
    "IsWeightArticle": false,
    "nutriscoreLabel": "E",
    "IsBio": false,
    "CountryOfOrigin": "SLOWAKIJE",
    "IsExclusivelySoldInLuxembourg": false,
    "OrderUnit": "P",
    "ShortName": "CDO BOUCHEE TRUFFE 156G",
    "InSeason": true,
    "IsNew": false,
    "RecentQuanityOfStockUnits": "1",
    "LongName": "CÔTE D'OR Bouchée Truffée Puur 8x19,5g",
    "StartSeasonDate": "30/06/2023",
    "FicCode": "E"
  },
  {
    "productId": "344012",
    "technicalArticleNumber": "3818731",
    "commercialArticleNumber": "18703",
    "name": "crème tablet pistache",
    "brand": "JACQUES",
    "seoBrand": "Jacques",
    "thumbNail": "https://static.colruytgroup.com/images/200x200/std.lang.all/19/02/asset-2461902.jpg",
    "fullImage": "https://static.colruytgroup.com/images/500x500/std.lang.all/19/02/asset-2461902.jpg",
    "squareImage": "https://static.colruytgroup.com/images/500x500sq/std.lang.all/19/02/asset-2461902.jpg",
    "content": "200g",
    "walkRouteSequenceNumber": 1349,
    "price": {
      "basicPrice": 2.95,
      "recommendedQuantity": "1.0",
      "measurementUnitPrice": 14.75,
      "measurementUnit": "K",
      "isRedPrice": false,
      "pricePerUOM": 14.75,
      "activationDate": "22-03-2024",
      "recordSource": "Offline",
      "isPromoActive": "N",
      "priceChangeCode": "L"
    },
    "isAvailable": true,
    "isPriceAvailable": true,
    "inPromo": false,
    "gtin": [
      "05410059448107",
      "05410059756219"
    ],
    "topCategoryName": "Koeken/Chocolade/Snoep",
    "topCategoryId": "335",
    "businessDomain": "RETAIL_BE",
    "IsPrivateLabel": false,
    "IsBiffe": false,
    "WeightconversionFactor": "0",
    "IsWeightArticle": false,
    "nutriscoreLabel": "E",
    "IsBio": false,
    "CountryOfOrigin": "BELGIË",
    "IsExclusivelySoldInLuxembourg": false,
    "OrderUnit": "P",
    "ShortName": "JACQ CR.TABLET PIST.200",
    "IsNew": false,
    "EcoscoreLabel": "D",
    "RecentQuanityOfStockUnits": "1",
    "LongName": "JACQUES crème tablet pistache 200g",
    "AlcoholVolume": "0",
    "FicCode": "E",
    "EcoscoreValue": "25"
  },
  {
    "productId": "914205",
    "technicalArticleNumber": "4759898",
    "commercialArticleNumber": "9455",
    "name": "Salted caramel",
    "brand": "M&M'S",
    "seoBrand": "M&M's",
    "thumbNail": "https://static.colruytgroup.com/images/200x200/std.lang.all/61/72/asset-3346172.jpg",
    "fullImage": "https://static.colruytgroup.com/images/500x500/std.lang.all/61/72/asset-3346172.jpg",
    "squareImage": "https://static.colruytgroup.com/images/500x500sq/std.lang.all/61/72/asset-3346172.jpg",
    "content": "367g",
    "walkRouteSequenceNumber": 1507,
    "price": {
      "basicPrice": 2.99,
      "recommendedQuantity": "1.0",
      "measurementUnitPrice": 8.15,
      "measurementUnit": "K",
      "isRedPrice": false,
      "pricePerUOM": 8.15,
      "activationDate": "23-03-2024",
      "recordSource": "Folder",
      "isPromoActive": "N",
      "priceChangeCode": "E"
    },
    "isAvailable": true,
    "isPriceAvailable": true,
    "inPromo": false,
    "gtin": [
      "05400141867220",
      "05900951290718",
      "05900951290701"
    ],
    "topCategoryName": "Koeken/Chocolade/Snoep",
    "topCategoryId": "335",
    "businessDomain": "RETAIL_BE",
    "IsPrivateLabel": false,
    "IsBiffe": false,
    "WeightconversionFactor": "0",
    "IsWeightArticle": false,
    "nutriscoreLabel": "E",
    "IsBio": false,
    "CountryOfOrigin": "POLEN",
    "IsExclusivelySoldInLuxembourg": false,
    "OrderUnit": "P",
    "ShortName": "M&MS SALTED CARAMEL367G",
    "IsNew": false,
    "RecentQuanityOfStockUnits": "1,2",
    "LongName": "M&M'S Salted caramel 367g",
    "FicCode": "E"
  },
  {
    "productId": "644427",
    "technicalArticleNumber": "4339679",
    "commercialArticleNumber": "2136",
    "name": "Original | Crunchies",
    "brand": "OREO",
    "seoBrand": "Oreo",
    "thumbNail": "https://static.colruytgroup.com/images/200x200/std.lang.all/93/81/asset-2249381.jpg",
    "fullImage": "https://static.colruytgroup.com/images/500x500/std.lang.all/93/81/asset-2249381.jpg",
    "squareImage": "https://static.colruytgroup.com/images/500x500sq/std.lang.all/93/81/asset-2249381.jpg",
    "content": "110g",
    "walkRouteSequenceNumber": 2218,
    "price": {
      "basicPrice": 1.99,
      "recommendedQuantity": "1.0",
      "measurementUnitPrice": 18.1,
      "measurementUnit": "K",
      "isRedPrice": false,
      "pricePerUOM": 18.1,
      "activationDate": "29-02-2024",
      "recordSource": "Offline",
      "isPromoActive": "N",
      "priceChangeCode": "E"
    },
    "isAvailable": true,
    "isPriceAvailable": true,
    "inPromo": false,
    "gtin": [
      "07622201123888",
      "07622201123864"
    ],
    "topCategoryName": "Koeken/Chocolade/Snoep",
    "topCategoryId": "335",
    "businessDomain": "RETAIL_BE",
    "IsPrivateLabel": false,
    "IsBiffe": false,
    "WeightconversionFactor": "0",
    "IsWeightArticle": false,
    "nutriscoreLabel": "E",
    "IsBio": false,
    "CountryOfOrigin": "SPANJE",
    "IsExclusivelySoldInLuxembourg": false,
    "OrderUnit": "P",
    "ShortName": "OREO CRUNCHIES ORIG110G",
    "IsNew": false,
    "RecentQuanityOfStockUnits": "8,1",
    "LongName": "OREO Original | Crunchies 110g",
    "FicCode": "E"
  },
  {
    "productId": "783517",
    "technicalArticleNumber": "4581903",
    "commercialArticleNumber": "6219",
    "name": "speculoos",
    "brand": "CRUMBEL",
    "seoBrand": "Crumbel",
    "thumbNail": "https://static.colruytgroup.com/images/200x200/std.lang.all/57/19/asset-2895719.jpg",
    "fullImage": "https://static.colruytgroup.com/images/500x500/std.lang.all/57/19/asset-2895719.jpg",
    "squareImage": "https://static.colruytgroup.com/images/500x500sq/std.lang.all/57/19/asset-2895719.jpg",
    "content": "260g",
    "walkRouteSequenceNumber": 2041,
    "price": {
      "basicPrice": 3.29,
      "recommendedQuantity": "1.0",
      "measurementUnitPrice": 12.66,
      "measurementUnit": "K",
      "isRedPrice": false,
      "pricePerUOM": 12.66,
      "activationDate": "06-03-2024",
      "recordSource": "Offline",
      "isPromoActive": "N",
      "priceChangeCode": "E"
    },
    "isAvailable": true,
    "isPriceAvailable": true,
    "inPromo": false,
    "gtin": [
      "05425026054373",
      "05425026054380"
    ],
    "topCategoryName": "Brood/Ontbijt",
    "topCategoryId": "124",
    "businessDomain": "RETAIL_BE",
    "IsPrivateLabel": false,
    "IsBiffe": false,
    "WeightconversionFactor": "0",
    "IsWeightArticle": false,
    "nutriscoreLabel": "E",
    "IsBio": false,
    "CountryOfOrigin": "BELGIË",
    "IsExclusivelySoldInLuxembourg": false,
    "OrderUnit": "P",
    "ShortName": "CRUM SPECULOOS 260G",
    "IsNew": false,
    "EcoscoreLabel": "B",
    "RecentQuanityOfStockUnits": "1",
    "LongName": "CRUMBEL speculoos 260g",
    "FicCode": "E",
    "EcoscoreValue": "72"
  },
  {
    "productId": "105769",
    "technicalArticleNumber": "3099079",
    "commercialArticleNumber": "43228",
    "name": "pastille bergmunt suikervrij",
    "brand": "RICOLA",
    "seoBrand": "Ricola",
    "thumbNail": "https://static.colruytgroup.com/images/200x200/std.lang.all/85/74/asset-3028574.jpg",
    "fullImage": "https://static.colruytgroup.com/images/500x500/std.lang.all/85/74/asset-3028574.jpg",
    "squareImage": "https://static.colruytgroup.com/images/500x500sq/std.lang.all/85/74/asset-3028574.jpg",
    "content": "50g",
    "walkRouteSequenceNumber": 18352,
    "price": {
      "basicPrice": 2.19,
      "recommendedQuantity": "2.0",
      "measurementUnitPrice": 43.8,
      "measurementUnit": "K",
      "isRedPrice": false,
      "pricePerUOM": 43.8,
      "activationDate": "03-01-2024",
      "isPromoActive": "N",
      "priceChangeCode": "H"
    },
    "isAvailable": true,
    "isPriceAvailable": true,
    "inPromo": false,
    "gtin": [
      "07610700626603",
      "03174332024809",
      "03174332024700",
      "07610700021484",
      "07610700021477"
    ],
    "topCategoryName": "Koeken/Chocolade/Snoep",
    "topCategoryId": "335",
    "businessDomain": "RETAIL_BE",
    "IsPrivateLabel": false,
    "IsBiffe": false,
    "WeightconversionFactor": "0",
    "IsWeightArticle": false,
    "nutriscoreLabel": "B",
    "IsBio": false,
    "CountryOfOrigin": "ZWITSERLAND",
    "IsExclusivelySoldInLuxembourg": false,
    "OrderUnit": "P",
    "ShortName": "RICOLA BERGMINT 50GRAM",
    "IsNew": false,
    "EcoscoreLabel": "B",
    "RecentQuanityOfStockUnits": "1,2,2",
    "LongName": "RICOLA pastille bergmunt suikervrij 50g",
    "AlcoholVolume": "0",
    "FicCode": "E",
    "EcoscoreValue": "66"
  },
  {
    "productId": "250323",
    "technicalArticleNumber": "3673337",
    "commercialArticleNumber": "43462",
    "name": "Spearmint 70st",
    "brand": "STIMOROL",
    "seoBrand": "Stimorol",
    "thumbNail": "https://static.colruytgroup.com/images/200x200/std.lang.all/38/42/asset-1223842.jpg",
    "fullImage": "https://static.colruytgroup.com/images/500x500/std.lang.all/38/42/asset-1223842.jpg",
    "squareImage": "https://static.colruytgroup.com/images/500x500sq/std.lang.all/38/42/asset-1223842.jpg",
    "content": "102g",
    "walkRouteSequenceNumber": 18335,
    "price": {
      "basicPrice": 3.95,
      "recommendedQuantity": "1.0",
      "measurementUnitPrice": 0.057,
      "measurementUnit": "S",
      "isRedPrice": false,
      "pricePerUOM": 0.057,
      "activationDate": "20-03-2024",
      "recordSource": "Offline",
      "isPromoActive": "N",
      "priceChangeCode": "H"
    },
    "isAvailable": true,
    "isPriceAvailable": true,
    "inPromo": false,
    "gtin": [
      "07622210377142",
      "07622300771706",
      "07622300771713"
    ],
    "topCategoryName": "Koeken/Chocolade/Snoep",
    "topCategoryId": "335",
    "businessDomain": "RETAIL_BE",
    "IsPrivateLabel": false,
    "IsBiffe": false,
    "WeightconversionFactor": "0",
    "IsWeightArticle": false,
    "nutriscoreLabel": "B",
    "IsBio": false,
    "CountryOfOrigin": "FRANKRIJK",
    "IsExclusivelySoldInLuxembourg": false,
    "OrderUnit": "P",
    "ShortName": "STIM BOTTLE SPRMINT70S",
    "IsNew": false,
    "RecentQuanityOfStockUnits": "1",
    "LongName": "STIMOROL Spearmint 70st 102g",
    "AlcoholVolume": "0",
    "FicCode": "E"
  },
  {
    "productId": "334665",
    "technicalArticleNumber": "3806922",
    "commercialArticleNumber": "14596",
    "name": "Clean Breath intens mint",
    "brand": "FRISK",
    "seoBrand": "Frisk",
    "thumbNail": "https://static.colruytgroup.com/images/200x200/std.lang.all/05/93/asset-1450593.jpg",
    "fullImage": "https://static.colruytgroup.com/images/500x500/std.lang.all/05/93/asset-1450593.jpg",
    "squareImage": "https://static.colruytgroup.com/images/500x500sq/std.lang.all/05/93/asset-1450593.jpg",
    "content": "35g",
    "walkRouteSequenceNumber": 18345,
    "price": {
      "basicPrice": 2.69,
      "recommendedQuantity": "1.0",
      "quantityPrice": 2.24,
      "quantityPriceQuantity": "2.0",
      "measurementUnitPrice": 76.86,
      "measurementUnitQuantityPrice": 64,
      "measurementUnit": "K",
      "isRedPrice": false,
      "pricePerUOM": 76.86,
      "activationDate": "02-03-2024",
      "recordSource": "Offline",
      "isPromoActive": "N",
      "priceChangeCode": "L",
      "quantityPricePerUOM": 64,
      "quantityActivationDate": "02-03-2024",
      "quantityPriceChangeCode": "E"
    },
    "isAvailable": true,
    "isPriceAvailable": true,
    "inPromo": false,
    "gtin": [
      "05412841606498",
      "05412841606474",
      "00000054138384"
    ],
    "topCategoryName": "Koeken/Chocolade/Snoep",
    "topCategoryId": "335",
    "businessDomain": "RETAIL_BE",
    "IsPrivateLabel": false,
    "IsBiffe": false,
    "WeightconversionFactor": "0",
    "IsWeightArticle": false,
    "nutriscoreLabel": "C",
    "IsBio": false,
    "CountryOfOrigin": "TURKIJE",
    "IsExclusivelySoldInLuxembourg": false,
    "OrderUnit": "P",
    "ShortName": "FRIS CL.BR.INT.MINT35G",
    "IsNew": false,
    "EcoscoreLabel": "B",
    "RecentQuanityOfStockUnits": "1,12",
    "LongName": "FRISK Clean Breath intens mint 35g",
    "AlcoholVolume": "0",
    "FicCode": "E",
    "EcoscoreValue": "66"
  },
  {
    "productId": "67526",
    "technicalArticleNumber": "2773674",
    "commercialArticleNumber": "42388",
    "name": "koek amandelbrood",
    "brand": "JULES DESTROOPER",
    "seoBrand": "Jules Destrooper",
    "thumbNail": "https://static.colruytgroup.com/images/200x200/std.lang.all/09/84/asset-2140984.jpg",
    "fullImage": "https://static.colruytgroup.com/images/500x500/std.lang.all/09/84/asset-2140984.jpg",
    "squareImage": "https://static.colruytgroup.com/images/500x500sq/std.lang.all/09/84/asset-2140984.jpg",
    "content": "350g",
    "walkRouteSequenceNumber": 2088,
    "price": {
      "basicPrice": 5.37,
      "recommendedQuantity": "1.0",
      "measurementUnitPrice": 15.35,
      "measurementUnit": "K",
      "isRedPrice": false,
      "pricePerUOM": 15.35,
      "activationDate": "20-03-2024",
      "recordSource": "Folder",
      "isPromoActive": "N",
      "priceChangeCode": "L"
    },
    "isAvailable": true,
    "isPriceAvailable": true,
    "inPromo": false,
    "gtin": [
      "05410471903475",
      "15410471903472"
    ],
    "topCategoryName": "Koeken/Chocolade/Snoep",
    "topCategoryId": "335",
    "businessDomain": "RETAIL_BE",
    "IsPrivateLabel": false,
    "IsBiffe": false,
    "WeightconversionFactor": "0",
    "IsWeightArticle": false,
    "nutriscoreLabel": "E",
    "IsBio": false,
    "CountryOfOrigin": "BELGIË",
    "IsExclusivelySoldInLuxembourg": false,
    "OrderUnit": "P",
    "ShortName": "JDS AMANDELBROOD 350G",
    "IsNew": false,
    "EcoscoreLabel": "C",
    "RecentQuanityOfStockUnits": "1",
    "LongName": "JULES DESTROOPER koek amandelbrood 350g",
    "AlcoholVolume": "0",
    "FicCode": "E",
    "EcoscoreValue": "41"
  },
  {
    "productId": "848894",
    "technicalArticleNumber": "4696236",
    "commercialArticleNumber": "30731",
    "name": "Moelleux Aardbei",
    "brand": "BELVITA",
    "seoBrand": "LU belVita",
    "thumbNail": "https://static.colruytgroup.com/images/200x200/std.lang.all/68/71/asset-3036871.jpg",
    "fullImage": "https://static.colruytgroup.com/images/500x500/std.lang.all/68/71/asset-3036871.jpg",
    "squareImage": "https://static.colruytgroup.com/images/500x500sq/std.lang.all/68/71/asset-3036871.jpg",
    "content": "5x50g",
    "walkRouteSequenceNumber": 2319,
    "price": {
      "basicPrice": 3.49,
      "recommendedQuantity": "1.0",
      "measurementUnitPrice": 13.96,
      "measurementUnit": "K",
      "isRedPrice": false,
      "pricePerUOM": 13.96,
      "activationDate": "14-03-2024",
      "recordSource": "Offline",
      "isPromoActive": "N",
      "priceChangeCode": "E"
    },
    "isAvailable": true,
    "isPriceAvailable": true,
    "inPromo": false,
    "gtin": [
      "07622210771049",
      "07622210771056"
    ],
    "topCategoryName": "Brood/Ontbijt",
    "topCategoryId": "124",
    "businessDomain": "RETAIL_BE",
    "IsPrivateLabel": false,
    "IsBiffe": false,
    "WeightconversionFactor": "0",
    "IsWeightArticle": false,
    "nutriscoreLabel": "C",
    "IsBio": false,
    "CountryOfOrigin": "TSJECHIË (REPUBLIEK)",
    "IsExclusivelySoldInLuxembourg": false,
    "OrderUnit": "P",
    "ShortName": "BELV SOF.FILL.AARD.5X50",
    "IsNew": false,
    "RecentQuanityOfStockUnits": "1",
    "LongName": "BELVITA Moelleux Aardbei 5x50g",
    "FicCode": "E"
  },
  {
    "productId": "1486",
    "technicalArticleNumber": "20116",
    "commercialArticleNumber": "20116",
    "name": "melk nootjes",
    "description": "*Belgische chocolade",
    "brand": "CÔTE D'OR",
    "seoBrand": "Côte d'Or",
    "thumbNail": "https://static.colruytgroup.com/images/200x200/std.lang.all/55/83/asset-345583.jpg",
    "fullImage": "https://static.colruytgroup.com/images/500x500/std.lang.all/55/83/asset-345583.jpg",
    "squareImage": "https://static.colruytgroup.com/images/500x500sq/std.lang.all/55/83/asset-345583.jpg",
    "content": "150g",
    "walkRouteSequenceNumber": 1412,
    "price": {
      "basicPrice": 2.59,
      "recommendedQuantity": "3.0",
      "measurementUnitPrice": 17.27,
      "measurementUnit": "K",
      "isRedPrice": false,
      "pricePerUOM": 17.27,
      "activationDate": "06-03-2024",
      "recordSource": "Offline",
      "isPromoActive": "N",
      "priceChangeCode": "H"
    },
    "isAvailable": true,
    "isPriceAvailable": true,
    "inPromo": false,
    "gtin": [
      "07622201030162",
      "07622201030278",
      "05410081201053",
      "05410081231050"
    ],
    "topCategoryName": "Koeken/Chocolade/Snoep",
    "topCategoryId": "335",
    "businessDomain": "RETAIL_BE",
    "IsPrivateLabel": false,
    "IsBiffe": false,
    "WeightconversionFactor": "0",
    "IsWeightArticle": false,
    "nutriscoreLabel": "E",
    "IsBio": false,
    "CountryOfOrigin": "BELGIË",
    "IsExclusivelySoldInLuxembourg": false,
    "OrderUnit": "P",
    "ShortName": "CD MELK NOOTJES 150 GR.",
    "IsNew": false,
    "RecentQuanityOfStockUnits": "3,1",
    "LongName": "CÔTE D'OR melk nootjes 150g",
    "AlcoholVolume": "0",
    "FicCode": "E"
  },
  {
    "productId": "782928",
    "technicalArticleNumber": "4580628",
    "commercialArticleNumber": "5469",
    "name": "melk hazelnoot crunch",
    "description": "*Belgische chocolade\n*Fairtrade",
    "brand": "TONY'S",
    "seoBrand": "Tony's Chocolonely",
    "thumbNail": "https://static.colruytgroup.com/images/200x200/std.lang.all/93/57/asset-2809357.jpg",
    "fullImage": "https://static.colruytgroup.com/images/500x500/std.lang.all/93/57/asset-2809357.jpg",
    "squareImage": "https://static.colruytgroup.com/images/500x500sq/std.lang.all/93/57/asset-2809357.jpg",
    "content": "180g",
    "walkRouteSequenceNumber": 1354,
    "price": {
      "basicPrice": 2.89,
      "recommendedQuantity": "1.0",
      "measurementUnitPrice": 16.06,
      "measurementUnit": "K",
      "isRedPrice": false,
      "pricePerUOM": 16.06,
      "activationDate": "13-03-2024",
      "recordSource": "Offline",
      "isPromoActive": "N",
      "priceChangeCode": "E"
    },
    "isAvailable": true,
    "isPriceAvailable": true,
    "inPromo": false,
    "gtin": [
      "08720701140080",
      "08720701140097"
    ],
    "topCategoryName": "Koeken/Chocolade/Snoep",
    "topCategoryId": "335",
    "businessDomain": "RETAIL_BE",
    "IsPrivateLabel": false,
    "IsBiffe": false,
    "WeightconversionFactor": "0",
    "IsWeightArticle": false,
    "nutriscoreLabel": "E",
    "IsBio": false,
    "CountryOfOrigin": "BELGIË",
    "IsExclusivelySoldInLuxembourg": false,
    "OrderUnit": "P",
    "ShortName": "TONY MELK HAZELN.CR.180",
    "IsNew": false,
    "EcoscoreLabel": "D",
    "RecentQuanityOfStockUnits": "1",
    "LongName": "TONY'S melk hazelnoot crunch 180g",
    "FicCode": "E",
    "EcoscoreValue": "28"
  },
  {
    "productId": "259589",
    "technicalArticleNumber": "3596952",
    "commercialArticleNumber": "51030",
    "name": "99% cacao",
    "description": "*99% cacao",
    "brand": "LINDT EXCELLENCE",
    "seoBrand": "Lindt",
    "thumbNail": "https://static.colruytgroup.com/images/200x200/std.lang.all/31/26/asset-1113126.jpg",
    "fullImage": "https://static.colruytgroup.com/images/500x500/std.lang.all/31/26/asset-1113126.jpg",
    "squareImage": "https://static.colruytgroup.com/images/500x500sq/std.lang.all/31/26/asset-1113126.jpg",
    "content": "50g",
    "walkRouteSequenceNumber": 1381,
    "price": {
      "basicPrice": 3.29,
      "recommendedQuantity": "1.0",
      "measurementUnitPrice": 65.8,
      "measurementUnit": "K",
      "isRedPrice": false,
      "pricePerUOM": 65.8,
      "activationDate": "20-02-2024",
      "recordSource": "Offline",
      "isPromoActive": "N",
      "priceChangeCode": "E"
    },
    "isAvailable": true,
    "isPriceAvailable": true,
    "inPromo": false,
    "gtin": [
      "03046920028721",
      "03046920128735"
    ],
    "topCategoryName": "Koeken/Chocolade/Snoep",
    "topCategoryId": "335",
    "businessDomain": "RETAIL_BE",
    "IsPrivateLabel": false,
    "IsBiffe": false,
    "WeightconversionFactor": "0",
    "IsWeightArticle": false,
    "nutriscoreLabel": "D",
    "IsBio": false,
    "CountryOfOrigin": "DUITSLAND",
    "IsExclusivelySoldInLuxembourg": false,
    "OrderUnit": "P",
    "ShortName": "LINDT EXCELLENCE 99% 50",
    "IsNew": false,
    "EcoscoreLabel": "E",
    "RecentQuanityOfStockUnits": "1",
    "LongName": "LINDT EXCELLENCE 99% cacao 50g",
    "AlcoholVolume": "0",
    "FicCode": "E",
    "EcoscoreValue": "15"
  },
  {
    "productId": "746681",
    "technicalArticleNumber": "4515303",
    "commercialArticleNumber": "1069",
    "name": "chocolade kip met eitjes",
    "brand": "LIBEERT",
    "seoBrand": "Libeert",
    "thumbNail": "https://static.colruytgroup.com/images/200x200/std.lang.all/03/42/asset-3170342.jpg",
    "fullImage": "https://static.colruytgroup.com/images/500x500/std.lang.all/03/42/asset-3170342.jpg",
    "squareImage": "https://static.colruytgroup.com/images/500x500sq/std.lang.all/03/42/asset-3170342.jpg",
    "content": "230g",
    "walkRouteSequenceNumber": 1484,
    "price": {
      "basicPrice": 7.99,
      "recommendedQuantity": "1.0",
      "measurementUnitPrice": 34.74,
      "measurementUnit": "K",
      "isRedPrice": false,
      "pricePerUOM": 34.74,
      "activationDate": "14-03-2024",
      "recordSource": "Offline",
      "isPromoActive": "N",
      "priceChangeCode": "E"
    },
    "isAvailable": true,
    "isPriceAvailable": true,
    "inPromo": false,
    "gtin": [
      "05411901963472",
      "05411901603668"
    ],
    "topCategoryName": "Koeken/Chocolade/Snoep",
    "topCategoryId": "335",
    "businessDomain": "RETAIL_BE",
    "IsPrivateLabel": false,
    "IsBiffe": false,
    "WeightconversionFactor": "0",
    "IsWeightArticle": false,
    "nutriscoreLabel": "E",
    "IsBio": false,
    "CountryOfOrigin": "BELGIË",
    "IsExclusivelySoldInLuxembourg": false,
    "OrderUnit": "P",
    "ShortName": "LIBE KIP CHOC.EITJES230",
    "InSeason": true,
    "IsNew": false,
    "EcoscoreLabel": "C",
    "RecentQuanityOfStockUnits": "1,13",
    "LongName": "LIBEERT chocolade kip met eitjes 230g",
    "AlcoholVolume": "0",
    "StartSeasonDate": "25/10/2023",
    "FicCode": "E",
    "EcoscoreValue": "40"
  },
  {
    "productId": "825600",
    "technicalArticleNumber": "4662505",
    "commercialArticleNumber": "29894",
    "name": "surffizz fruits",
    "brand": "LUTTI",
    "seoBrand": "Lutti",
    "thumbNail": "https://static.colruytgroup.com/images/200x200/std.lang.all/56/97/asset-2935697.jpg",
    "fullImage": "https://static.colruytgroup.com/images/500x500/std.lang.all/56/97/asset-2935697.jpg",
    "squareImage": "https://static.colruytgroup.com/images/500x500sq/std.lang.all/56/97/asset-2935697.jpg",
    "content": "100g",
    "walkRouteSequenceNumber": 1624,
    "price": {
      "basicPrice": 1.85,
      "recommendedQuantity": "1.0",
      "measurementUnitPrice": 18.5,
      "measurementUnit": "K",
      "isRedPrice": false,
      "pricePerUOM": 18.5,
      "activationDate": "22-03-2024",
      "isPromoActive": "N",
      "priceChangeCode": "L"
    },
    "isAvailable": true,
    "isPriceAvailable": true,
    "inPromo": false,
    "gtin": [
      "03116742064860",
      "03116740032427"
    ],
    "topCategoryName": "Koeken/Chocolade/Snoep",
    "topCategoryId": "335",
    "businessDomain": "RETAIL_BE",
    "IsPrivateLabel": false,
    "IsBiffe": false,
    "WeightconversionFactor": "0",
    "IsWeightArticle": false,
    "nutriscoreLabel": "E",
    "IsBio": false,
    "CountryOfOrigin": "FRANKRIJK",
    "IsExclusivelySoldInLuxembourg": false,
    "OrderUnit": "P",
    "ShortName": "LUTT SURFFIZZ FRUITS100",
    "IsNew": false,
    "EcoscoreLabel": "C",
    "RecentQuanityOfStockUnits": "1",
    "LongName": "LUTTI surffizz fruits 100g",
    "FicCode": "E",
    "EcoscoreValue": "42"
  },
  {
    "productId": "1474",
    "technicalArticleNumber": "20024",
    "commercialArticleNumber": "20024",
    "name": "Mignonnette noir de noir",
    "description": "*Min. 54 %\ncacaobestanddelen\n*Belgische chocolade",
    "brand": "CÔTE D'OR",
    "seoBrand": "Côte d'Or Mignonnette",
    "thumbNail": "https://static.colruytgroup.com/images/200x200/std.lang.all/92/81/asset-359281.jpg",
    "fullImage": "https://static.colruytgroup.com/images/500x500/std.lang.all/92/81/asset-359281.jpg",
    "squareImage": "https://static.colruytgroup.com/images/500x500sq/std.lang.all/92/81/asset-359281.jpg",
    "content": "1,2kg",
    "walkRouteSequenceNumber": 1215,
    "price": {
      "basicPrice": 23.05,
      "recommendedQuantity": "1.0",
      "measurementUnitPrice": 19.21,
      "measurementUnit": "K",
      "isRedPrice": false,
      "pricePerUOM": 19.21,
      "activationDate": "01-03-2024",
      "isPromoActive": "N",
      "priceChangeCode": "H"
    },
    "isAvailable": true,
    "isPriceAvailable": true,
    "inPromo": false,
    "gtin": [
      "07622200007790",
      "07622200867660"
    ],
    "topCategoryName": "Koeken/Chocolade/Snoep",
    "topCategoryId": "335",
    "businessDomain": "RETAIL_BE",
    "IsPrivateLabel": false,
    "IsBiffe": false,
    "WeightconversionFactor": "0",
    "IsWeightArticle": false,
    "IsBio": false,
    "CountryOfOrigin": "BELGIË",
    "IsExclusivelySoldInLuxembourg": false,
    "OrderUnit": "P",
    "ShortName": "CD 120 MIGN.NOIR DENOIR",
    "IsNew": false,
    "RecentQuanityOfStockUnits": "1",
    "LongName": "CÔTE D'OR Mignonnette noir de noir 1,2kg",
    "AlcoholVolume": "0",
    "FicCode": "E"
  },
  {
    "productId": "1038439",
    "technicalArticleNumber": "4796878",
    "commercialArticleNumber": "35944",
    "name": "Peanut",
    "brand": "LION",
    "seoBrand": "Lion",
    "thumbNail": "https://static.colruytgroup.com/images/200x200/std.lang.all/87/04/asset-3428704.jpg",
    "fullImage": "https://static.colruytgroup.com/images/500x500/std.lang.all/87/04/asset-3428704.jpg",
    "squareImage": "https://static.colruytgroup.com/images/500x500sq/std.lang.all/87/04/asset-3428704.jpg",
    "content": "155g",
    "walkRouteSequenceNumber": 1499,
    "price": {
      "basicPrice": 2.79,
      "recommendedQuantity": "1.0",
      "measurementUnitPrice": 18,
      "measurementUnit": "K",
      "isRedPrice": false,
      "pricePerUOM": 18,
      "activationDate": "13-02-2024",
      "isPromoActive": "N",
      "priceChangeCode": "E"
    },
    "isAvailable": true,
    "isPriceAvailable": true,
    "inPromo": false,
    "gtin": [
      "07613287199584",
      "07613287199577"
    ],
    "topCategoryName": "Koeken/Chocolade/Snoep",
    "topCategoryId": "335",
    "businessDomain": "RETAIL_BE",
    "IsPrivateLabel": false,
    "IsBiffe": false,
    "WeightconversionFactor": "0",
    "IsWeightArticle": false,
    "nutriscoreLabel": "E",
    "IsBio": false,
    "CountryOfOrigin": "POLEN",
    "IsExclusivelySoldInLuxembourg": false,
    "OrderUnit": "P",
    "ShortName": "LION PEANUT 155G",
    "IsNew": true,
    "RecentQuanityOfStockUnits": "1",
    "LongName": "LION Peanut 155g",
    "AlcoholVolume": "0",
    "FicCode": "E"
  },
  {
    "productId": "1431",
    "technicalArticleNumber": "20528",
    "commercialArticleNumber": "20528",
    "name": "nougat zacht",
    "brand": "CARLIER",
    "seoBrand": "Carlier",
    "thumbNail": "https://static.colruytgroup.com/images/200x200/std.lang.all/54/04/asset-2195404.jpg",
    "fullImage": "https://static.colruytgroup.com/images/500x500/std.lang.all/54/04/asset-2195404.jpg",
    "squareImage": "https://static.colruytgroup.com/images/500x500sq/std.lang.all/54/04/asset-2195404.jpg",
    "content": "125g",
    "walkRouteSequenceNumber": 2004,
    "price": {
      "basicPrice": 1.79,
      "recommendedQuantity": "3.0",
      "measurementUnitPrice": 14.32,
      "measurementUnit": "K",
      "isRedPrice": false,
      "pricePerUOM": 14.32,
      "activationDate": "03-01-2024",
      "isPromoActive": "N",
      "priceChangeCode": "H"
    },
    "isAvailable": true,
    "isPriceAvailable": true,
    "inPromo": false,
    "gtin": [
      "05410481003806",
      "05410481053801",
      "05410481103803"
    ],
    "topCategoryName": "Koeken/Chocolade/Snoep",
    "topCategoryId": "335",
    "businessDomain": "RETAIL_BE",
    "IsPrivateLabel": false,
    "IsBiffe": false,
    "WeightconversionFactor": "0",
    "IsWeightArticle": false,
    "nutriscoreLabel": "E",
    "IsBio": false,
    "CountryOfOrigin": "BELGIË",
    "IsExclusivelySoldInLuxembourg": false,
    "OrderUnit": "P",
    "ShortName": "CARL.ZACHTE NOUGAT 125G",
    "IsNew": false,
    "EcoscoreLabel": "D",
    "RecentQuanityOfStockUnits": "3,1",
    "LongName": "CARLIER nougat zacht 125g",
    "AlcoholVolume": "0",
    "FicCode": "E",
    "EcoscoreValue": "38"
  },
  {
    "productId": "912191",
    "technicalArticleNumber": "4759780",
    "commercialArticleNumber": "8878",
    "name": "mini",
    "brand": "MILKYWAY",
    "seoBrand": "Milky Way",
    "thumbNail": "https://static.colruytgroup.com/images/200x200/std.lang.all/24/75/asset-3342475.jpg",
    "fullImage": "https://static.colruytgroup.com/images/500x500/std.lang.all/24/75/asset-3342475.jpg",
    "squareImage": "https://static.colruytgroup.com/images/500x500sq/std.lang.all/24/75/asset-3342475.jpg",
    "content": "333g",
    "walkRouteSequenceNumber": 1510,
    "price": {
      "basicPrice": 2.91,
      "recommendedQuantity": "1.0",
      "measurementUnitPrice": 8.74,
      "measurementUnit": "K",
      "isRedPrice": false,
      "pricePerUOM": 8.74,
      "activationDate": "11-01-2024",
      "recordSource": "Offline",
      "isPromoActive": "N",
      "priceChangeCode": "L"
    },
    "isAvailable": true,
    "isPriceAvailable": true,
    "inPromo": false,
    "gtin": [
      "05000159474085",
      "05000159474078"
    ],
    "topCategoryName": "Koeken/Chocolade/Snoep",
    "topCategoryId": "335",
    "businessDomain": "RETAIL_BE",
    "IsPrivateLabel": false,
    "IsBiffe": false,
    "WeightconversionFactor": "0",
    "IsWeightArticle": false,
    "nutriscoreLabel": "E",
    "IsBio": false,
    "CountryOfOrigin": "NEDERLAND",
    "IsExclusivelySoldInLuxembourg": false,
    "OrderUnit": "P",
    "ShortName": "MILKY WAY MINIS 333G",
    "IsNew": false,
    "RecentQuanityOfStockUnits": "1",
    "LongName": "MILKYWAY mini 333g",
    "AlcoholVolume": "0",
    "FicCode": "E"
  },
  {
    "productId": "149347",
    "technicalArticleNumber": "3307422",
    "commercialArticleNumber": "25495",
    "name": "melkchocolade 32%",
    "description": "Melchocolade",
    "brand": "TONY'S",
    "seoBrand": "Tony's Chocolonely",
    "thumbNail": "https://static.colruytgroup.com/images/200x200/std.lang.all/68/39/asset-1906839.jpg",
    "fullImage": "https://static.colruytgroup.com/images/500x500/std.lang.all/68/39/asset-1906839.jpg",
    "squareImage": "https://static.colruytgroup.com/images/500x500sq/std.lang.all/68/39/asset-1906839.jpg",
    "content": "180g",
    "walkRouteSequenceNumber": 1356,
    "price": {
      "basicPrice": 2.99,
      "recommendedQuantity": "1.0",
      "measurementUnitPrice": 16.62,
      "measurementUnit": "K",
      "isRedPrice": false,
      "pricePerUOM": 16.62,
      "activationDate": "19-03-2024",
      "recordSource": "Offline",
      "isPromoActive": "N",
      "priceChangeCode": "E"
    },
    "isAvailable": true,
    "isPriceAvailable": true,
    "inPromo": false,
    "gtin": [
      "08717677335565",
      "08717677335558"
    ],
    "topCategoryName": "Koeken/Chocolade/Snoep",
    "topCategoryId": "335",
    "businessDomain": "RETAIL_BE",
    "IsPrivateLabel": false,
    "IsBiffe": false,
    "WeightconversionFactor": "0",
    "IsWeightArticle": false,
    "nutriscoreLabel": "E",
    "IsBio": false,
    "CountryOfOrigin": "BELGIË",
    "IsExclusivelySoldInLuxembourg": false,
    "OrderUnit": "P",
    "ShortName": "TONY S MELK 180GR",
    "IsNew": false,
    "EcoscoreLabel": "D",
    "RecentQuanityOfStockUnits": "1",
    "LongName": "TONY'S melkchocolade 32% 180g",
    "AlcoholVolume": "0",
    "FicCode": "E",
    "EcoscoreValue": "28"
  },
  {
    "productId": "304654",
    "technicalArticleNumber": "3725257",
    "commercialArticleNumber": "21497",
    "name": "Spearmint",
    "brand": "FRISK",
    "seoBrand": "Frisk",
    "thumbNail": "https://static.colruytgroup.com/images/200x200/std.lang.all/15/47/asset-1301547.jpg",
    "fullImage": "https://static.colruytgroup.com/images/500x500/std.lang.all/15/47/asset-1301547.jpg",
    "squareImage": "https://static.colruytgroup.com/images/500x500sq/std.lang.all/15/47/asset-1301547.jpg",
    "content": "35g",
    "walkRouteSequenceNumber": 18329,
    "price": {
      "basicPrice": 2.59,
      "recommendedQuantity": "1.0",
      "measurementUnitPrice": 74,
      "measurementUnit": "K",
      "isRedPrice": false,
      "pricePerUOM": 74,
      "activationDate": "12-03-2024",
      "recordSource": "Offline",
      "isPromoActive": "N",
      "priceChangeCode": "L"
    },
    "isAvailable": true,
    "isPriceAvailable": true,
    "inPromo": false,
    "gtin": [
      "08723400818557",
      "08723400757269",
      "00000087311501"
    ],
    "topCategoryName": "Koeken/Chocolade/Snoep",
    "topCategoryId": "335",
    "businessDomain": "RETAIL_BE",
    "IsPrivateLabel": false,
    "IsBiffe": false,
    "WeightconversionFactor": "0",
    "IsWeightArticle": false,
    "nutriscoreLabel": "C",
    "IsBio": false,
    "CountryOfOrigin": "SPANJE",
    "IsExclusivelySoldInLuxembourg": false,
    "OrderUnit": "P",
    "ShortName": "FRIS SPEARMINT 35G",
    "IsNew": false,
    "EcoscoreLabel": "B",
    "RecentQuanityOfStockUnits": "1,12,24",
    "LongName": "FRISK Spearmint 35g",
    "AlcoholVolume": "0",
    "FicCode": "E",
    "EcoscoreValue": "66"
  },
  {
    "productId": "82821",
    "technicalArticleNumber": "2925656",
    "commercialArticleNumber": "12689",
    "name": "Classic",
    "brand": "SUGUS",
    "seoBrand": "Sugus",
    "thumbNail": "https://static.colruytgroup.com/images/200x200/std.lang.all/69/56/asset-366956.jpg",
    "fullImage": "https://static.colruytgroup.com/images/500x500/std.lang.all/69/56/asset-366956.jpg",
    "squareImage": "https://static.colruytgroup.com/images/500x500sq/std.lang.all/69/56/asset-366956.jpg",
    "content": "400g",
    "walkRouteSequenceNumber": 1995,
    "price": {
      "basicPrice": 6.25,
      "recommendedQuantity": "1.0",
      "measurementUnitPrice": 15.63,
      "measurementUnit": "K",
      "isRedPrice": false,
      "pricePerUOM": 15.63,
      "activationDate": "13-03-2024",
      "recordSource": "Offline",
      "isPromoActive": "N",
      "priceChangeCode": "E"
    },
    "isAvailable": true,
    "isPriceAvailable": true,
    "inPromo": false,
    "gtin": [
      "04009900403580",
      "04009900403573",
      "04009900540438"
    ],
    "topCategoryName": "Koeken/Chocolade/Snoep",
    "topCategoryId": "335",
    "businessDomain": "RETAIL_BE",
    "IsPrivateLabel": false,
    "IsBiffe": false,
    "WeightconversionFactor": "0",
    "IsWeightArticle": false,
    "nutriscoreLabel": "E",
    "IsBio": false,
    "CountryOfOrigin": "FRANKRIJK",
    "IsExclusivelySoldInLuxembourg": false,
    "OrderUnit": "P",
    "ShortName": "SUGUS FRUITBONBONS 400G",
    "IsNew": false,
    "EcoscoreLabel": "C",
    "RecentQuanityOfStockUnits": "1",
    "LongName": "SUGUS Classic 400g",
    "AlcoholVolume": "0",
    "FicCode": "E",
    "EcoscoreValue": "50"
  },
  {
    "productId": "1436",
    "technicalArticleNumber": "20547",
    "commercialArticleNumber": "20547",
    "name": "melkchocolade pinda's",
    "brand": "M&M'S",
    "seoBrand": "M&M's",
    "thumbNail": "https://static.colruytgroup.com/images/200x200/std.lang.all/81/92/asset-388192.jpg",
    "fullImage": "https://static.colruytgroup.com/images/500x500/std.lang.all/81/92/asset-388192.jpg",
    "squareImage": "https://static.colruytgroup.com/images/500x500sq/std.lang.all/81/92/asset-388192.jpg",
    "content": "10x45g",
    "walkRouteSequenceNumber": 1461,
    "price": {
      "basicPrice": 9.38,
      "recommendedQuantity": "1.0",
      "measurementUnitPrice": 20.85,
      "measurementUnit": "K",
      "isRedPrice": false,
      "pricePerUOM": 20.85,
      "activationDate": "23-03-2024",
      "recordSource": "Offline",
      "isPromoActive": "N",
      "priceChangeCode": "H"
    },
    "isAvailable": true,
    "isPriceAvailable": true,
    "inPromo": false,
    "gtin": [
      "04011100058972",
      "05000159451840",
      "05000159471626"
    ],
    "topCategoryName": "Koeken/Chocolade/Snoep",
    "topCategoryId": "335",
    "businessDomain": "RETAIL_BE",
    "IsPrivateLabel": false,
    "IsBiffe": false,
    "WeightconversionFactor": "0",
    "IsWeightArticle": false,
    "nutriscoreLabel": "E",
    "IsBio": false,
    "CountryOfOrigin": "FRANKRIJK",
    "IsExclusivelySoldInLuxembourg": false,
    "OrderUnit": "P",
    "ShortName": "M&M PINDA MELK 10X45G",
    "InSeason": true,
    "IsNew": false,
    "RecentQuanityOfStockUnits": "1",
    "LongName": "M&M'S melkchocolade pinda's 10x45g",
    "AlcoholVolume": "0",
    "StartSeasonDate": "26/02/2003",
    "FicCode": "E"
  },
  {
    "productId": "1542",
    "technicalArticleNumber": "21840",
    "commercialArticleNumber": "21840",
    "name": "natuurboterwafels",
    "brand": "JULES DESTROOPER",
    "seoBrand": "Jules Destrooper",
    "thumbNail": "https://static.colruytgroup.com/images/200x200/std.lang.all/68/04/asset-2956804.jpg",
    "fullImage": "https://static.colruytgroup.com/images/500x500/std.lang.all/68/04/asset-2956804.jpg",
    "squareImage": "https://static.colruytgroup.com/images/500x500sq/std.lang.all/68/04/asset-2956804.jpg",
    "content": "700g",
    "walkRouteSequenceNumber": 2093,
    "price": {
      "basicPrice": 9.68,
      "recommendedQuantity": "1.0",
      "quantityPrice": 7.33,
      "quantityPriceQuantity": "2.0",
      "measurementUnitPrice": 13.83,
      "measurementUnitQuantityPrice": 10.48,
      "measurementUnit": "K",
      "isRedPrice": false,
      "pricePerUOM": 13.83,
      "activationDate": "20-03-2024",
      "recordSource": "Offline",
      "isPromoActive": "N",
      "priceChangeCode": "E",
      "quantityPricePerUOM": 10.48,
      "quantityActivationDate": "20-03-2024",
      "quantityPriceChangeCode": "H"
    },
    "isAvailable": true,
    "isPriceAvailable": true,
    "inPromo": false,
    "gtin": [
      "05410471111009",
      "05410471111504"
    ],
    "topCategoryName": "Koeken/Chocolade/Snoep",
    "topCategoryId": "335",
    "businessDomain": "RETAIL_BE",
    "IsPrivateLabel": false,
    "IsBiffe": false,
    "WeightconversionFactor": "0",
    "IsWeightArticle": false,
    "nutriscoreLabel": "E",
    "IsBio": false,
    "CountryOfOrigin": "BELGIË",
    "IsExclusivelySoldInLuxembourg": false,
    "OrderUnit": "P",
    "ShortName": "JDS RE BOTERWAFELS 700",
    "InSeason": true,
    "IsNew": false,
    "EcoscoreLabel": "B",
    "RecentQuanityOfStockUnits": "1,6",
    "LongName": "JULES DESTROOPER natuurboterwafels 700g",
    "AlcoholVolume": "0",
    "StartSeasonDate": "13/05/2009",
    "FicCode": "E",
    "EcoscoreValue": "74"
  },
  {
    "productId": "849369",
    "technicalArticleNumber": "4696827",
    "commercialArticleNumber": "30778",
    "name": "tab.hazelno-wit.choc.",
    "brand": "FERRERO ROCHER",
    "seoBrand": "Ferrero Rocher",
    "thumbNail": "https://static.colruytgroup.com/images/200x200/std.lang.all/48/81/asset-3344881.jpg",
    "fullImage": "https://static.colruytgroup.com/images/500x500/std.lang.all/48/81/asset-3344881.jpg",
    "squareImage": "https://static.colruytgroup.com/images/500x500sq/std.lang.all/48/81/asset-3344881.jpg",
    "content": "90g",
    "walkRouteSequenceNumber": 1336,
    "price": {
      "basicPrice": 1.99,
      "recommendedQuantity": "1.0",
      "measurementUnitPrice": 22.12,
      "measurementUnit": "K",
      "isRedPrice": false,
      "pricePerUOM": 22.12,
      "activationDate": "17-02-2024",
      "recordSource": "Offline",
      "isPromoActive": "N",
      "priceChangeCode": "E"
    },
    "isAvailable": true,
    "isPriceAvailable": true,
    "inPromo": false,
    "gtin": [
      "08000500359891",
      "08000500359884"
    ],
    "topCategoryName": "Koeken/Chocolade/Snoep",
    "topCategoryId": "335",
    "businessDomain": "RETAIL_BE",
    "IsPrivateLabel": false,
    "IsBiffe": false,
    "WeightconversionFactor": "0",
    "IsWeightArticle": false,
    "nutriscoreLabel": "E",
    "IsBio": false,
    "CountryOfOrigin": "POLEN",
    "IsExclusivelySoldInLuxembourg": false,
    "OrderUnit": "P",
    "ShortName": "FERO TABL.HAZELNO-WIT90",
    "IsNew": false,
    "RecentQuanityOfStockUnits": "1,8",
    "LongName": "FERRERO ROCHER tab.hazelno-wit.choc. 90g",
    "FicCode": "E"
  },
  {
    "productId": "865594",
    "technicalArticleNumber": "4717784",
    "commercialArticleNumber": "4010",
    "name": "Excellence 78% pure chocolade",
    "description": "*Met 78% cacao",
    "brand": "LINDT",
    "seoBrand": "Lindt",
    "thumbNail": "https://static.colruytgroup.com/images/200x200/std.lang.all/39/51/asset-3193951.jpg",
    "fullImage": "https://static.colruytgroup.com/images/500x500/std.lang.all/39/51/asset-3193951.jpg",
    "squareImage": "https://static.colruytgroup.com/images/500x500sq/std.lang.all/39/51/asset-3193951.jpg",
    "content": "100g",
    "walkRouteSequenceNumber": 1327,
    "price": {
      "basicPrice": 2.59,
      "recommendedQuantity": "1.0",
      "measurementUnitPrice": 25.9,
      "measurementUnit": "K",
      "isRedPrice": false,
      "pricePerUOM": 25.9,
      "activationDate": "02-03-2024",
      "recordSource": "Offline",
      "isPromoActive": "N",
      "priceChangeCode": "L"
    },
    "isAvailable": true,
    "isPriceAvailable": true,
    "inPromo": false,
    "gtin": [
      "03046920010047"
    ],
    "topCategoryName": "Koeken/Chocolade/Snoep",
    "topCategoryId": "335",
    "businessDomain": "RETAIL_BE",
    "IsPrivateLabel": false,
    "IsBiffe": false,
    "WeightconversionFactor": "0",
    "IsWeightArticle": false,
    "nutriscoreLabel": "E",
    "IsBio": false,
    "CountryOfOrigin": "DUITSLAND",
    "IsExclusivelySoldInLuxembourg": false,
    "OrderUnit": "P",
    "ShortName": "LIND EXCEL.78% CHOC.100",
    "IsNew": false,
    "EcoscoreLabel": "E",
    "RecentQuanityOfStockUnits": "1",
    "LongName": "LINDT Excellence 78% pure chocolade 100g",
    "FicCode": "E",
    "EcoscoreValue": "15"
  },
  {
    "productId": "781917",
    "technicalArticleNumber": "4578281",
    "commercialArticleNumber": "28949",
    "name": "Amandine Chocolade",
    "description": "*Zandkoekje met:\n-amandelschilfers\n-Belgische melkchocolade",
    "brand": "ALISA'S COOKIES",
    "seoBrand": "Alisa's cookies",
    "thumbNail": "https://static.colruytgroup.com/images/200x200/std.lang.all/57/18/asset-2895718.jpg",
    "fullImage": "https://static.colruytgroup.com/images/500x500/std.lang.all/57/18/asset-2895718.jpg",
    "squareImage": "https://static.colruytgroup.com/images/500x500sq/std.lang.all/57/18/asset-2895718.jpg",
    "content": "200g",
    "walkRouteSequenceNumber": 2045,
    "price": {
      "basicPrice": 3.29,
      "recommendedQuantity": "1.0",
      "measurementUnitPrice": 16.45,
      "measurementUnit": "K",
      "isRedPrice": false,
      "pricePerUOM": 16.45,
      "activationDate": "02-03-2023",
      "isPromoActive": "N",
      "priceChangeCode": "H"
    },
    "isAvailable": true,
    "isPriceAvailable": true,
    "inPromo": false,
    "gtin": [
      "15407008810662",
      "05407008810665"
    ],
    "topCategoryName": "Koeken/Chocolade/Snoep",
    "topCategoryId": "335",
    "businessDomain": "RETAIL_BE",
    "IsPrivateLabel": false,
    "IsBiffe": false,
    "WeightconversionFactor": "0",
    "IsWeightArticle": false,
    "nutriscoreLabel": "E",
    "IsBio": false,
    "CountryOfOrigin": "BELGIË",
    "IsExclusivelySoldInLuxembourg": false,
    "OrderUnit": "P",
    "ShortName": "ALCO AMANDINE CHOCO.200",
    "IsNew": false,
    "EcoscoreLabel": "D",
    "RecentQuanityOfStockUnits": "1",
    "LongName": "ALISA'S COOKIES Amandine Chocolade 200g",
    "FicCode": "E",
    "EcoscoreValue": "36"
  },
  {
    "productId": "783536",
    "technicalArticleNumber": "4581973",
    "commercialArticleNumber": "6297",
    "name": "creme tablet banaan",
    "brand": "JACQUES",
    "seoBrand": "Jacques",
    "thumbNail": "https://static.colruytgroup.com/images/200x200/std.lang.all/92/61/asset-2809261.jpg",
    "fullImage": "https://static.colruytgroup.com/images/500x500/std.lang.all/92/61/asset-2809261.jpg",
    "squareImage": "https://static.colruytgroup.com/images/500x500sq/std.lang.all/92/61/asset-2809261.jpg",
    "content": "200g",
    "walkRouteSequenceNumber": 1348,
    "price": {
      "basicPrice": 2.45,
      "recommendedQuantity": "1.0",
      "measurementUnitPrice": 12.25,
      "measurementUnit": "K",
      "isRedPrice": false,
      "pricePerUOM": 12.25,
      "activationDate": "03-01-2024",
      "isPromoActive": "N",
      "priceChangeCode": "H"
    },
    "isAvailable": true,
    "isPriceAvailable": true,
    "inPromo": false,
    "gtin": [
      "05410059448114",
      "05410059756226"
    ],
    "topCategoryName": "Koeken/Chocolade/Snoep",
    "topCategoryId": "335",
    "businessDomain": "RETAIL_BE",
    "IsPrivateLabel": false,
    "IsBiffe": false,
    "WeightconversionFactor": "0",
    "IsWeightArticle": false,
    "nutriscoreLabel": "E",
    "IsBio": false,
    "CountryOfOrigin": "DUITSLAND",
    "IsExclusivelySoldInLuxembourg": false,
    "OrderUnit": "P",
    "ShortName": "JACQ CR.TABL.BANAAN200",
    "IsNew": false,
    "EcoscoreLabel": "B",
    "RecentQuanityOfStockUnits": "1",
    "LongName": "JACQUES creme tablet banaan 200g",
    "FicCode": "E",
    "EcoscoreValue": "66"
  },
  {
    "productId": "684971",
    "technicalArticleNumber": "4407494",
    "commercialArticleNumber": "24805",
    "name": "dark chocolat nuts & salt",
    "brand": "BE-KIND",
    "seoBrand": "Be-Kind",
    "thumbNail": "https://static.colruytgroup.com/images/200x200/std.lang.all/74/84/asset-2367484.jpg",
    "fullImage": "https://static.colruytgroup.com/images/500x500/std.lang.all/74/84/asset-2367484.jpg",
    "squareImage": "https://static.colruytgroup.com/images/500x500sq/std.lang.all/74/84/asset-2367484.jpg",
    "content": "3x30g",
    "walkRouteSequenceNumber": 2179,
    "price": {
      "basicPrice": 3.99,
      "recommendedQuantity": "1.0",
      "measurementUnitPrice": 44.34,
      "measurementUnit": "K",
      "isRedPrice": false,
      "pricePerUOM": 44.34,
      "activationDate": "14-02-2024",
      "recordSource": "Offline",
      "isPromoActive": "N",
      "priceChangeCode": "H"
    },
    "isAvailable": true,
    "isPriceAvailable": true,
    "inPromo": false,
    "gtin": [
      "05000159532969",
      "05000159532952"
    ],
    "topCategoryName": "Brood/Ontbijt",
    "topCategoryId": "124",
    "businessDomain": "RETAIL_BE",
    "IsPrivateLabel": false,
    "IsBiffe": false,
    "WeightconversionFactor": "0",
    "IsWeightArticle": false,
    "nutriscoreLabel": "D",
    "IsBio": false,
    "CountryOfOrigin": "AUSTRALIË",
    "IsExclusivelySoldInLuxembourg": false,
    "OrderUnit": "P",
    "ShortName": "BEKI D.CHOC.NUT&SEA3X30",
    "IsNew": false,
    "RecentQuanityOfStockUnits": "1,10",
    "LongName": "BE-KIND dark chocolat nuts & salt 3x30g",
    "FicCode": "E"
  },
  {
    "productId": "97575",
    "technicalArticleNumber": "2907952",
    "commercialArticleNumber": "35029",
    "name": "Melk",
    "brand": "CHOKOTOFF",
    "seoBrand": "Côte d'Or Chokotoff",
    "thumbNail": "https://static.colruytgroup.com/images/200x200/std.lang.all/33/65/asset-2263365.jpg",
    "fullImage": "https://static.colruytgroup.com/images/500x500/std.lang.all/33/65/asset-2263365.jpg",
    "squareImage": "https://static.colruytgroup.com/images/500x500sq/std.lang.all/33/65/asset-2263365.jpg",
    "content": "500g",
    "walkRouteSequenceNumber": 2013,
    "price": {
      "basicPrice": 7.75,
      "recommendedQuantity": "1.0",
      "measurementUnitPrice": 15.5,
      "measurementUnit": "K",
      "isRedPrice": false,
      "pricePerUOM": 15.5,
      "activationDate": "27-02-2024",
      "recordSource": "Offline",
      "isPromoActive": "N",
      "priceChangeCode": "H"
    },
    "isAvailable": true,
    "isPriceAvailable": true,
    "inPromo": false,
    "gtin": [
      "07622210031938",
      "07622210031921"
    ],
    "topCategoryName": "Koeken/Chocolade/Snoep",
    "topCategoryId": "335",
    "businessDomain": "RETAIL_BE",
    "IsPrivateLabel": false,
    "IsBiffe": false,
    "WeightconversionFactor": "0",
    "IsWeightArticle": false,
    "nutriscoreLabel": "E",
    "IsBio": false,
    "CountryOfOrigin": "BELGIË",
    "IsExclusivelySoldInLuxembourg": false,
    "OrderUnit": "P",
    "ShortName": "CD CHOKOTOFF MELK 500G",
    "IsNew": false,
    "RecentQuanityOfStockUnits": "1,15",
    "LongName": "CHOKOTOFF Melk 500g",
    "AlcoholVolume": "0",
    "FicCode": "E"
  },
  {
    "productId": "1483",
    "technicalArticleNumber": "20107",
    "commercialArticleNumber": "20107",
    "name": "chocolade melk banaan",
    "brand": "JACQUES",
    "seoBrand": "Jacques",
    "thumbNail": "https://static.colruytgroup.com/images/200x200/std.lang.all/46/11/asset-2804611.jpg",
    "fullImage": "https://static.colruytgroup.com/images/500x500/std.lang.all/46/11/asset-2804611.jpg",
    "squareImage": "https://static.colruytgroup.com/images/500x500sq/std.lang.all/46/11/asset-2804611.jpg",
    "content": "6x47g",
    "walkRouteSequenceNumber": 1352,
    "price": {
      "basicPrice": 5.17,
      "recommendedQuantity": "1.0",
      "measurementUnitPrice": 18.34,
      "measurementUnit": "K",
      "isRedPrice": false,
      "pricePerUOM": 18.34,
      "activationDate": "15-02-2024",
      "recordSource": "Offline",
      "isPromoActive": "N",
      "priceChangeCode": "H"
    },
    "isAvailable": true,
    "isPriceAvailable": true,
    "inPromo": false,
    "gtin": [
      "05410059062433",
      "15410059037803",
      "05410059759104",
      "05410059463186"
    ],
    "topCategoryName": "Koeken/Chocolade/Snoep",
    "topCategoryId": "335",
    "businessDomain": "RETAIL_BE",
    "IsPrivateLabel": false,
    "IsBiffe": false,
    "WeightconversionFactor": "0",
    "IsWeightArticle": false,
    "nutriscoreLabel": "E",
    "IsBio": false,
    "CountryOfOrigin": "BELGIË",
    "IsExclusivelySoldInLuxembourg": false,
    "OrderUnit": "P",
    "ShortName": "JACQ BANAAN REEP 6X47GR",
    "IsNew": false,
    "EcoscoreLabel": "E",
    "RecentQuanityOfStockUnits": "1",
    "LongName": "JACQUES chocolade melk banaan 6x47g",
    "AlcoholVolume": "0",
    "FicCode": "E",
    "EcoscoreValue": "18"
  },
  {
    "productId": "846028",
    "technicalArticleNumber": "4692178",
    "commercialArticleNumber": "10010",
    "name": "wafelrepen",
    "description": "*Wafelreep\n*Hazelnoot & Vanille\n*Caramel",
    "brand": "DUOPENOTTI",
    "seoBrand": "Duo Penotti",
    "thumbNail": "https://static.colruytgroup.com/images/200x200/std.lang.all/93/68/asset-3009368.jpg",
    "fullImage": "https://static.colruytgroup.com/images/500x500/std.lang.all/93/68/asset-3009368.jpg",
    "squareImage": "https://static.colruytgroup.com/images/500x500sq/std.lang.all/93/68/asset-3009368.jpg",
    "content": "4x36g",
    "walkRouteSequenceNumber": 1498,
    "price": {
      "basicPrice": 2.29,
      "recommendedQuantity": "1.0",
      "measurementUnitPrice": 15.91,
      "measurementUnit": "K",
      "isRedPrice": false,
      "pricePerUOM": 15.91,
      "activationDate": "20-02-2024",
      "isPromoActive": "N",
      "priceChangeCode": "E"
    },
    "isAvailable": true,
    "isPriceAvailable": true,
    "inPromo": false,
    "gtin": [
      "04000415764104",
      "04000415764005"
    ],
    "topCategoryName": "Koeken/Chocolade/Snoep",
    "topCategoryId": "335",
    "businessDomain": "RETAIL_BE",
    "IsPrivateLabel": false,
    "IsBiffe": false,
    "WeightconversionFactor": "0",
    "IsWeightArticle": false,
    "nutriscoreLabel": "E",
    "IsBio": false,
    "CountryOfOrigin": "POLEN",
    "IsExclusivelySoldInLuxembourg": false,
    "OrderUnit": "P",
    "ShortName": "DUPE WAFELREPEN 4X36G",
    "IsNew": false,
    "EcoscoreLabel": "D",
    "RecentQuanityOfStockUnits": "1",
    "LongName": "DUOPENOTTI wafelrepen 4x36g",
    "FicCode": "E",
    "EcoscoreValue": "33"
  },
  {
    "productId": "248889",
    "technicalArticleNumber": "3665636",
    "commercialArticleNumber": "51076",
    "name": "marsepein fruit",
    "brand": "BONI",
    "seoBrand": "Boni Selection",
    "thumbNail": "https://static.colruytgroup.com/images/200x200/std.lang.all/44/09/asset-1884409.jpg",
    "fullImage": "https://static.colruytgroup.com/images/500x500/std.lang.all/44/09/asset-1884409.jpg",
    "squareImage": "https://static.colruytgroup.com/images/500x500sq/std.lang.all/44/09/asset-1884409.jpg",
    "content": "150g",
    "walkRouteSequenceNumber": 2007,
    "price": {
      "basicPrice": 1.65,
      "recommendedQuantity": "1.0",
      "measurementUnitPrice": 11,
      "measurementUnit": "K",
      "isRedPrice": false,
      "pricePerUOM": 11,
      "activationDate": "17-02-2024",
      "recordSource": "Offline",
      "isPromoActive": "N",
      "priceChangeCode": "H"
    },
    "isAvailable": true,
    "isPriceAvailable": true,
    "inPromo": false,
    "gtin": [
      "15400141799658",
      "05400141799651",
      "05400141276886",
      "15400141276883",
      "05400141667387"
    ],
    "topCategoryName": "Koeken/Chocolade/Snoep",
    "topCategoryId": "335",
    "businessDomain": "RETAIL_BE",
    "IsPrivateLabel": true,
    "IsBiffe": false,
    "WeightconversionFactor": "0",
    "IsWeightArticle": false,
    "nutriscoreLabel": "E",
    "IsBio": false,
    "CountryOfOrigin": "BELGIË",
    "IsExclusivelySoldInLuxembourg": false,
    "OrderUnit": "P",
    "ShortName": "BONI MARSEPEIN FRUIT150",
    "InSeason": true,
    "IsNew": false,
    "EcoscoreLabel": "D",
    "RecentQuanityOfStockUnits": "1",
    "LongName": "BONI marsepein fruit 150g",
    "AlcoholVolume": "0",
    "StartSeasonDate": "28/12/2023",
    "FicCode": "I",
    "EcoscoreValue": "29"
  },
  {
    "productId": "717503",
    "technicalArticleNumber": "4465424",
    "commercialArticleNumber": "26823",
    "name": "melkchocolade",
    "brand": "JACQUES",
    "seoBrand": "Jacques",
    "thumbNail": "https://static.colruytgroup.com/images/200x200/std.lang.all/79/89/asset-2507989.jpg",
    "fullImage": "https://static.colruytgroup.com/images/500x500/std.lang.all/79/89/asset-2507989.jpg",
    "squareImage": "https://static.colruytgroup.com/images/500x500sq/std.lang.all/79/89/asset-2507989.jpg",
    "content": "180g",
    "walkRouteSequenceNumber": 1350,
    "price": {
      "basicPrice": 3.35,
      "recommendedQuantity": "1.0",
      "measurementUnitPrice": 18.62,
      "measurementUnit": "K",
      "isRedPrice": false,
      "pricePerUOM": 18.62,
      "activationDate": "16-02-2024",
      "recordSource": "Offline",
      "isPromoActive": "N",
      "priceChangeCode": "H"
    },
    "isAvailable": true,
    "isPriceAvailable": true,
    "inPromo": false,
    "gtin": [
      "05410059759036",
      "05410059463032"
    ],
    "topCategoryName": "Koeken/Chocolade/Snoep",
    "topCategoryId": "335",
    "businessDomain": "RETAIL_BE",
    "IsPrivateLabel": false,
    "IsBiffe": false,
    "WeightconversionFactor": "0",
    "IsWeightArticle": false,
    "nutriscoreLabel": "E",
    "IsBio": false,
    "CountryOfOrigin": "DUITSLAND",
    "IsExclusivelySoldInLuxembourg": false,
    "OrderUnit": "P",
    "ShortName": "JACQ MELKCHOCOLADE 180G",
    "IsNew": false,
    "EcoscoreLabel": "C",
    "RecentQuanityOfStockUnits": "1",
    "LongName": "JACQUES melkchocolade 180g",
    "FicCode": "E",
    "EcoscoreValue": "46"
  },
  {
    "productId": "63280",
    "technicalArticleNumber": "2777726",
    "commercialArticleNumber": "19686",
    "name": "snoep gesuikerde aardbeien",
    "brand": "LUTTI",
    "seoBrand": "Lutti",
    "thumbNail": "https://static.colruytgroup.com/images/200x200/std.lang.all/72/19/asset-3377219.jpg",
    "fullImage": "https://static.colruytgroup.com/images/500x500/std.lang.all/72/19/asset-3377219.jpg",
    "squareImage": "https://static.colruytgroup.com/images/500x500sq/std.lang.all/72/19/asset-3377219.jpg",
    "content": "1kg",
    "walkRouteSequenceNumber": 1950,
    "price": {
      "basicPrice": 7,
      "recommendedQuantity": "1.0",
      "measurementUnitPrice": 7,
      "measurementUnit": "K",
      "isRedPrice": false,
      "pricePerUOM": 7,
      "activationDate": "17-02-2024",
      "isPromoActive": "N",
      "priceChangeCode": "E"
    },
    "isAvailable": true,
    "isPriceAvailable": true,
    "inPromo": false,
    "gtin": [
      "05410057195942",
      "05400787029310"
    ],
    "topCategoryName": "Koeken/Chocolade/Snoep",
    "topCategoryId": "335",
    "businessDomain": "RETAIL_BE",
    "IsPrivateLabel": false,
    "IsBiffe": false,
    "WeightconversionFactor": "0",
    "IsWeightArticle": false,
    "nutriscoreLabel": "E",
    "IsBio": false,
    "CountryOfOrigin": "BELGIË",
    "IsExclusivelySoldInLuxembourg": false,
    "OrderUnit": "P",
    "ShortName": "LUTTI AARDBEIEN GES. 1K",
    "IsNew": false,
    "EcoscoreLabel": "C",
    "RecentQuanityOfStockUnits": "1",
    "LongName": "LUTTI snoep gesuikerde aardbeien 1kg",
    "AlcoholVolume": "0",
    "FicCode": "E",
    "EcoscoreValue": "42"
  },
  {
    "productId": "732272",
    "technicalArticleNumber": "4491022",
    "commercialArticleNumber": "13849",
    "name": "White balls",
    "brand": "GALAK",
    "seoBrand": "Nestlé Galak",
    "thumbNail": "https://static.colruytgroup.com/images/200x200/std.lang.all/45/27/asset-3334527.jpg",
    "fullImage": "https://static.colruytgroup.com/images/500x500/std.lang.all/45/27/asset-3334527.jpg",
    "squareImage": "https://static.colruytgroup.com/images/500x500sq/std.lang.all/45/27/asset-3334527.jpg",
    "content": "250g",
    "walkRouteSequenceNumber": 1445,
    "price": {
      "basicPrice": 4.89,
      "recommendedQuantity": "1.0",
      "measurementUnitPrice": 19.56,
      "measurementUnit": "K",
      "isRedPrice": false,
      "pricePerUOM": 19.56,
      "activationDate": "12-03-2024",
      "recordSource": "Offline",
      "isPromoActive": "N",
      "priceChangeCode": "H"
    },
    "isAvailable": true,
    "isPriceAvailable": true,
    "inPromo": false,
    "gtin": [
      "08000300409826",
      "08000300409833"
    ],
    "topCategoryName": "Koeken/Chocolade/Snoep",
    "topCategoryId": "335",
    "businessDomain": "RETAIL_BE",
    "IsPrivateLabel": false,
    "IsBiffe": false,
    "WeightconversionFactor": "0",
    "IsWeightArticle": false,
    "nutriscoreLabel": "E",
    "IsBio": false,
    "CountryOfOrigin": "ITALIË",
    "IsExclusivelySoldInLuxembourg": false,
    "OrderUnit": "P",
    "ShortName": "GALA WHITE BALLS 250G",
    "IsNew": false,
    "RecentQuanityOfStockUnits": "1",
    "LongName": "GALAK White balls 250g",
    "FicCode": "E"
  },
  {
    "productId": "152287",
    "technicalArticleNumber": "3317122",
    "commercialArticleNumber": "1154",
    "name": "Beertjes",
    "description": "Beertjes",
    "brand": "LOOK O LOOK",
    "seoBrand": "Look O Look",
    "thumbNail": "https://static.colruytgroup.com/images/200x200/std.lang.all/88/92/asset-2318892.jpg",
    "fullImage": "https://static.colruytgroup.com/images/500x500/std.lang.all/88/92/asset-2318892.jpg",
    "squareImage": "https://static.colruytgroup.com/images/500x500sq/std.lang.all/88/92/asset-2318892.jpg",
    "content": "135g",
    "walkRouteSequenceNumber": 1639,
    "price": {
      "basicPrice": 2.49,
      "recommendedQuantity": "1.0",
      "measurementUnitPrice": 18.45,
      "measurementUnit": "K",
      "isRedPrice": false,
      "pricePerUOM": 18.45,
      "activationDate": "03-01-2024",
      "isPromoActive": "N",
      "priceChangeCode": "H"
    },
    "isAvailable": true,
    "isPriceAvailable": true,
    "inPromo": false,
    "gtin": [
      "08713600194667",
      "08713600794669"
    ],
    "topCategoryName": "Koeken/Chocolade/Snoep",
    "topCategoryId": "335",
    "businessDomain": "RETAIL_BE",
    "IsPrivateLabel": false,
    "IsBiffe": false,
    "WeightconversionFactor": "0",
    "IsWeightArticle": false,
    "nutriscoreLabel": "E",
    "IsBio": false,
    "CountryOfOrigin": "NEDERLAND",
    "IsExclusivelySoldInLuxembourg": false,
    "OrderUnit": "P",
    "ShortName": "LOL BEERTJES 135G",
    "IsNew": false,
    "EcoscoreLabel": "C",
    "RecentQuanityOfStockUnits": "1",
    "LongName": "LOOK O LOOK Beertjes 135g",
    "AlcoholVolume": "0",
    "FicCode": "E",
    "EcoscoreValue": "42"
  },
  {
    "productId": "289584",
    "technicalArticleNumber": "3698068",
    "commercialArticleNumber": "18733",
    "name": "pastilles lemon",
    "brand": "FRISK",
    "seoBrand": "Frisk",
    "thumbNail": "https://static.colruytgroup.com/images/200x200/std.lang.all/42/18/asset-2844218.jpg",
    "fullImage": "https://static.colruytgroup.com/images/500x500/std.lang.all/42/18/asset-2844218.jpg",
    "squareImage": "https://static.colruytgroup.com/images/500x500sq/std.lang.all/42/18/asset-2844218.jpg",
    "content": "35g",
    "walkRouteSequenceNumber": 18415,
    "price": {
      "basicPrice": 2.35,
      "recommendedQuantity": "1.0",
      "measurementUnitPrice": 67.15,
      "measurementUnit": "K",
      "isRedPrice": false,
      "pricePerUOM": 67.15,
      "activationDate": "02-11-2023",
      "isPromoActive": "N",
      "priceChangeCode": "E"
    },
    "isAvailable": true,
    "isPriceAvailable": true,
    "inPromo": false,
    "gtin": [
      "08723400781240",
      "08723400781233",
      "00000087333183"
    ],
    "topCategoryName": "Koeken/Chocolade/Snoep",
    "topCategoryId": "335",
    "businessDomain": "RETAIL_BE",
    "IsPrivateLabel": false,
    "IsBiffe": false,
    "WeightconversionFactor": "0",
    "IsWeightArticle": false,
    "nutriscoreLabel": "C",
    "IsBio": false,
    "CountryOfOrigin": "TURKIJE",
    "IsExclusivelySoldInLuxembourg": false,
    "OrderUnit": "P",
    "ShortName": "FRISK LEMON 35G.",
    "InSeason": true,
    "IsNew": false,
    "EcoscoreLabel": "B",
    "RecentQuanityOfStockUnits": "1,12",
    "LongName": "FRISK pastilles lemon 35g",
    "AlcoholVolume": "0",
    "StartSeasonDate": "23/05/2022",
    "FicCode": "E",
    "EcoscoreValue": "66"
  },
  {
    "productId": "765610",
    "technicalArticleNumber": "4548436",
    "commercialArticleNumber": "9212",
    "name": "repen praliné puur 3pack",
    "brand": "GALLER",
    "seoBrand": "Galler",
    "thumbNail": "https://static.colruytgroup.com/images/200x200/std.lang.all/31/16/asset-2793116.jpg",
    "fullImage": "https://static.colruytgroup.com/images/500x500/std.lang.all/31/16/asset-2793116.jpg",
    "squareImage": "https://static.colruytgroup.com/images/500x500sq/std.lang.all/31/16/asset-2793116.jpg",
    "content": "210g",
    "walkRouteSequenceNumber": 1362,
    "price": {
      "basicPrice": 4.5,
      "recommendedQuantity": "1.0",
      "measurementUnitPrice": 21.43,
      "measurementUnit": "K",
      "isRedPrice": false,
      "pricePerUOM": 21.43,
      "activationDate": "13-02-2024",
      "recordSource": "Offline",
      "isPromoActive": "N",
      "priceChangeCode": "H"
    },
    "isAvailable": true,
    "isPriceAvailable": true,
    "inPromo": false,
    "gtin": [
      "05412038981568",
      "05412038981698"
    ],
    "topCategoryName": "Koeken/Chocolade/Snoep",
    "topCategoryId": "335",
    "businessDomain": "RETAIL_BE",
    "IsPrivateLabel": false,
    "IsBiffe": false,
    "WeightconversionFactor": "0",
    "IsWeightArticle": false,
    "nutriscoreLabel": "E",
    "IsBio": false,
    "CountryOfOrigin": "BELGIË",
    "IsExclusivelySoldInLuxembourg": false,
    "OrderUnit": "P",
    "ShortName": "GALL PRAL.PUUR 3ST 210G",
    "IsNew": false,
    "EcoscoreLabel": "E",
    "RecentQuanityOfStockUnits": "1",
    "LongName": "GALLER repen praliné puur 3pack 210g",
    "FicCode": "E",
    "EcoscoreValue": "15"
  },
  {
    "productId": "528088",
    "technicalArticleNumber": "4117028",
    "commercialArticleNumber": "2740",
    "name": "tablet amandel hazelnoot",
    "brand": "MERCI",
    "seoBrand": "Merci",
    "thumbNail": "https://static.colruytgroup.com/images/200x200/std.lang.all/72/01/asset-1817201.jpg",
    "fullImage": "https://static.colruytgroup.com/images/500x500/std.lang.all/72/01/asset-1817201.jpg",
    "squareImage": "https://static.colruytgroup.com/images/500x500sq/std.lang.all/72/01/asset-1817201.jpg",
    "content": "100g",
    "walkRouteSequenceNumber": 1363,
    "price": {
      "basicPrice": 2.49,
      "recommendedQuantity": "1.0",
      "measurementUnitPrice": 24.9,
      "measurementUnit": "K",
      "isRedPrice": false,
      "pricePerUOM": 24.9,
      "activationDate": "14-11-2023",
      "isPromoActive": "N",
      "priceChangeCode": "E"
    },
    "isAvailable": true,
    "isPriceAvailable": true,
    "inPromo": false,
    "gtin": [
      "04014400140125",
      "04014400914252"
    ],
    "topCategoryName": "Koeken/Chocolade/Snoep",
    "topCategoryId": "335",
    "businessDomain": "RETAIL_BE",
    "IsPrivateLabel": false,
    "IsBiffe": false,
    "WeightconversionFactor": "0",
    "IsWeightArticle": false,
    "nutriscoreLabel": "E",
    "IsBio": false,
    "CountryOfOrigin": "DUITSLAND",
    "IsExclusivelySoldInLuxembourg": false,
    "OrderUnit": "P",
    "ShortName": "MERC TABL.AMAND-HAZ100",
    "IsNew": false,
    "EcoscoreLabel": "E",
    "RecentQuanityOfStockUnits": "1,15",
    "LongName": "MERCI tablet amandel hazelnoot 100g",
    "FicCode": "E",
    "EcoscoreValue": "18"
  },
  {
    "productId": "852457",
    "technicalArticleNumber": "4700905",
    "commercialArticleNumber": "31103",
    "name": "Mignonnette Annivers.Mix",
    "brand": "COTE D'OR",
    "seoBrand": "Côte d'Or Mignonnette",
    "thumbNail": "https://static.colruytgroup.com/images/200x200/std.lang.all/35/00/asset-3183500.jpg",
    "fullImage": "https://static.colruytgroup.com/images/500x500/std.lang.all/35/00/asset-3183500.jpg",
    "squareImage": "https://static.colruytgroup.com/images/500x500sq/std.lang.all/35/00/asset-3183500.jpg",
    "content": "510g",
    "walkRouteSequenceNumber": 1212,
    "price": {
      "basicPrice": 9.49,
      "recommendedQuantity": "1.0",
      "measurementUnitPrice": 18.61,
      "measurementUnit": "K",
      "isRedPrice": false,
      "pricePerUOM": 18.61,
      "activationDate": "29-02-2024",
      "recordSource": "Offline",
      "isPromoActive": "N",
      "priceChangeCode": "E"
    },
    "isAvailable": true,
    "isPriceAvailable": true,
    "inPromo": false,
    "gtin": [
      "07622201710217",
      "07622201710224"
    ],
    "topCategoryName": "Koeken/Chocolade/Snoep",
    "topCategoryId": "335",
    "businessDomain": "RETAIL_BE",
    "IsPrivateLabel": false,
    "IsBiffe": false,
    "WeightconversionFactor": "0",
    "IsWeightArticle": false,
    "nutriscoreLabel": "E",
    "IsBio": false,
    "CountryOfOrigin": "POLEN",
    "IsExclusivelySoldInLuxembourg": false,
    "OrderUnit": "P",
    "ShortName": "C.DO MIGNONN.ASSORTI510",
    "IsNew": false,
    "RecentQuanityOfStockUnits": "1",
    "LongName": "COTE D'OR Mignonnette Annivers.Mix 510g",
    "FicCode": "E"
  },
  {
    "productId": "10665",
    "technicalArticleNumber": "1396558",
    "commercialArticleNumber": "21865",
    "name": "Parijse wafels",
    "brand": "JULES DESTROOPER",
    "seoBrand": "Jules Destrooper",
    "thumbNail": "https://static.colruytgroup.com/images/200x200/std.lang.all/19/48/asset-1721948.jpg",
    "fullImage": "https://static.colruytgroup.com/images/500x500/std.lang.all/19/48/asset-1721948.jpg",
    "squareImage": "https://static.colruytgroup.com/images/500x500sq/std.lang.all/19/48/asset-1721948.jpg",
    "content": "125g",
    "walkRouteSequenceNumber": 2089,
    "price": {
      "basicPrice": 2.59,
      "recommendedQuantity": "2.0",
      "measurementUnitPrice": 20.72,
      "measurementUnit": "K",
      "isRedPrice": false,
      "pricePerUOM": 20.72,
      "activationDate": "22-03-2024",
      "recordSource": "Folder",
      "isPromoActive": "N",
      "priceChangeCode": "L"
    },
    "isAvailable": true,
    "isPriceAvailable": true,
    "inPromo": false,
    "gtin": [
      "05400141218657",
      "05410471132004",
      "05410471132202",
      "05410471908418",
      "15410471908415"
    ],
    "topCategoryName": "Koeken/Chocolade/Snoep",
    "topCategoryId": "335",
    "businessDomain": "RETAIL_BE",
    "IsPrivateLabel": false,
    "IsBiffe": false,
    "WeightconversionFactor": "0",
    "IsWeightArticle": false,
    "nutriscoreLabel": "E",
    "IsBio": false,
    "CountryOfOrigin": "BELGIË",
    "IsExclusivelySoldInLuxembourg": false,
    "OrderUnit": "P",
    "ShortName": "JDS PARIJS WAF 125G",
    "InSeason": true,
    "IsNew": false,
    "EcoscoreLabel": "B",
    "RecentQuanityOfStockUnits": "2,1,12",
    "LongName": "JULES DESTROOPER Parijse wafels 125g",
    "AlcoholVolume": "0",
    "StartSeasonDate": "23/03/2006",
    "FicCode": "E",
    "EcoscoreValue": "64"
  },
  {
    "productId": "1595",
    "technicalArticleNumber": "20755",
    "commercialArticleNumber": "20755",
    "name": "snoep fruit",
    "brand": "LUTTI OH-LA-LA",
    "seoBrand": "Lutti Oh-La-La",
    "thumbNail": "https://static.colruytgroup.com/images/200x200/std.lang.all/11/24/asset-3361124.jpg",
    "fullImage": "https://static.colruytgroup.com/images/500x500/std.lang.all/11/24/asset-3361124.jpg",
    "squareImage": "https://static.colruytgroup.com/images/500x500sq/std.lang.all/11/24/asset-3361124.jpg",
    "content": "150g",
    "walkRouteSequenceNumber": 1944,
    "price": {
      "basicPrice": 3.39,
      "recommendedQuantity": "1.0",
      "measurementUnitPrice": 22.6,
      "measurementUnit": "K",
      "isRedPrice": false,
      "pricePerUOM": 22.6,
      "activationDate": "14-03-2024",
      "recordSource": "Offline",
      "isPromoActive": "N",
      "priceChangeCode": "H"
    },
    "isAvailable": true,
    "isPriceAvailable": true,
    "inPromo": false,
    "gtin": [
      "05410057138062",
      "05410057766364",
      "03664346338455"
    ],
    "topCategoryName": "Koeken/Chocolade/Snoep",
    "topCategoryId": "335",
    "businessDomain": "RETAIL_BE",
    "IsPrivateLabel": false,
    "IsBiffe": false,
    "WeightconversionFactor": "0",
    "IsWeightArticle": false,
    "nutriscoreLabel": "E",
    "IsBio": false,
    "CountryOfOrigin": "FRANKRIJK",
    "IsExclusivelySoldInLuxembourg": false,
    "OrderUnit": "P",
    "ShortName": "LUTTI OH-LA-LA FRU.150G",
    "IsNew": false,
    "EcoscoreLabel": "B",
    "RecentQuanityOfStockUnits": "1",
    "LongName": "LUTTI OH-LA-LA snoep fruit 150g",
    "AlcoholVolume": "0",
    "FicCode": "E",
    "EcoscoreValue": "67"
  },
  {
    "productId": "859109",
    "technicalArticleNumber": "4709441",
    "commercialArticleNumber": "31793",
    "name": "caramel intense",
    "brand": "DELACRE",
    "seoBrand": "Delacre",
    "thumbNail": "https://static.colruytgroup.com/images/200x200/std.lang.all/61/20/asset-3176120.jpg",
    "fullImage": "https://static.colruytgroup.com/images/500x500/std.lang.all/61/20/asset-3176120.jpg",
    "squareImage": "https://static.colruytgroup.com/images/500x500sq/std.lang.all/61/20/asset-3176120.jpg",
    "content": "130g",
    "walkRouteSequenceNumber": 2078,
    "price": {
      "basicPrice": 2.89,
      "recommendedQuantity": "1.0",
      "measurementUnitPrice": 22.24,
      "measurementUnit": "K",
      "isRedPrice": false,
      "pricePerUOM": 22.24,
      "activationDate": "29-02-2024",
      "recordSource": "Offline",
      "isPromoActive": "N",
      "priceChangeCode": "H"
    },
    "isAvailable": true,
    "isPriceAvailable": true,
    "inPromo": false,
    "gtin": [
      "03116430530509",
      "03116430217578"
    ],
    "topCategoryName": "Koeken/Chocolade/Snoep",
    "topCategoryId": "335",
    "businessDomain": "RETAIL_BE",
    "IsPrivateLabel": false,
    "IsBiffe": false,
    "WeightconversionFactor": "0",
    "IsWeightArticle": false,
    "nutriscoreLabel": "E",
    "IsBio": false,
    "CountryOfOrigin": "BELGIË",
    "IsExclusivelySoldInLuxembourg": false,
    "OrderUnit": "P",
    "ShortName": "DELA CARAMEL INTENSE130",
    "IsNew": false,
    "RecentQuanityOfStockUnits": "1",
    "LongName": "DELACRE caramel intense 130g",
    "FicCode": "E"
  },
  {
    "productId": "342872",
    "technicalArticleNumber": "3833053",
    "commercialArticleNumber": "16175",
    "name": "Melody pops",
    "brand": "CHUPA CHUPS",
    "seoBrand": "Chupa Chups",
    "thumbNail": "https://static.colruytgroup.com/images/200x200/std.lang.all/78/26/asset-3247826.jpg",
    "fullImage": "https://static.colruytgroup.com/images/500x500/std.lang.all/78/26/asset-3247826.jpg",
    "squareImage": "https://static.colruytgroup.com/images/500x500sq/std.lang.all/78/26/asset-3247826.jpg",
    "content": "60g",
    "walkRouteSequenceNumber": 1986,
    "price": {
      "basicPrice": 2.69,
      "recommendedQuantity": "1.0",
      "measurementUnitPrice": 44.84,
      "measurementUnit": "K",
      "isRedPrice": false,
      "pricePerUOM": 44.84,
      "activationDate": "21-03-2024",
      "recordSource": "Offline",
      "isPromoActive": "N",
      "priceChangeCode": "H"
    },
    "isAvailable": true,
    "isPriceAvailable": true,
    "inPromo": false,
    "gtin": [
      "08410031934892",
      "06921211116127",
      "04601798360077",
      "06921211116134"
    ],
    "topCategoryName": "Koeken/Chocolade/Snoep",
    "topCategoryId": "335",
    "businessDomain": "RETAIL_BE",
    "IsPrivateLabel": false,
    "IsBiffe": false,
    "WeightconversionFactor": "0",
    "IsWeightArticle": false,
    "nutriscoreLabel": "E",
    "IsBio": false,
    "CountryOfOrigin": "CHINA (VOLKSREBUPLIEK)",
    "IsExclusivelySoldInLuxembourg": false,
    "OrderUnit": "P",
    "ShortName": "CHUP MELODY POPS 60G",
    "InSeason": true,
    "IsNew": false,
    "EcoscoreLabel": "B",
    "RecentQuanityOfStockUnits": "1",
    "LongName": "CHUPA CHUPS Melody pops 60g",
    "AlcoholVolume": "0",
    "StartSeasonDate": "04/04/2019",
    "FicCode": "E",
    "EcoscoreValue": "66"
  },
  {
    "productId": "1429",
    "technicalArticleNumber": "20518",
    "commercialArticleNumber": "20518",
    "name": "grootmoeders keelpastilles",
    "brand": "KATHY",
    "seoBrand": "Kathy",
    "thumbNail": "https://static.colruytgroup.com/images/200x200/std.lang.all/42/32/asset-574232.jpg",
    "fullImage": "https://static.colruytgroup.com/images/500x500/std.lang.all/42/32/asset-574232.jpg",
    "squareImage": "https://static.colruytgroup.com/images/500x500sq/std.lang.all/42/32/asset-574232.jpg",
    "content": "200g",
    "walkRouteSequenceNumber": 18376,
    "price": {
      "basicPrice": 2.69,
      "recommendedQuantity": "2.0",
      "measurementUnitPrice": 13.45,
      "measurementUnit": "K",
      "isRedPrice": false,
      "pricePerUOM": 13.45,
      "activationDate": "14-11-2023",
      "isPromoActive": "N",
      "priceChangeCode": "E"
    },
    "isAvailable": true,
    "isPriceAvailable": true,
    "inPromo": false,
    "gtin": [
      "00000025205183",
      "05400141205183",
      "05410346010383",
      "05410346063389"
    ],
    "topCategoryName": "Koeken/Chocolade/Snoep",
    "topCategoryId": "335",
    "businessDomain": "RETAIL_BE",
    "IsPrivateLabel": false,
    "IsBiffe": false,
    "WeightconversionFactor": "0",
    "IsWeightArticle": false,
    "nutriscoreLabel": "E",
    "IsBio": false,
    "CountryOfOrigin": "BELGIË",
    "IsExclusivelySoldInLuxembourg": false,
    "OrderUnit": "P",
    "ShortName": "KATHY GROOTMOEDER 200 G",
    "IsNew": false,
    "EcoscoreLabel": "B",
    "RecentQuanityOfStockUnits": "1,2",
    "LongName": "KATHY grootmoeders keelpastilles 200g",
    "AlcoholVolume": "0",
    "FicCode": "E",
    "EcoscoreValue": "66"
  },
  {
    "productId": "780583",
    "technicalArticleNumber": "4575391",
    "commercialArticleNumber": "28755",
    "name": "mini tower colour.var.",
    "description": "*Chocoladeassortiment\n*Bevat 9 stuks",
    "brand": "RITTER SPORT",
    "seoBrand": "Ritter Sport",
    "thumbNail": "https://static.colruytgroup.com/images/200x200/std.lang.all/89/14/asset-2778914.jpg",
    "fullImage": "https://static.colruytgroup.com/images/500x500/std.lang.all/89/14/asset-2778914.jpg",
    "squareImage": "https://static.colruytgroup.com/images/500x500sq/std.lang.all/89/14/asset-2778914.jpg",
    "content": "150g",
    "walkRouteSequenceNumber": 1228,
    "price": {
      "basicPrice": 2.79,
      "recommendedQuantity": "1.0",
      "measurementUnitPrice": 18.6,
      "measurementUnit": "K",
      "isRedPrice": false,
      "pricePerUOM": 18.6,
      "activationDate": "30-05-2023",
      "isPromoActive": "N",
      "priceChangeCode": "H"
    },
    "isAvailable": true,
    "isPriceAvailable": true,
    "inPromo": false,
    "gtin": [
      "04000417119407",
      "04000417136404"
    ],
    "topCategoryName": "Koeken/Chocolade/Snoep",
    "topCategoryId": "335",
    "businessDomain": "RETAIL_BE",
    "IsPrivateLabel": false,
    "IsBiffe": false,
    "WeightconversionFactor": "0",
    "IsWeightArticle": false,
    "nutriscoreLabel": "E",
    "IsBio": false,
    "CountryOfOrigin": "DUITSLAND",
    "IsExclusivelySoldInLuxembourg": false,
    "OrderUnit": "P",
    "ShortName": "RITT MINI COLOUR.VAR150",
    "IsNew": false,
    "EcoscoreLabel": "E",
    "RecentQuanityOfStockUnits": "1",
    "LongName": "RITTER SPORT mini tower colour.var. 150g",
    "FicCode": "E",
    "EcoscoreValue": "15"
  },
  {
    "productId": "644977",
    "technicalArticleNumber": "4340808",
    "commercialArticleNumber": "3935",
    "name": "snoep kettingen",
    "brand": "LOOK O LOOK",
    "seoBrand": "Look O Look",
    "thumbNail": "https://ecgproductmw.colruytgroup.com/ecgproductmw/noPicForArticle_2.jpg",
    "fullImage": "https://ecgproductmw.colruytgroup.com/ecgproductmw/noPicForArticle_5.jpg",
    "squareImage": "https://ecgproductmw.colruytgroup.com/ecgproductmw/noPicForArticle_5.jpg",
    "content": "155g",
    "walkRouteSequenceNumber": 1635,
    "price": {
      "basicPrice": 2.49,
      "recommendedQuantity": "1.0",
      "measurementUnitPrice": 16.07,
      "measurementUnit": "K",
      "isRedPrice": false,
      "pricePerUOM": 16.07,
      "activationDate": "03-01-2024",
      "isPromoActive": "N",
      "priceChangeCode": "H"
    },
    "isAvailable": true,
    "isPriceAvailable": true,
    "inPromo": false,
    "gtin": [
      "08713600186204",
      "08713600786206"
    ],
    "topCategoryName": "Koeken/Chocolade/Snoep",
    "topCategoryId": "335",
    "businessDomain": "RETAIL_BE",
    "IsPrivateLabel": false,
    "IsBiffe": false,
    "WeightconversionFactor": "0",
    "IsWeightArticle": false,
    "nutriscoreLabel": "E",
    "IsBio": false,
    "CountryOfOrigin": "EUROPA",
    "IsExclusivelySoldInLuxembourg": false,
    "OrderUnit": "P",
    "ShortName": "LOLO KETTINGEN 155G",
    "IsNew": false,
    "EcoscoreLabel": "C",
    "RecentQuanityOfStockUnits": "1",
    "LongName": "LOOK O LOOK snoep kettingen 155g",
    "FicCode": "E",
    "EcoscoreValue": "42"
  },
  {
    "productId": "209756",
    "technicalArticleNumber": "3528039",
    "commercialArticleNumber": "50654",
    "name": "Top",
    "brand": "TWIX",
    "seoBrand": "Twix",
    "thumbNail": "https://static.colruytgroup.com/images/200x200/std.lang.all/20/08/asset-932008.jpg",
    "fullImage": "https://static.colruytgroup.com/images/500x500/std.lang.all/20/08/asset-932008.jpg",
    "squareImage": "https://static.colruytgroup.com/images/500x500sq/std.lang.all/20/08/asset-932008.jpg",
    "content": "10x21g",
    "walkRouteSequenceNumber": 1390,
    "price": {
      "basicPrice": 3.99,
      "recommendedQuantity": "2.0",
      "measurementUnitPrice": 19,
      "measurementUnit": "K",
      "isRedPrice": false,
      "pricePerUOM": 19,
      "activationDate": "12-03-2024",
      "isPromoActive": "N",
      "priceChangeCode": "E"
    },
    "isAvailable": true,
    "isPriceAvailable": true,
    "inPromo": false,
    "gtin": [
      "05900951251795",
      "05900951251788",
      "05400141139730"
    ],
    "topCategoryName": "Koeken/Chocolade/Snoep",
    "topCategoryId": "335",
    "businessDomain": "RETAIL_BE",
    "IsPrivateLabel": false,
    "IsBiffe": false,
    "WeightconversionFactor": "0",
    "IsWeightArticle": false,
    "nutriscoreLabel": "E",
    "IsBio": false,
    "CountryOfOrigin": "BELGIË",
    "IsExclusivelySoldInLuxembourg": false,
    "OrderUnit": "P",
    "ShortName": "TWIX TOP 10 PACK 210G",
    "IsNew": false,
    "RecentQuanityOfStockUnits": "1,2,18",
    "LongName": "TWIX Top 10x21g",
    "AlcoholVolume": "0",
    "FicCode": "E"
  },
  {
    "productId": "855741",
    "technicalArticleNumber": "4704865",
    "commercialArticleNumber": "31344",
    "name": "Raspberry mint suikervrij",
    "brand": "RICOLA",
    "seoBrand": "Ricola",
    "thumbNail": "https://static.colruytgroup.com/images/200x200/std.lang.all/18/13/asset-3161813.jpg",
    "fullImage": "https://static.colruytgroup.com/images/500x500/std.lang.all/18/13/asset-3161813.jpg",
    "squareImage": "https://static.colruytgroup.com/images/500x500sq/std.lang.all/18/13/asset-3161813.jpg",
    "content": "50g",
    "walkRouteSequenceNumber": 18351,
    "price": {
      "basicPrice": 2.15,
      "recommendedQuantity": "1.0",
      "measurementUnitPrice": 43,
      "measurementUnit": "K",
      "isRedPrice": false,
      "pricePerUOM": 43,
      "activationDate": "17-02-2024",
      "recordSource": "Offline",
      "isPromoActive": "N",
      "priceChangeCode": "E"
    },
    "isAvailable": true,
    "isPriceAvailable": true,
    "inPromo": false,
    "gtin": [
      "07610700017692",
      "07610700017708",
      "07610700017685"
    ],
    "topCategoryName": "Koeken/Chocolade/Snoep",
    "topCategoryId": "335",
    "businessDomain": "RETAIL_BE",
    "IsPrivateLabel": false,
    "IsBiffe": false,
    "WeightconversionFactor": "0",
    "IsWeightArticle": false,
    "nutriscoreLabel": "B",
    "IsBio": false,
    "CountryOfOrigin": "BELGIË",
    "IsExclusivelySoldInLuxembourg": false,
    "OrderUnit": "P",
    "ShortName": "RICO RASPBERR.MINT SV50",
    "IsNew": false,
    "EcoscoreLabel": "B",
    "RecentQuanityOfStockUnits": "1,2",
    "LongName": "RICOLA Raspberry mint suikervrij 50g",
    "AlcoholVolume": "0",
    "FicCode": "E",
    "EcoscoreValue": "66"
  },
  {
    "productId": "156993",
    "technicalArticleNumber": "3270612",
    "commercialArticleNumber": "34297",
    "name": "honingwafels",
    "brand": "BONI BIO",
    "seoBrand": "Boni Selection Bio",
    "thumbNail": "https://static.colruytgroup.com/images/200x200/std.lang.all/10/06/asset-2311006.jpg",
    "fullImage": "https://static.colruytgroup.com/images/500x500/std.lang.all/10/06/asset-2311006.jpg",
    "squareImage": "https://static.colruytgroup.com/images/500x500sq/std.lang.all/10/06/asset-2311006.jpg",
    "content": "175g",
    "walkRouteSequenceNumber": 1844,
    "price": {
      "basicPrice": 1.99,
      "recommendedQuantity": "1.0",
      "measurementUnitPrice": 11.38,
      "measurementUnit": "K",
      "isRedPrice": false,
      "pricePerUOM": 11.38,
      "activationDate": "25-11-2023",
      "isPromoActive": "N",
      "priceChangeCode": "E"
    },
    "isAvailable": true,
    "isPriceAvailable": true,
    "inPromo": false,
    "gtin": [
      "05400141137217",
      "15400141368328",
      "05400141368321",
      "15400141934363",
      "05400141065626"
    ],
    "topCategoryName": "Koeken/Chocolade/Snoep",
    "topCategoryId": "335",
    "businessDomain": "RETAIL_BE",
    "IsPrivateLabel": true,
    "IsBiffe": false,
    "WeightconversionFactor": "0",
    "IsWeightArticle": false,
    "nutriscoreLabel": "E",
    "IsBio": true,
    "CountryOfOrigin": "BELGIË",
    "IsExclusivelySoldInLuxembourg": false,
    "OrderUnit": "P",
    "ShortName": "UB BIO BONI HONINGW.175",
    "IsNew": false,
    "EcoscoreLabel": "B",
    "RecentQuanityOfStockUnits": "1,12",
    "LongName": "BONI BIO honingwafels 175g",
    "AlcoholVolume": "0",
    "FicCode": "I",
    "EcoscoreValue": "71"
  },
  {
    "productId": "57585",
    "technicalArticleNumber": "2478692",
    "commercialArticleNumber": "38497",
    "name": "pastille blackcurrant sv",
    "brand": "RICOLA",
    "seoBrand": "Ricola",
    "thumbNail": "https://static.colruytgroup.com/images/200x200/std.lang.all/85/73/asset-3028573.jpg",
    "fullImage": "https://static.colruytgroup.com/images/500x500/std.lang.all/85/73/asset-3028573.jpg",
    "squareImage": "https://static.colruytgroup.com/images/500x500sq/std.lang.all/85/73/asset-3028573.jpg",
    "content": "50g",
    "walkRouteSequenceNumber": 18354,
    "price": {
      "basicPrice": 2.05,
      "recommendedQuantity": "2.0",
      "measurementUnitPrice": 41,
      "measurementUnit": "K",
      "isRedPrice": false,
      "pricePerUOM": 41,
      "activationDate": "02-03-2024",
      "isPromoActive": "N",
      "priceChangeCode": "L"
    },
    "isAvailable": true,
    "isPriceAvailable": true,
    "inPromo": false,
    "gtin": [
      "07610700612026",
      "07610700947289",
      "07610700947470",
      "07610700947463"
    ],
    "topCategoryName": "Koeken/Chocolade/Snoep",
    "topCategoryId": "335",
    "businessDomain": "RETAIL_BE",
    "IsPrivateLabel": false,
    "IsBiffe": false,
    "WeightconversionFactor": "0",
    "IsWeightArticle": false,
    "nutriscoreLabel": "B",
    "IsBio": false,
    "CountryOfOrigin": "ZWITSERLAND",
    "IsExclusivelySoldInLuxembourg": false,
    "OrderUnit": "P",
    "ShortName": "RICOLA BLACKCURRENT 50G",
    "InSeason": true,
    "IsNew": false,
    "EcoscoreLabel": "B",
    "RecentQuanityOfStockUnits": "2,1",
    "LongName": "RICOLA pastille blackcurrant sv 50g",
    "AlcoholVolume": "0",
    "StartSeasonDate": "28/03/2022",
    "FicCode": "E",
    "EcoscoreValue": "66"
  },
  {
    "productId": "1471",
    "technicalArticleNumber": "20011",
    "commercialArticleNumber": "20011",
    "name": "Mignonnette Variété",
    "description": "*Belgische chocolade",
    "brand": "COTE D'OR",
    "seoBrand": "Côte d'Or Mignonnette",
    "thumbNail": "https://static.colruytgroup.com/images/200x200/std.lang.all/69/69/asset-1836969.jpg",
    "fullImage": "https://static.colruytgroup.com/images/500x500/std.lang.all/69/69/asset-1836969.jpg",
    "squareImage": "https://static.colruytgroup.com/images/500x500sq/std.lang.all/69/69/asset-1836969.jpg",
    "content": "320g",
    "walkRouteSequenceNumber": 1217,
    "price": {
      "basicPrice": 7.69,
      "recommendedQuantity": "1.0",
      "measurementUnitPrice": 24.04,
      "measurementUnit": "K",
      "isRedPrice": false,
      "pricePerUOM": 24.04,
      "activationDate": "29-02-2024",
      "recordSource": "Offline",
      "isPromoActive": "N",
      "priceChangeCode": "E"
    },
    "isAvailable": true,
    "isPriceAvailable": true,
    "inPromo": false,
    "gtin": [
      "07622210333124",
      "07622210333131"
    ],
    "topCategoryName": "Koeken/Chocolade/Snoep",
    "topCategoryId": "335",
    "businessDomain": "RETAIL_BE",
    "IsPrivateLabel": false,
    "IsBiffe": false,
    "WeightconversionFactor": "0",
    "IsWeightArticle": false,
    "nutriscoreLabel": "E",
    "IsBio": false,
    "CountryOfOrigin": "POLEN",
    "IsExclusivelySoldInLuxembourg": false,
    "OrderUnit": "P",
    "ShortName": "CD MIGNON VARIETE 320G",
    "IsNew": false,
    "RecentQuanityOfStockUnits": "1",
    "LongName": "COTE D'OR Mignonnette Variété 320g",
    "AlcoholVolume": "0",
    "FicCode": "E"
  },
  {
    "productId": "466365",
    "technicalArticleNumber": "4072325",
    "commercialArticleNumber": "7261",
    "name": "Migno.Noir pointe sel Bio",
    "brand": "COTE D'OR",
    "seoBrand": "Côte d'Or Mignonnette",
    "thumbNail": "https://static.colruytgroup.com/images/200x200/std.lang.all/46/39/asset-1754639.jpg",
    "fullImage": "https://static.colruytgroup.com/images/500x500/std.lang.all/46/39/asset-1754639.jpg",
    "squareImage": "https://static.colruytgroup.com/images/500x500sq/std.lang.all/46/39/asset-1754639.jpg",
    "content": "180g",
    "walkRouteSequenceNumber": 4568,
    "price": {
      "basicPrice": 6.65,
      "recommendedQuantity": "1.0",
      "measurementUnitPrice": 36.95,
      "measurementUnit": "K",
      "isRedPrice": false,
      "pricePerUOM": 36.95,
      "activationDate": "29-02-2024",
      "recordSource": "Offline",
      "isPromoActive": "N",
      "priceChangeCode": "E"
    },
    "isAvailable": true,
    "isPriceAvailable": true,
    "inPromo": false,
    "gtin": [
      "07622210607966",
      "07622210615381"
    ],
    "topCategoryName": "Koeken/Chocolade/Snoep",
    "topCategoryId": "335",
    "businessDomain": "RETAIL_BE",
    "IsPrivateLabel": false,
    "IsBiffe": false,
    "WeightconversionFactor": "0",
    "IsWeightArticle": false,
    "nutriscoreLabel": "E",
    "IsBio": true,
    "CountryOfOrigin": "POLEN",
    "IsExclusivelySoldInLuxembourg": false,
    "OrderUnit": "P",
    "ShortName": "C.DO.BIO MIGN.P.SEL180G",
    "InSeason": true,
    "IsNew": false,
    "RecentQuanityOfStockUnits": "1",
    "LongName": "COTE D'OR Migno.Noir pointe sel Bio 180g",
    "StartSeasonDate": "30/06/2023",
    "FicCode": "E"
  },
  {
    "productId": "338938",
    "technicalArticleNumber": "3831424",
    "commercialArticleNumber": "14825",
    "name": "Pure Fresh Bubblefresh 50st",
    "brand": "MENTOS PURE FRESH",
    "seoBrand": "Mentos",
    "thumbNail": "https://static.colruytgroup.com/images/200x200/std.lang.all/76/06/asset-1487606.jpg",
    "fullImage": "https://static.colruytgroup.com/images/500x500/std.lang.all/76/06/asset-1487606.jpg",
    "squareImage": "https://static.colruytgroup.com/images/500x500sq/std.lang.all/76/06/asset-1487606.jpg",
    "content": "50st",
    "walkRouteSequenceNumber": 18363,
    "price": {
      "basicPrice": 3.99,
      "recommendedQuantity": "1.0",
      "measurementUnitPrice": 0.08,
      "measurementUnit": "S",
      "isRedPrice": false,
      "pricePerUOM": 0.08,
      "activationDate": "24-02-2024",
      "recordSource": "Offline",
      "isPromoActive": "N",
      "priceChangeCode": "H"
    },
    "isAvailable": true,
    "isPriceAvailable": true,
    "inPromo": false,
    "gtin": [
      "08723400819240",
      "00000080766872"
    ],
    "topCategoryName": "Koeken/Chocolade/Snoep",
    "topCategoryId": "335",
    "businessDomain": "RETAIL_BE",
    "IsPrivateLabel": false,
    "IsBiffe": false,
    "WeightconversionFactor": "0",
    "IsWeightArticle": false,
    "nutriscoreLabel": "B",
    "IsBio": false,
    "CountryOfOrigin": "TURKIJE",
    "IsExclusivelySoldInLuxembourg": false,
    "OrderUnit": "P",
    "ShortName": "MENT PF BUBBLEFRESH 50S",
    "IsNew": false,
    "EcoscoreLabel": "C",
    "RecentQuanityOfStockUnits": "1",
    "LongName": "MENTOS PURE FRESH Pure Fresh Bubblefresh 50st 50st",
    "AlcoholVolume": "0",
    "FicCode": "E",
    "EcoscoreValue": "42"
  },
  {
    "productId": "186203",
    "technicalArticleNumber": "3459991",
    "commercialArticleNumber": "50300",
    "name": "speculoos",
    "brand": "LOTUS",
    "seoBrand": "Lotus",
    "thumbNail": "https://static.colruytgroup.com/images/200x200/std.lang.all/23/61/asset-1592361.jpg",
    "fullImage": "https://static.colruytgroup.com/images/500x500/std.lang.all/23/61/asset-1592361.jpg",
    "squareImage": "https://static.colruytgroup.com/images/500x500sq/std.lang.all/23/61/asset-1592361.jpg",
    "content": "2,5kg",
    "walkRouteSequenceNumber": 2118,
    "price": {
      "basicPrice": 22.5,
      "recommendedQuantity": "1.0",
      "measurementUnitPrice": 9,
      "measurementUnit": "K",
      "isRedPrice": false,
      "pricePerUOM": 9,
      "activationDate": "07-03-2024",
      "isPromoActive": "N",
      "priceChangeCode": "H"
    },
    "isAvailable": true,
    "isPriceAvailable": true,
    "inPromo": false,
    "gtin": [
      "05410126006193"
    ],
    "topCategoryName": "Brood/Ontbijt",
    "topCategoryId": "124",
    "businessDomain": "RETAIL_BE",
    "IsPrivateLabel": false,
    "IsBiffe": false,
    "WeightconversionFactor": "0",
    "IsWeightArticle": false,
    "nutriscoreLabel": "E",
    "IsBio": false,
    "CountryOfOrigin": "BELGIË",
    "IsExclusivelySoldInLuxembourg": false,
    "OrderUnit": "P",
    "ShortName": "HC LOTU SPECU.400S 2.5K",
    "IsNew": false,
    "RecentQuanityOfStockUnits": "1",
    "LongName": "LOTUS speculoos 2,5kg",
    "AlcoholVolume": "0",
    "FicCode": "E"
  },
  {
    "productId": "82823",
    "technicalArticleNumber": "2925668",
    "commercialArticleNumber": "35693",
    "name": "pastille zoethout suikervrij",
    "brand": "RICOLA",
    "seoBrand": "Ricola",
    "thumbNail": "https://static.colruytgroup.com/images/200x200/std.lang.all/84/82/asset-3028482.jpg",
    "fullImage": "https://static.colruytgroup.com/images/500x500/std.lang.all/84/82/asset-3028482.jpg",
    "squareImage": "https://static.colruytgroup.com/images/500x500sq/std.lang.all/84/82/asset-3028482.jpg",
    "content": "50g",
    "walkRouteSequenceNumber": 18356,
    "price": {
      "basicPrice": 2.15,
      "recommendedQuantity": "2.0",
      "measurementUnitPrice": 43,
      "measurementUnit": "K",
      "isRedPrice": false,
      "pricePerUOM": 43,
      "activationDate": "06-03-2024",
      "recordSource": "Offline",
      "isPromoActive": "N",
      "priceChangeCode": "H"
    },
    "isAvailable": true,
    "isPriceAvailable": true,
    "inPromo": false,
    "gtin": [
      "07610700021460",
      "07610700021453",
      "03174332021105",
      "03174332021006",
      "07610700944301"
    ],
    "topCategoryName": "Koeken/Chocolade/Snoep",
    "topCategoryId": "335",
    "businessDomain": "RETAIL_BE",
    "IsPrivateLabel": false,
    "IsBiffe": false,
    "WeightconversionFactor": "0",
    "IsWeightArticle": false,
    "IsBio": false,
    "CountryOfOrigin": "ZWITSERLAND",
    "IsExclusivelySoldInLuxembourg": false,
    "OrderUnit": "P",
    "ShortName": "RICOLA ZOETHOUT ZS 50GR",
    "IsNew": false,
    "EcoscoreLabel": "B",
    "RecentQuanityOfStockUnits": "1,2,2,20",
    "LongName": "RICOLA pastille zoethout suikervrij 50g",
    "AlcoholVolume": "0",
    "FicCode": "E",
    "EcoscoreValue": "66"
  },
  {
    "productId": "809532",
    "technicalArticleNumber": "4632915",
    "commercialArticleNumber": "12791",
    "name": "Suikerspin aardbeiensmaak",
    "thumbNail": "https://static.colruytgroup.com/images/200x200/std.lang.all/48/99/asset-2884899.jpg",
    "fullImage": "https://static.colruytgroup.com/images/500x500/std.lang.all/48/99/asset-2884899.jpg",
    "squareImage": "https://static.colruytgroup.com/images/500x500sq/std.lang.all/48/99/asset-2884899.jpg",
    "content": "3x20g",
    "walkRouteSequenceNumber": 1981,
    "price": {
      "basicPrice": 2.19,
      "recommendedQuantity": "1.0",
      "measurementUnitPrice": 36.5,
      "measurementUnit": "K",
      "isRedPrice": false,
      "pricePerUOM": 36.5,
      "activationDate": "13-03-2024",
      "isPromoActive": "N",
      "priceChangeCode": "H"
    },
    "isAvailable": true,
    "isPriceAvailable": true,
    "inPromo": false,
    "gtin": [
      "08718781583187",
      "08718781583194",
      "08718781587673"
    ],
    "topCategoryName": "Koeken/Chocolade/Snoep",
    "topCategoryId": "335",
    "businessDomain": "RETAIL_BE",
    "IsPrivateLabel": false,
    "IsBiffe": false,
    "WeightconversionFactor": "0",
    "IsWeightArticle": false,
    "IsBio": false,
    "CountryOfOrigin": "BULGARIJE",
    "IsExclusivelySoldInLuxembourg": false,
    "OrderUnit": "P",
    "ShortName": "SUIKERSPIN AARDBEI3X20G",
    "IsNew": false,
    "RecentQuanityOfStockUnits": "1,1",
    "LongName": "Suikerspin aardbeiensmaak 3x20g",
    "FicCode": "E"
  },
  {
    "productId": "7235",
    "technicalArticleNumber": "1156345",
    "commercialArticleNumber": "20457",
    "name": "Chlorophylle sticks",
    "brand": "STIMOROL",
    "seoBrand": "Stimorol",
    "thumbNail": "https://static.colruytgroup.com/images/200x200/std.lang.all/45/49/asset-344549.jpg",
    "fullImage": "https://static.colruytgroup.com/images/500x500/std.lang.all/45/49/asset-344549.jpg",
    "squareImage": "https://static.colruytgroup.com/images/500x500sq/std.lang.all/45/49/asset-344549.jpg",
    "content": "6x14g",
    "walkRouteSequenceNumber": 18396,
    "price": {
      "basicPrice": 4.05,
      "recommendedQuantity": "1.0",
      "measurementUnitPrice": 0.068,
      "measurementUnit": "S",
      "isRedPrice": false,
      "pricePerUOM": 0.068,
      "activationDate": "14-11-2023",
      "isPromoActive": "N",
      "priceChangeCode": "E"
    },
    "isAvailable": true,
    "isPriceAvailable": true,
    "inPromo": false,
    "gtin": [
      "07622210043498",
      "07622210043597"
    ],
    "topCategoryName": "Koeken/Chocolade/Snoep",
    "topCategoryId": "335",
    "businessDomain": "RETAIL_BE",
    "IsPrivateLabel": false,
    "IsBiffe": false,
    "WeightconversionFactor": "0",
    "IsWeightArticle": false,
    "nutriscoreLabel": "B",
    "IsBio": false,
    "CountryOfOrigin": "DENEMARKEN",
    "IsExclusivelySoldInLuxembourg": false,
    "OrderUnit": "P",
    "ShortName": "STIM.FOIL CHLORO 6X10ST",
    "InSeason": true,
    "IsNew": false,
    "RecentQuanityOfStockUnits": "1",
    "LongName": "STIMOROL Chlorophylle sticks 6x14g",
    "AlcoholVolume": "0",
    "StartSeasonDate": "13/03/2009",
    "FicCode": "E"
  },
  {
    "productId": "626739",
    "technicalArticleNumber": "4310053",
    "commercialArticleNumber": "21106",
    "name": "rotella",
    "description": "*Zonder dierlijke\ngelatine",
    "brand": "HARIBO",
    "seoBrand": "Haribo",
    "thumbNail": "https://static.colruytgroup.com/images/200x200/std.lang.all/48/83/asset-2194883.jpg",
    "fullImage": "https://static.colruytgroup.com/images/500x500/std.lang.all/48/83/asset-2194883.jpg",
    "squareImage": "https://static.colruytgroup.com/images/500x500sq/std.lang.all/48/83/asset-2194883.jpg",
    "content": "400g",
    "walkRouteSequenceNumber": 1829,
    "price": {
      "basicPrice": 4.14,
      "recommendedQuantity": "1.0",
      "measurementUnitPrice": 10.35,
      "measurementUnit": "K",
      "isRedPrice": false,
      "pricePerUOM": 10.35,
      "activationDate": "20-02-2024",
      "recordSource": "Offline",
      "isPromoActive": "N",
      "priceChangeCode": "E"
    },
    "isAvailable": true,
    "isPriceAvailable": true,
    "inPromo": false,
    "gtin": [
      "04001686101964",
      "04001686101957"
    ],
    "topCategoryName": "Koeken/Chocolade/Snoep",
    "topCategoryId": "335",
    "businessDomain": "RETAIL_BE",
    "IsPrivateLabel": false,
    "IsBiffe": false,
    "WeightconversionFactor": "0",
    "IsWeightArticle": false,
    "nutriscoreLabel": "E",
    "IsBio": false,
    "CountryOfOrigin": "DUITSLAND",
    "IsExclusivelySoldInLuxembourg": false,
    "OrderUnit": "P",
    "ShortName": "HARI ROTELLA 400G",
    "IsNew": false,
    "EcoscoreLabel": "B",
    "RecentQuanityOfStockUnits": "1",
    "LongName": "HARIBO rotella 400g",
    "FicCode": "E",
    "EcoscoreValue": "69"
  },
  {
    "productId": "9804",
    "technicalArticleNumber": "1383027",
    "commercialArticleNumber": "20712",
    "name": "snoep megafeest",
    "brand": "HARIBO",
    "seoBrand": "Haribo",
    "thumbNail": "https://static.colruytgroup.com/images/200x200/std.lang.all/82/37/asset-1528237.jpg",
    "fullImage": "https://static.colruytgroup.com/images/500x500/std.lang.all/82/37/asset-1528237.jpg",
    "squareImage": "https://static.colruytgroup.com/images/500x500sq/std.lang.all/82/37/asset-1528237.jpg",
    "content": "1kg",
    "walkRouteSequenceNumber": 1965,
    "price": {
      "basicPrice": 12.99,
      "recommendedQuantity": "1.0",
      "measurementUnitPrice": 12.99,
      "measurementUnit": "K",
      "isRedPrice": false,
      "pricePerUOM": 12.99,
      "activationDate": "14-11-2023",
      "isPromoActive": "N",
      "priceChangeCode": "E"
    },
    "isAvailable": true,
    "isPriceAvailable": true,
    "inPromo": false,
    "gtin": [
      "03103220009703",
      "03103221009702",
      "03103221225782"
    ],
    "topCategoryName": "Koeken/Chocolade/Snoep",
    "topCategoryId": "335",
    "businessDomain": "RETAIL_BE",
    "IsPrivateLabel": false,
    "IsBiffe": false,
    "WeightconversionFactor": "0",
    "IsWeightArticle": false,
    "nutriscoreLabel": "E",
    "IsBio": false,
    "CountryOfOrigin": "BELGIË",
    "IsExclusivelySoldInLuxembourg": false,
    "OrderUnit": "P",
    "ShortName": "HARIBO MEGA FEEST 1KG",
    "InSeason": true,
    "IsNew": false,
    "EcoscoreLabel": "C",
    "RecentQuanityOfStockUnits": "1",
    "LongName": "HARIBO snoep megafeest 1kg",
    "StartSeasonDate": "04/03/2008",
    "FicCode": "E",
    "EcoscoreValue": "42"
  },
  {
    "productId": "354665",
    "technicalArticleNumber": "3859306",
    "commercialArticleNumber": "22212",
    "name": "gum chlorophyl 100st",
    "brand": "MENTOS",
    "seoBrand": "Mentos",
    "thumbNail": "https://static.colruytgroup.com/images/200x200/std.lang.all/80/88/asset-3018088.jpg",
    "fullImage": "https://static.colruytgroup.com/images/500x500/std.lang.all/80/88/asset-3018088.jpg",
    "squareImage": "https://static.colruytgroup.com/images/500x500sq/std.lang.all/80/88/asset-3018088.jpg",
    "content": "150g",
    "walkRouteSequenceNumber": 18341,
    "price": {
      "basicPrice": 7.15,
      "recommendedQuantity": "1.0",
      "measurementUnitPrice": 0.072,
      "measurementUnit": "S",
      "isRedPrice": false,
      "pricePerUOM": 0.072,
      "activationDate": "27-02-2024",
      "recordSource": "Offline",
      "isPromoActive": "N",
      "priceChangeCode": "H"
    },
    "isAvailable": true,
    "isPriceAvailable": true,
    "inPromo": false,
    "gtin": [
      "00000080772743",
      "08003440990735",
      "08003440923818"
    ],
    "topCategoryName": "Koeken/Chocolade/Snoep",
    "topCategoryId": "335",
    "businessDomain": "RETAIL_BE",
    "IsPrivateLabel": false,
    "IsBiffe": false,
    "WeightconversionFactor": "0",
    "IsWeightArticle": false,
    "nutriscoreLabel": "B",
    "IsBio": false,
    "CountryOfOrigin": "TURKIJE",
    "IsExclusivelySoldInLuxembourg": false,
    "OrderUnit": "P",
    "ShortName": "MENT GUM CHLOROPHY100ST",
    "IsNew": false,
    "EcoscoreLabel": "C",
    "RecentQuanityOfStockUnits": "1",
    "LongName": "MENTOS gum chlorophyl 100st 150g",
    "AlcoholVolume": "0",
    "FicCode": "E",
    "EcoscoreValue": "42"
  },
  {
    "productId": "55984",
    "technicalArticleNumber": "2411839",
    "commercialArticleNumber": "18576",
    "name": "Peppermint",
    "brand": "FRISK",
    "seoBrand": "Frisk",
    "thumbNail": "https://static.colruytgroup.com/images/200x200/std.lang.all/47/63/asset-374763.jpg",
    "fullImage": "https://static.colruytgroup.com/images/500x500/std.lang.all/47/63/asset-374763.jpg",
    "squareImage": "https://static.colruytgroup.com/images/500x500sq/std.lang.all/47/63/asset-374763.jpg",
    "content": "3st",
    "walkRouteSequenceNumber": 18380,
    "price": {
      "basicPrice": 5.39,
      "recommendedQuantity": "1.0",
      "measurementUnitPrice": 317.06,
      "measurementUnit": "K",
      "isRedPrice": false,
      "pricePerUOM": 317.06,
      "activationDate": "28-02-2024",
      "recordSource": "Offline",
      "isPromoActive": "N",
      "priceChangeCode": "H"
    },
    "isAvailable": true,
    "isPriceAvailable": true,
    "inPromo": false,
    "gtin": [
      "05412841606115",
      "05412841606085"
    ],
    "topCategoryName": "Koeken/Chocolade/Snoep",
    "topCategoryId": "335",
    "businessDomain": "RETAIL_BE",
    "IsPrivateLabel": false,
    "IsBiffe": false,
    "WeightconversionFactor": "0",
    "IsWeightArticle": false,
    "nutriscoreLabel": "B",
    "IsBio": false,
    "CountryOfOrigin": "BELGIË",
    "IsExclusivelySoldInLuxembourg": false,
    "OrderUnit": "P",
    "ShortName": "FRISK PEPPERMINT 3 PACK",
    "IsNew": false,
    "EcoscoreLabel": "B",
    "RecentQuanityOfStockUnits": "1",
    "LongName": "FRISK Peppermint 3st",
    "AlcoholVolume": "0",
    "FicCode": "E",
    "EcoscoreValue": "66"
  },
  {
    "productId": "84579",
    "technicalArticleNumber": "2956015",
    "commercialArticleNumber": "1216",
    "name": "snoep zure matten",
    "brand": "LUTTI",
    "seoBrand": "Lutti",
    "thumbNail": "https://static.colruytgroup.com/images/200x200/std.lang.all/36/30/asset-763630.jpg",
    "fullImage": "https://static.colruytgroup.com/images/500x500/std.lang.all/36/30/asset-763630.jpg",
    "squareImage": "https://static.colruytgroup.com/images/500x500sq/std.lang.all/36/30/asset-763630.jpg",
    "content": "600g",
    "walkRouteSequenceNumber": 1984,
    "price": {
      "basicPrice": 8.97,
      "recommendedQuantity": "1.0",
      "measurementUnitPrice": 14.95,
      "measurementUnit": "K",
      "isRedPrice": false,
      "pricePerUOM": 14.95,
      "activationDate": "13-02-2024",
      "recordSource": "Offline",
      "isPromoActive": "N",
      "priceChangeCode": "H"
    },
    "isAvailable": true,
    "isPriceAvailable": true,
    "inPromo": false,
    "gtin": [
      "05400787026296",
      "05400787026289"
    ],
    "topCategoryName": "Koeken/Chocolade/Snoep",
    "topCategoryId": "335",
    "businessDomain": "RETAIL_BE",
    "IsPrivateLabel": false,
    "IsBiffe": false,
    "WeightconversionFactor": "0",
    "IsWeightArticle": false,
    "nutriscoreLabel": "E",
    "IsBio": false,
    "CountryOfOrigin": "NEDERLAND",
    "IsExclusivelySoldInLuxembourg": false,
    "OrderUnit": "P",
    "ShortName": "LUTTI LONGFIZZ 600GR",
    "InSeason": true,
    "IsNew": false,
    "EcoscoreLabel": "C",
    "RecentQuanityOfStockUnits": "1",
    "LongName": "LUTTI snoep zure matten 600g",
    "AlcoholVolume": "0",
    "StartSeasonDate": "11/06/2013",
    "FicCode": "E",
    "EcoscoreValue": "42"
  },
  {
    "productId": "32411",
    "technicalArticleNumber": "1882043",
    "commercialArticleNumber": "20737",
    "name": "Peppermint 6x12st",
    "brand": "SPORTLIFE",
    "seoBrand": "Sportlife",
    "thumbNail": "https://static.colruytgroup.com/images/200x200/std.lang.all/47/42/asset-3424742.jpg",
    "fullImage": "https://static.colruytgroup.com/images/500x500/std.lang.all/47/42/asset-3424742.jpg",
    "squareImage": "https://static.colruytgroup.com/images/500x500sq/std.lang.all/47/42/asset-3424742.jpg",
    "content": "108g",
    "walkRouteSequenceNumber": 18409,
    "price": {
      "basicPrice": 5.08,
      "recommendedQuantity": "1.0",
      "measurementUnitPrice": 0.053,
      "measurementUnit": "S",
      "isRedPrice": false,
      "pricePerUOM": 0.053,
      "activationDate": "01-03-2024",
      "recordSource": "Offline",
      "isPromoActive": "N",
      "priceChangeCode": "H"
    },
    "isAvailable": true,
    "isPriceAvailable": true,
    "inPromo": false,
    "gtin": [
      "08711400406539",
      "08711400426582"
    ],
    "topCategoryName": "Koeken/Chocolade/Snoep",
    "topCategoryId": "335",
    "businessDomain": "RETAIL_BE",
    "IsPrivateLabel": false,
    "IsBiffe": false,
    "WeightconversionFactor": "0",
    "IsWeightArticle": false,
    "nutriscoreLabel": "B",
    "IsBio": false,
    "CountryOfOrigin": "NEDERLAND",
    "IsExclusivelySoldInLuxembourg": false,
    "OrderUnit": "P",
    "ShortName": "SPORTLIFE PEPPER 6X12ST",
    "IsNew": false,
    "EcoscoreLabel": "C",
    "RecentQuanityOfStockUnits": "1",
    "LongName": "SPORTLIFE Peppermint 6x12st 108g",
    "AlcoholVolume": "0",
    "FicCode": "E",
    "EcoscoreValue": "42"
  },
  {
    "productId": "859153",
    "technicalArticleNumber": "4709550",
    "commercialArticleNumber": "31794",
    "name": "sable choco noir",
    "brand": "DELACRE",
    "seoBrand": "Delacre",
    "thumbNail": "https://static.colruytgroup.com/images/200x200/std.lang.all/61/21/asset-3176121.jpg",
    "fullImage": "https://static.colruytgroup.com/images/500x500/std.lang.all/61/21/asset-3176121.jpg",
    "squareImage": "https://static.colruytgroup.com/images/500x500sq/std.lang.all/61/21/asset-3176121.jpg",
    "content": "130g",
    "walkRouteSequenceNumber": 2079,
    "price": {
      "basicPrice": 2.89,
      "recommendedQuantity": "1.0",
      "measurementUnitPrice": 22.24,
      "measurementUnit": "K",
      "isRedPrice": false,
      "pricePerUOM": 22.24,
      "activationDate": "06-03-2024",
      "recordSource": "Offline",
      "isPromoActive": "N",
      "priceChangeCode": "H"
    },
    "isAvailable": true,
    "isPriceAvailable": true,
    "inPromo": false,
    "gtin": [
      "03116430530516",
      "03116430217585"
    ],
    "topCategoryName": "Koeken/Chocolade/Snoep",
    "topCategoryId": "335",
    "businessDomain": "RETAIL_BE",
    "IsPrivateLabel": false,
    "IsBiffe": false,
    "WeightconversionFactor": "0",
    "IsWeightArticle": false,
    "nutriscoreLabel": "E",
    "IsBio": false,
    "CountryOfOrigin": "BELGIË",
    "IsExclusivelySoldInLuxembourg": false,
    "OrderUnit": "P",
    "ShortName": "DELA SABLE CHOC.NOIR130",
    "IsNew": false,
    "RecentQuanityOfStockUnits": "1",
    "LongName": "DELACRE sable choco noir 130g",
    "FicCode": "E"
  },
  {
    "productId": "859153",
    "technicalArticleNumber": "4709550",
    "commercialArticleNumber": "31794",
    "name": "sable choco noir",
    "brand": "DELACRE",
    "seoBrand": "Delacre",
    "thumbNail": "https://static.colruytgroup.com/images/200x200/std.lang.all/61/21/asset-3176121.jpg",
    "fullImage": "https://static.colruytgroup.com/images/500x500/std.lang.all/61/21/asset-3176121.jpg",
    "squareImage": "https://static.colruytgroup.com/images/500x500sq/std.lang.all/61/21/asset-3176121.jpg",
    "content": "130g",
    "walkRouteSequenceNumber": 2079,
    "price": {
      "basicPrice": 2.89,
      "recommendedQuantity": "1.0",
      "measurementUnitPrice": 22.24,
      "measurementUnit": "K",
      "isRedPrice": false,
      "pricePerUOM": 22.24,
      "activationDate": "06-03-2024",
      "recordSource": "Offline",
      "isPromoActive": "N",
      "priceChangeCode": "H"
    },
    "isAvailable": true,
    "isPriceAvailable": true,
    "inPromo": false,
    "gtin": [
      "03116430530516",
      "03116430217585"
    ],
    "topCategoryName": "Koeken/Chocolade/Snoep",
    "topCategoryId": "335",
    "businessDomain": "RETAIL_BE",
    "IsPrivateLabel": false,
    "IsBiffe": false,
    "WeightconversionFactor": "0",
    "IsWeightArticle": false,
    "nutriscoreLabel": "E",
    "IsBio": false,
    "CountryOfOrigin": "BELGIË",
    "IsExclusivelySoldInLuxembourg": false,
    "OrderUnit": "P",
    "ShortName": "DELA SABLE CHOC.NOIR130",
    "IsNew": false,
    "RecentQuanityOfStockUnits": "1",
    "LongName": "DELACRE sable choco noir 130g",
    "FicCode": "E"
  },
  {
    "productId": "862512",
    "technicalArticleNumber": "4713867",
    "commercialArticleNumber": "31873",
    "name": "Candy Cups",
    "brand": "HARIBO",
    "seoBrand": "Haribo",
    "thumbNail": "https://static.colruytgroup.com/images/200x200/std.lang.all/28/20/asset-3172820.jpg",
    "fullImage": "https://static.colruytgroup.com/images/500x500/std.lang.all/28/20/asset-3172820.jpg",
    "squareImage": "https://static.colruytgroup.com/images/500x500sq/std.lang.all/28/20/asset-3172820.jpg",
    "content": "190g",
    "walkRouteSequenceNumber": 1815,
    "price": {
      "basicPrice": 2.95,
      "recommendedQuantity": "1.0",
      "measurementUnitPrice": 15.53,
      "measurementUnit": "K",
      "isRedPrice": false,
      "pricePerUOM": 15.53,
      "activationDate": "23-03-2024",
      "recordSource": "Offline",
      "isPromoActive": "N",
      "priceChangeCode": "H"
    },
    "isAvailable": true,
    "isPriceAvailable": true,
    "inPromo": false,
    "gtin": [
      "04001686781531",
      "04001686381410",
      "04001686393680",
      "04001686727461"
    ],
    "topCategoryName": "Koeken/Chocolade/Snoep",
    "topCategoryId": "335",
    "businessDomain": "RETAIL_BE",
    "IsPrivateLabel": false,
    "IsBiffe": false,
    "WeightconversionFactor": "0",
    "IsWeightArticle": false,
    "nutriscoreLabel": "D",
    "IsBio": false,
    "CountryOfOrigin": "SPANJE",
    "IsExclusivelySoldInLuxembourg": false,
    "OrderUnit": "P",
    "ShortName": "HARI CANDY CUPS 190G",
    "IsNew": false,
    "EcoscoreLabel": "C",
    "RecentQuanityOfStockUnits": "1,1,1",
    "LongName": "HARIBO Candy Cups 190g",
    "FicCode": "E",
    "EcoscoreValue": "42"
  },
  {
    "productId": "330894",
    "technicalArticleNumber": "3810158",
    "commercialArticleNumber": "15625",
    "name": "cherry cola mix",
    "brand": "HARIBO",
    "seoBrand": "Haribo",
    "thumbNail": "https://static.colruytgroup.com/images/200x200/std.lang.all/85/15/asset-1448515.jpg",
    "fullImage": "https://static.colruytgroup.com/images/500x500/std.lang.all/85/15/asset-1448515.jpg",
    "squareImage": "https://static.colruytgroup.com/images/500x500sq/std.lang.all/85/15/asset-1448515.jpg",
    "content": "100g",
    "walkRouteSequenceNumber": 1631,
    "price": {
      "basicPrice": 2.15,
      "recommendedQuantity": "1.0",
      "measurementUnitPrice": 21.5,
      "measurementUnit": "K",
      "isRedPrice": false,
      "pricePerUOM": 21.5,
      "activationDate": "23-03-2024",
      "recordSource": "Offline",
      "isPromoActive": "N",
      "priceChangeCode": "E"
    },
    "isAvailable": true,
    "isPriceAvailable": true,
    "inPromo": false,
    "gtin": [
      "04001686395233",
      "04001686743782"
    ],
    "topCategoryName": "Koeken/Chocolade/Snoep",
    "topCategoryId": "335",
    "businessDomain": "RETAIL_BE",
    "IsPrivateLabel": false,
    "IsBiffe": false,
    "WeightconversionFactor": "0",
    "IsWeightArticle": false,
    "nutriscoreLabel": "D",
    "IsBio": false,
    "CountryOfOrigin": "NEDERLAND",
    "IsExclusivelySoldInLuxembourg": false,
    "OrderUnit": "P",
    "ShortName": "HARI CHERRY COLA MIX100",
    "IsNew": false,
    "EcoscoreLabel": "C",
    "RecentQuanityOfStockUnits": "1",
    "LongName": "HARIBO cherry cola mix 100g",
    "AlcoholVolume": "0",
    "FicCode": "E",
    "EcoscoreValue": "42"
  },
  {
    "productId": "1477",
    "technicalArticleNumber": "20083",
    "commercialArticleNumber": "20083",
    "name": "melk callets 33,6% cacao",
    "description": "*Belgische chocolade\n*Altijd met factuur",
    "brand": "CALLEBAUT",
    "seoBrand": "Callebaut",
    "thumbNail": "https://static.colruytgroup.com/images/200x200/std.lang.all/32/36/asset-1733236.jpg",
    "fullImage": "https://static.colruytgroup.com/images/500x500/std.lang.all/32/36/asset-1733236.jpg",
    "squareImage": "https://static.colruytgroup.com/images/500x500sq/std.lang.all/32/36/asset-1733236.jpg",
    "content": "2,5kg",
    "walkRouteSequenceNumber": 1298,
    "price": {
      "basicPrice": 30.04,
      "recommendedQuantity": "1.0",
      "measurementUnitPrice": 12.02,
      "measurementUnit": "K",
      "isRedPrice": false,
      "pricePerUOM": 12.02,
      "activationDate": "02-01-2024",
      "isPromoActive": "N",
      "priceChangeCode": "E"
    },
    "isAvailable": true,
    "isPriceAvailable": true,
    "inPromo": false,
    "gtin": [
      "05410522513530",
      "05410522534405",
      "15410522569886"
    ],
    "topCategoryName": "Koeken/Chocolade/Snoep",
    "topCategoryId": "335",
    "businessDomain": "RETAIL_BE",
    "IsPrivateLabel": false,
    "IsBiffe": false,
    "WeightconversionFactor": "0",
    "IsWeightArticle": false,
    "nutriscoreLabel": "E",
    "IsBio": false,
    "CountryOfOrigin": "BELGIË",
    "IsExclusivelySoldInLuxembourg": false,
    "OrderUnit": "P",
    "ShortName": "HC CALL 823CAL.MELK 2K5",
    "IsNew": false,
    "EcoscoreLabel": "E",
    "RecentQuanityOfStockUnits": "1",
    "LongName": "CALLEBAUT melk callets 33,6% cacao 2,5kg",
    "AlcoholVolume": "0",
    "FicCode": "E",
    "EcoscoreValue": "18"
  },
  {
    "productId": "784057",
    "technicalArticleNumber": "4583081",
    "commercialArticleNumber": "9322",
    "name": "harde snoep violette zakje",
    "brand": "GICOPA",
    "seoBrand": "Gicopa",
    "thumbNail": "https://static.colruytgroup.com/images/200x200/std.lang.all/87/10/asset-2778710.jpg",
    "fullImage": "https://static.colruytgroup.com/images/500x500/std.lang.all/87/10/asset-2778710.jpg",
    "squareImage": "https://static.colruytgroup.com/images/500x500sq/std.lang.all/87/10/asset-2778710.jpg",
    "content": "218g",
    "walkRouteSequenceNumber": 1998,
    "price": {
      "basicPrice": 4.02,
      "recommendedQuantity": "1.0",
      "measurementUnitPrice": 18.45,
      "measurementUnit": "K",
      "isRedPrice": false,
      "pricePerUOM": 18.45,
      "activationDate": "23-03-2024",
      "recordSource": "Offline",
      "isPromoActive": "N",
      "priceChangeCode": "H"
    },
    "isAvailable": true,
    "isPriceAvailable": true,
    "inPromo": false,
    "gtin": [
      "05411951037543",
      "05411951037550"
    ],
    "topCategoryName": "Koeken/Chocolade/Snoep",
    "topCategoryId": "335",
    "businessDomain": "RETAIL_BE",
    "IsPrivateLabel": false,
    "IsBiffe": false,
    "WeightconversionFactor": "0",
    "IsWeightArticle": false,
    "nutriscoreLabel": "E",
    "IsBio": false,
    "CountryOfOrigin": "BELGIË",
    "IsExclusivelySoldInLuxembourg": false,
    "OrderUnit": "P",
    "ShortName": "GICO VIOLETTE ZAKJE218G",
    "IsNew": false,
    "EcoscoreLabel": "B",
    "RecentQuanityOfStockUnits": "1",
    "LongName": "GICOPA harde snoep violette zakje 218g",
    "FicCode": "E",
    "EcoscoreValue": "66"
  },
  {
    "productId": "14830",
    "technicalArticleNumber": "1443133",
    "commercialArticleNumber": "8341",
    "name": "volk.mueslikoeken bio",
    "brand": "BILLY'S FARM",
    "seoBrand": "Billy's Farm",
    "thumbNail": "https://static.colruytgroup.com/images/200x200/std.lang.all/92/65/asset-3019265.jpg",
    "fullImage": "https://static.colruytgroup.com/images/500x500/std.lang.all/92/65/asset-3019265.jpg",
    "squareImage": "https://static.colruytgroup.com/images/500x500sq/std.lang.all/92/65/asset-3019265.jpg",
    "content": "250g",
    "walkRouteSequenceNumber": 2322,
    "price": {
      "basicPrice": 2.89,
      "recommendedQuantity": "1.0",
      "measurementUnitPrice": 11.56,
      "measurementUnit": "K",
      "isRedPrice": false,
      "pricePerUOM": 11.56,
      "activationDate": "03-11-2022",
      "isPromoActive": "N",
      "priceChangeCode": "E"
    },
    "isAvailable": true,
    "isPriceAvailable": true,
    "inPromo": false,
    "gtin": [
      "08711753001061",
      "08711753021120"
    ],
    "topCategoryName": "Brood/Ontbijt",
    "topCategoryId": "124",
    "businessDomain": "RETAIL_BE",
    "IsPrivateLabel": false,
    "IsBiffe": false,
    "WeightconversionFactor": "0",
    "IsWeightArticle": false,
    "nutriscoreLabel": "D",
    "IsBio": true,
    "CountryOfOrigin": "NEDERLAND",
    "IsExclusivelySoldInLuxembourg": false,
    "OrderUnit": "P",
    "ShortName": "UB BIO MUESLIKOEK12ST",
    "IsNew": false,
    "EcoscoreLabel": "B",
    "RecentQuanityOfStockUnits": "1",
    "LongName": "BILLY'S FARM volk.mueslikoeken bio 250g",
    "AlcoholVolume": "0",
    "FicCode": "E",
    "EcoscoreValue": "77"
  },
  {
    "productId": "778534",
    "technicalArticleNumber": "4572074",
    "commercialArticleNumber": "28529",
    "name": "best fizz",
    "brand": "LUTTI",
    "seoBrand": "Lutti",
    "thumbNail": "https://static.colruytgroup.com/images/200x200/std.lang.all/11/44/asset-3361144.jpg",
    "fullImage": "https://static.colruytgroup.com/images/500x500/std.lang.all/11/44/asset-3361144.jpg",
    "squareImage": "https://static.colruytgroup.com/images/500x500sq/std.lang.all/11/44/asset-3361144.jpg",
    "content": "350g",
    "walkRouteSequenceNumber": 1942,
    "price": {
      "basicPrice": 4.19,
      "recommendedQuantity": "1.0",
      "measurementUnitPrice": 11.98,
      "measurementUnit": "K",
      "isRedPrice": false,
      "pricePerUOM": 11.98,
      "activationDate": "23-03-2024",
      "recordSource": "Offline",
      "isPromoActive": "N",
      "priceChangeCode": "L"
    },
    "isAvailable": true,
    "isPriceAvailable": true,
    "inPromo": false,
    "gtin": [
      "03116740026136",
      "03116742050528"
    ],
    "topCategoryName": "Koeken/Chocolade/Snoep",
    "topCategoryId": "335",
    "businessDomain": "RETAIL_BE",
    "IsPrivateLabel": false,
    "IsBiffe": false,
    "WeightconversionFactor": "0",
    "IsWeightArticle": false,
    "nutriscoreLabel": "E",
    "IsBio": false,
    "CountryOfOrigin": "FRANKRIJK",
    "IsExclusivelySoldInLuxembourg": false,
    "OrderUnit": "P",
    "ShortName": "LUTT BEST FIZZ 350G",
    "IsNew": false,
    "EcoscoreLabel": "C",
    "RecentQuanityOfStockUnits": "1",
    "LongName": "LUTTI best fizz 350g",
    "FicCode": "E",
    "EcoscoreValue": "42"
  },
  {
    "productId": "812847",
    "technicalArticleNumber": "4638870",
    "commercialArticleNumber": "15640",
    "name": "balla red",
    "brand": "HARIBO",
    "seoBrand": "Haribo",
    "thumbNail": "https://static.colruytgroup.com/images/200x200/std.lang.all/36/89/asset-2933689.jpg",
    "fullImage": "https://static.colruytgroup.com/images/500x500/std.lang.all/36/89/asset-2933689.jpg",
    "squareImage": "https://static.colruytgroup.com/images/500x500sq/std.lang.all/36/89/asset-2933689.jpg",
    "content": "110g",
    "walkRouteSequenceNumber": 1629,
    "price": {
      "basicPrice": 2.89,
      "recommendedQuantity": "1.0",
      "measurementUnitPrice": 26.28,
      "measurementUnit": "K",
      "isRedPrice": false,
      "pricePerUOM": 26.28,
      "activationDate": "19-01-2023",
      "isPromoActive": "N",
      "priceChangeCode": "H"
    },
    "isAvailable": true,
    "isPriceAvailable": true,
    "inPromo": false,
    "gtin": [
      "04001686110690",
      "04001686110683"
    ],
    "topCategoryName": "Koeken/Chocolade/Snoep",
    "topCategoryId": "335",
    "businessDomain": "RETAIL_BE",
    "IsPrivateLabel": false,
    "IsBiffe": false,
    "WeightconversionFactor": "0",
    "IsWeightArticle": false,
    "nutriscoreLabel": "E",
    "IsBio": false,
    "CountryOfOrigin": "SPANJE",
    "IsExclusivelySoldInLuxembourg": false,
    "OrderUnit": "P",
    "ShortName": "HARI BALLA RED 110G",
    "IsNew": false,
    "EcoscoreLabel": "C",
    "RecentQuanityOfStockUnits": "1",
    "LongName": "HARIBO balla red 110g",
    "FicCode": "E",
    "EcoscoreValue": "42"
  },
  {
    "productId": "825694",
    "technicalArticleNumber": "4662744",
    "commercialArticleNumber": "29902",
    "name": "muizen",
    "brand": "LUTTI",
    "seoBrand": "Lutti",
    "thumbNail": "https://static.colruytgroup.com/images/200x200/std.lang.all/45/04/asset-3244504.jpg",
    "fullImage": "https://static.colruytgroup.com/images/500x500/std.lang.all/45/04/asset-3244504.jpg",
    "squareImage": "https://static.colruytgroup.com/images/500x500sq/std.lang.all/45/04/asset-3244504.jpg",
    "content": "500g",
    "walkRouteSequenceNumber": 1940,
    "price": {
      "basicPrice": 5.39,
      "recommendedQuantity": "1.0",
      "measurementUnitPrice": 10.78,
      "measurementUnit": "K",
      "isRedPrice": false,
      "pricePerUOM": 10.78,
      "activationDate": "03-01-2024",
      "isPromoActive": "N",
      "priceChangeCode": "H"
    },
    "isAvailable": true,
    "isPriceAvailable": true,
    "inPromo": false,
    "gtin": [
      "05400787048182",
      "05400787048199"
    ],
    "topCategoryName": "Koeken/Chocolade/Snoep",
    "topCategoryId": "335",
    "businessDomain": "RETAIL_BE",
    "IsPrivateLabel": false,
    "IsBiffe": false,
    "WeightconversionFactor": "0",
    "IsWeightArticle": false,
    "nutriscoreLabel": "E",
    "IsBio": false,
    "CountryOfOrigin": "NEDERLAND",
    "IsExclusivelySoldInLuxembourg": false,
    "OrderUnit": "P",
    "ShortName": "LUTT MUIZEN 500G",
    "IsNew": false,
    "EcoscoreLabel": "C",
    "RecentQuanityOfStockUnits": "1",
    "LongName": "LUTTI muizen 500g",
    "FicCode": "E",
    "EcoscoreValue": "42"
  },
  {
    "productId": "892828",
    "technicalArticleNumber": "4754784",
    "commercialArticleNumber": "3829",
    "name": "Choc&Croc amandel",
    "brand": "JULES DESTROOPER",
    "seoBrand": "Jules Destrooper",
    "thumbNail": "https://static.colruytgroup.com/images/200x200/std.lang.all/38/89/asset-3303889.jpg",
    "fullImage": "https://static.colruytgroup.com/images/500x500/std.lang.all/38/89/asset-3303889.jpg",
    "squareImage": "https://static.colruytgroup.com/images/500x500sq/std.lang.all/38/89/asset-3303889.jpg",
    "content": "100g",
    "walkRouteSequenceNumber": 2091,
    "price": {
      "basicPrice": 2.99,
      "recommendedQuantity": "1.0",
      "quantityPrice": 1.59,
      "quantityPriceQuantity": "2.0",
      "measurementUnitPrice": 29.9,
      "measurementUnitQuantityPrice": 15.9,
      "measurementUnit": "K",
      "isRedPrice": false,
      "pricePerUOM": 29.9,
      "activationDate": "21-03-2024",
      "recordSource": "Offline",
      "isPromoActive": "N",
      "priceChangeCode": "E",
      "quantityPricePerUOM": 15.9,
      "quantityActivationDate": "21-03-2024",
      "quantityPriceChangeCode": "L"
    },
    "isAvailable": true,
    "isPriceAvailable": true,
    "inPromo": false,
    "gtin": [
      "05410471917311"
    ],
    "topCategoryName": "Koeken/Chocolade/Snoep",
    "topCategoryId": "335",
    "businessDomain": "RETAIL_BE",
    "IsPrivateLabel": false,
    "IsBiffe": false,
    "WeightconversionFactor": "0",
    "IsWeightArticle": false,
    "nutriscoreLabel": "E",
    "IsBio": false,
    "CountryOfOrigin": "BELGIË",
    "IsExclusivelySoldInLuxembourg": false,
    "OrderUnit": "P",
    "ShortName": "JDS CHOC&CROC AMAND.100",
    "IsNew": false,
    "EcoscoreLabel": "C",
    "RecentQuanityOfStockUnits": "1",
    "LongName": "JULES DESTROOPER Choc&Croc amandel 100g",
    "AlcoholVolume": "0",
    "FicCode": "E",
    "EcoscoreValue": "42"
  },
  {
    "productId": "690451",
    "technicalArticleNumber": "4416951",
    "commercialArticleNumber": "18434",
    "name": "zure regenboogmatten",
    "brand": "LOOK O LOOK",
    "seoBrand": "Look O Look",
    "thumbNail": "https://static.colruytgroup.com/images/200x200/std.lang.all/80/15/asset-2848015.jpg",
    "fullImage": "https://static.colruytgroup.com/images/500x500/std.lang.all/80/15/asset-2848015.jpg",
    "squareImage": "https://static.colruytgroup.com/images/500x500sq/std.lang.all/80/15/asset-2848015.jpg",
    "content": "200g",
    "walkRouteSequenceNumber": 1818,
    "price": {
      "basicPrice": 3.29,
      "recommendedQuantity": "1.0",
      "measurementUnitPrice": 16.45,
      "measurementUnit": "K",
      "isRedPrice": false,
      "pricePerUOM": 16.45,
      "activationDate": "02-03-2024",
      "recordSource": "Offline",
      "isPromoActive": "N",
      "priceChangeCode": "L"
    },
    "isAvailable": true,
    "isPriceAvailable": true,
    "inPromo": false,
    "gtin": [
      "08713600037551",
      "08713600937554",
      "08713600501601"
    ],
    "topCategoryName": "Koeken/Chocolade/Snoep",
    "topCategoryId": "335",
    "businessDomain": "RETAIL_BE",
    "IsPrivateLabel": false,
    "IsBiffe": false,
    "WeightconversionFactor": "0",
    "IsWeightArticle": false,
    "nutriscoreLabel": "E",
    "IsBio": false,
    "CountryOfOrigin": "NEDERLAND",
    "IsExclusivelySoldInLuxembourg": false,
    "OrderUnit": "P",
    "ShortName": "LOOK ZURE REGENB.MAT200",
    "IsNew": false,
    "EcoscoreLabel": "C",
    "RecentQuanityOfStockUnits": "1",
    "LongName": "LOOK O LOOK zure regenboogmatten 200g",
    "FicCode": "E",
    "EcoscoreValue": "42"
  },
  {
    "productId": "872081",
    "technicalArticleNumber": "4726199",
    "commercialArticleNumber": "15966",
    "name": "Mix Balls",
    "brand": "GALAK",
    "seoBrand": "Nestlé Galak",
    "thumbNail": "https://static.colruytgroup.com/images/200x200/std.lang.all/38/12/asset-3233812.jpg",
    "fullImage": "https://static.colruytgroup.com/images/500x500/std.lang.all/38/12/asset-3233812.jpg",
    "squareImage": "https://static.colruytgroup.com/images/500x500sq/std.lang.all/38/12/asset-3233812.jpg",
    "content": "250g",
    "walkRouteSequenceNumber": 1444,
    "price": {
      "basicPrice": 4.85,
      "recommendedQuantity": "1.0",
      "measurementUnitPrice": 19.4,
      "measurementUnit": "K",
      "isRedPrice": false,
      "pricePerUOM": 19.4,
      "activationDate": "12-03-2024",
      "recordSource": "Offline",
      "isPromoActive": "N",
      "priceChangeCode": "H"
    },
    "isAvailable": true,
    "isPriceAvailable": true,
    "inPromo": false,
    "gtin": [
      "08000300423112",
      "08000300423105"
    ],
    "topCategoryName": "Koeken/Chocolade/Snoep",
    "topCategoryId": "335",
    "businessDomain": "RETAIL_BE",
    "IsPrivateLabel": false,
    "IsBiffe": false,
    "WeightconversionFactor": "0",
    "IsWeightArticle": false,
    "nutriscoreLabel": "E",
    "IsBio": false,
    "CountryOfOrigin": "ITALIË",
    "IsExclusivelySoldInLuxembourg": false,
    "OrderUnit": "P",
    "ShortName": "GALA MIX BALLS 250G",
    "IsNew": false,
    "RecentQuanityOfStockUnits": "1",
    "LongName": "GALAK Mix Balls 250g",
    "FicCode": "E"
  },
  {
    "productId": "644433",
    "technicalArticleNumber": "4339685",
    "commercialArticleNumber": "2514",
    "name": "Crunchy Bites Dipped",
    "brand": "OREO",
    "seoBrand": "Oreo",
    "thumbNail": "https://static.colruytgroup.com/images/200x200/std.lang.all/15/47/asset-3191547.jpg",
    "fullImage": "https://static.colruytgroup.com/images/500x500/std.lang.all/15/47/asset-3191547.jpg",
    "squareImage": "https://static.colruytgroup.com/images/500x500sq/std.lang.all/15/47/asset-3191547.jpg",
    "content": "110g",
    "walkRouteSequenceNumber": 2217,
    "price": {
      "basicPrice": 1.99,
      "recommendedQuantity": "1.0",
      "measurementUnitPrice": 18.1,
      "measurementUnit": "K",
      "isRedPrice": false,
      "pricePerUOM": 18.1,
      "activationDate": "29-02-2024",
      "recordSource": "Offline",
      "isPromoActive": "N",
      "priceChangeCode": "E"
    },
    "isAvailable": true,
    "isPriceAvailable": true,
    "inPromo": false,
    "gtin": [
      "07622201125646",
      "07622201125660"
    ],
    "topCategoryName": "Koeken/Chocolade/Snoep",
    "topCategoryId": "335",
    "businessDomain": "RETAIL_BE",
    "IsPrivateLabel": false,
    "IsBiffe": false,
    "WeightconversionFactor": "0",
    "IsWeightArticle": false,
    "nutriscoreLabel": "E",
    "IsBio": false,
    "CountryOfOrigin": "SPANJE",
    "IsExclusivelySoldInLuxembourg": false,
    "OrderUnit": "P",
    "ShortName": "OREO CRUNCHIES DIPP110G",
    "IsNew": false,
    "RecentQuanityOfStockUnits": "1,8",
    "LongName": "OREO Crunchy Bites Dipped 110g",
    "FicCode": "E"
  },
  {
    "productId": "1626",
    "technicalArticleNumber": "21007",
    "commercialArticleNumber": "21007",
    "name": "Fantasy koekenmengeling",
    "description": "*Individueel verpakt\n*Altijd met factuur",
    "brand": "ROYAL",
    "seoBrand": "Royal",
    "thumbNail": "https://static.colruytgroup.com/images/200x200/std.lang.all/96/67/asset-959667.jpg",
    "fullImage": "https://static.colruytgroup.com/images/500x500/std.lang.all/96/67/asset-959667.jpg",
    "squareImage": "https://static.colruytgroup.com/images/500x500sq/std.lang.all/96/67/asset-959667.jpg",
    "content": "1kg",
    "walkRouteSequenceNumber": 2073,
    "price": {
      "basicPrice": 13,
      "recommendedQuantity": "1.0",
      "measurementUnitPrice": 13,
      "measurementUnit": "K",
      "isRedPrice": false,
      "pricePerUOM": 13,
      "activationDate": "14-02-2024",
      "isPromoActive": "N",
      "priceChangeCode": "E"
    },
    "isAvailable": true,
    "isPriceAvailable": true,
    "inPromo": false,
    "gtin": [
      "05400141210071"
    ],
    "topCategoryName": "Koeken/Chocolade/Snoep",
    "topCategoryId": "335",
    "businessDomain": "RETAIL_BE",
    "IsPrivateLabel": false,
    "IsBiffe": false,
    "WeightconversionFactor": "0",
    "IsWeightArticle": false,
    "nutriscoreLabel": "E",
    "IsBio": false,
    "CountryOfOrigin": "BELGIË",
    "IsExclusivelySoldInLuxembourg": false,
    "OrderUnit": "P",
    "ShortName": "HC ROYA FANT KOEK 140ST",
    "IsNew": false,
    "EcoscoreLabel": "C",
    "RecentQuanityOfStockUnits": "1",
    "LongName": "ROYAL Fantasy koekenmengeling 1kg",
    "AlcoholVolume": "0",
    "FicCode": "E",
    "EcoscoreValue": "40"
  },
  {
    "productId": "674301",
    "technicalArticleNumber": "4389391",
    "commercialArticleNumber": "11644",
    "name": "chamallows soft kiss",
    "brand": "HARIBO",
    "seoBrand": "Haribo",
    "thumbNail": "https://static.colruytgroup.com/images/200x200/std.lang.all/00/64/asset-2330064.jpg",
    "fullImage": "https://static.colruytgroup.com/images/500x500/std.lang.all/00/64/asset-2330064.jpg",
    "squareImage": "https://static.colruytgroup.com/images/500x500sq/std.lang.all/00/64/asset-2330064.jpg",
    "content": "400g",
    "walkRouteSequenceNumber": 1840,
    "price": {
      "basicPrice": 3.32,
      "recommendedQuantity": "1.0",
      "measurementUnitPrice": 8.3,
      "measurementUnit": "K",
      "isRedPrice": false,
      "pricePerUOM": 8.3,
      "activationDate": "02-02-2024",
      "recordSource": "Offline",
      "isPromoActive": "N",
      "priceChangeCode": "E"
    },
    "isAvailable": true,
    "isPriceAvailable": true,
    "inPromo": false,
    "gtin": [
      "05410358460022",
      "05410358460015"
    ],
    "topCategoryName": "Koeken/Chocolade/Snoep",
    "topCategoryId": "335",
    "businessDomain": "RETAIL_BE",
    "IsPrivateLabel": false,
    "IsBiffe": false,
    "WeightconversionFactor": "0",
    "IsWeightArticle": false,
    "nutriscoreLabel": "E",
    "IsBio": false,
    "CountryOfOrigin": "BELGIË",
    "IsExclusivelySoldInLuxembourg": false,
    "OrderUnit": "P",
    "ShortName": "HARI CHAM.SOFT KISS 400",
    "IsNew": false,
    "EcoscoreLabel": "B",
    "RecentQuanityOfStockUnits": "1",
    "LongName": "HARIBO chamallows soft kiss 400g",
    "FicCode": "E",
    "EcoscoreValue": "68"
  },
  {
    "productId": "703790",
    "technicalArticleNumber": "4438131",
    "commercialArticleNumber": "21453",
    "name": "Defensive Orange",
    "brand": "FRISK",
    "seoBrand": "Frisk",
    "thumbNail": "https://static.colruytgroup.com/images/200x200/std.lang.all/57/07/asset-2475707.jpg",
    "fullImage": "https://static.colruytgroup.com/images/500x500/std.lang.all/57/07/asset-2475707.jpg",
    "squareImage": "https://static.colruytgroup.com/images/500x500sq/std.lang.all/57/07/asset-2475707.jpg",
    "content": "35g",
    "walkRouteSequenceNumber": 18348,
    "price": {
      "basicPrice": 2.75,
      "recommendedQuantity": "1.0",
      "measurementUnitPrice": 78.58,
      "measurementUnit": "K",
      "isRedPrice": false,
      "pricePerUOM": 78.58,
      "activationDate": "23-03-2024",
      "recordSource": "Offline",
      "isPromoActive": "N",
      "priceChangeCode": "H"
    },
    "isAvailable": true,
    "isPriceAvailable": true,
    "inPromo": false,
    "gtin": [
      "00000087353969",
      "08723400793618",
      "08723400793625"
    ],
    "topCategoryName": "Koeken/Chocolade/Snoep",
    "topCategoryId": "335",
    "businessDomain": "RETAIL_BE",
    "IsPrivateLabel": false,
    "IsBiffe": false,
    "WeightconversionFactor": "0",
    "IsWeightArticle": false,
    "nutriscoreLabel": "B",
    "IsBio": false,
    "CountryOfOrigin": "TURKIJE",
    "IsExclusivelySoldInLuxembourg": false,
    "OrderUnit": "P",
    "ShortName": "FRIS DEFENS.ORANGE 35G",
    "IsNew": false,
    "EcoscoreLabel": "B",
    "RecentQuanityOfStockUnits": "1,12",
    "LongName": "FRISK Defensive Orange 35g",
    "FicCode": "E",
    "EcoscoreValue": "66"
  },
  {
    "productId": "132616",
    "technicalArticleNumber": "3135972",
    "commercialArticleNumber": "42488",
    "name": "choc. ass. toff-pr",
    "brand": "QUALITY STREET",
    "seoBrand": "Quality Street",
    "thumbNail": "https://static.colruytgroup.com/images/200x200/std.lang.all/33/41/asset-1183341.jpg",
    "fullImage": "https://static.colruytgroup.com/images/500x500/std.lang.all/33/41/asset-1183341.jpg",
    "squareImage": "https://static.colruytgroup.com/images/500x500sq/std.lang.all/33/41/asset-1183341.jpg",
    "content": "265g",
    "walkRouteSequenceNumber": 1231,
    "price": {
      "basicPrice": 4.99,
      "recommendedQuantity": "1.0",
      "measurementUnitPrice": 18.84,
      "measurementUnit": "K",
      "isRedPrice": false,
      "pricePerUOM": 18.84,
      "activationDate": "27-02-2024",
      "recordSource": "Offline",
      "isPromoActive": "N",
      "priceChangeCode": "H"
    },
    "isAvailable": true,
    "isPriceAvailable": true,
    "inPromo": false,
    "gtin": [
      "05000426112160",
      "05000426412161",
      "07613035412248",
      "08445290685445",
      "08445290685452"
    ],
    "topCategoryName": "Koeken/Chocolade/Snoep",
    "topCategoryId": "335",
    "businessDomain": "RETAIL_BE",
    "IsPrivateLabel": false,
    "IsBiffe": false,
    "WeightconversionFactor": "0",
    "IsWeightArticle": false,
    "nutriscoreLabel": "E",
    "IsBio": false,
    "CountryOfOrigin": "VERENIGD KONINKRIJK",
    "IsExclusivelySoldInLuxembourg": false,
    "OrderUnit": "P",
    "ShortName": "QUALITY STREET 265GR",
    "IsNew": false,
    "RecentQuanityOfStockUnits": "1,1",
    "LongName": "QUALITY STREET choc. ass. toff-pr 265g",
    "AlcoholVolume": "0",
    "FicCode": "E"
  },
  {
    "productId": "36745",
    "technicalArticleNumber": "1797959",
    "commercialArticleNumber": "24644",
    "name": "varrassingsei",
    "brand": "FUNNY FRIENDS",
    "seoBrand": "Funny Friends",
    "thumbNail": "https://static.colruytgroup.com/images/200x200/std.lang.all/41/80/asset-1304180.jpg",
    "fullImage": "https://static.colruytgroup.com/images/500x500/std.lang.all/41/80/asset-1304180.jpg",
    "squareImage": "https://static.colruytgroup.com/images/500x500sq/std.lang.all/41/80/asset-1304180.jpg",
    "content": "3x20g",
    "walkRouteSequenceNumber": 1289,
    "price": {
      "basicPrice": 1.99,
      "recommendedQuantity": "1.0",
      "measurementUnitPrice": 33.17,
      "measurementUnit": "K",
      "isRedPrice": false,
      "pricePerUOM": 33.17,
      "activationDate": "11-01-2024",
      "recordSource": "Offline",
      "isPromoActive": "N",
      "priceChangeCode": "H"
    },
    "isAvailable": true,
    "isPriceAvailable": true,
    "inPromo": false,
    "gtin": [
      "08007681000109",
      "08007681111003"
    ],
    "topCategoryName": "Koeken/Chocolade/Snoep",
    "topCategoryId": "335",
    "businessDomain": "RETAIL_BE",
    "IsPrivateLabel": false,
    "IsBiffe": false,
    "WeightconversionFactor": "0",
    "IsWeightArticle": false,
    "nutriscoreLabel": "E",
    "IsBio": false,
    "CountryOfOrigin": "ITALIË",
    "IsExclusivelySoldInLuxembourg": false,
    "OrderUnit": "P",
    "ShortName": "VERRASSINGSEI POPY 3ST",
    "IsNew": false,
    "EcoscoreLabel": "D",
    "RecentQuanityOfStockUnits": "1",
    "LongName": "FUNNY FRIENDS varrassingsei 3x20g",
    "AlcoholVolume": "0",
    "FicCode": "E",
    "EcoscoreValue": "28"
  },
  {
    "productId": "272677",
    "technicalArticleNumber": "3710954",
    "commercialArticleNumber": "20874",
    "name": "fruit",
    "brand": "MENTOS",
    "seoBrand": "Mentos",
    "thumbNail": "https://static.colruytgroup.com/images/200x200/std.lang.all/39/34/asset-1283934.jpg",
    "fullImage": "https://static.colruytgroup.com/images/500x500/std.lang.all/39/34/asset-1283934.jpg",
    "squareImage": "https://static.colruytgroup.com/images/500x500sq/std.lang.all/39/34/asset-1283934.jpg",
    "content": "300g",
    "walkRouteSequenceNumber": 1962,
    "price": {
      "basicPrice": 3.95,
      "recommendedQuantity": "1.0",
      "measurementUnitPrice": 13.17,
      "measurementUnit": "K",
      "isRedPrice": false,
      "pricePerUOM": 13.17,
      "activationDate": "07-03-2024",
      "recordSource": "Offline",
      "isPromoActive": "N",
      "priceChangeCode": "L"
    },
    "isAvailable": true,
    "isPriceAvailable": true,
    "inPromo": false,
    "gtin": [
      "08723400779780",
      "08723400779773"
    ],
    "topCategoryName": "Koeken/Chocolade/Snoep",
    "topCategoryId": "335",
    "businessDomain": "RETAIL_BE",
    "IsPrivateLabel": false,
    "IsBiffe": false,
    "WeightconversionFactor": "0",
    "IsWeightArticle": false,
    "nutriscoreLabel": "E",
    "IsBio": false,
    "CountryOfOrigin": "NEDERLAND",
    "IsExclusivelySoldInLuxembourg": false,
    "OrderUnit": "P",
    "ShortName": "MENT FRUIT 300G",
    "InSeason": true,
    "IsNew": false,
    "EcoscoreLabel": "C",
    "RecentQuanityOfStockUnits": "1",
    "LongName": "MENTOS fruit 300g",
    "AlcoholVolume": "0",
    "StartSeasonDate": "13/10/2023",
    "FicCode": "E",
    "EcoscoreValue": "42"
  },
  {
    "productId": "785678",
    "technicalArticleNumber": "4586433",
    "commercialArticleNumber": "16215",
    "name": "starmix",
    "brand": "HARIBO",
    "seoBrand": "Haribo",
    "thumbNail": "https://static.colruytgroup.com/images/200x200/std.lang.all/96/19/asset-2779619.jpg",
    "fullImage": "https://static.colruytgroup.com/images/500x500/std.lang.all/96/19/asset-2779619.jpg",
    "squareImage": "https://static.colruytgroup.com/images/500x500sq/std.lang.all/96/19/asset-2779619.jpg",
    "content": "1kg",
    "walkRouteSequenceNumber": 1983,
    "price": {
      "basicPrice": 5.98,
      "recommendedQuantity": "1.0",
      "measurementUnitPrice": 5.98,
      "measurementUnit": "K",
      "isRedPrice": false,
      "pricePerUOM": 5.98,
      "activationDate": "12-03-2024",
      "recordSource": "Folder",
      "isPromoActive": "N",
      "priceChangeCode": "L"
    },
    "isAvailable": true,
    "isPriceAvailable": true,
    "inPromo": false,
    "gtin": [
      "04001686398364",
      "04001686398357"
    ],
    "topCategoryName": "Koeken/Chocolade/Snoep",
    "topCategoryId": "335",
    "businessDomain": "RETAIL_BE",
    "IsPrivateLabel": false,
    "IsBiffe": false,
    "WeightconversionFactor": "0",
    "IsWeightArticle": false,
    "nutriscoreLabel": "D",
    "IsBio": false,
    "CountryOfOrigin": "DUITSLAND",
    "IsExclusivelySoldInLuxembourg": false,
    "OrderUnit": "P",
    "ShortName": "HARI STARMIX 1KG",
    "InSeason": true,
    "IsNew": false,
    "EcoscoreLabel": "B",
    "RecentQuanityOfStockUnits": "1",
    "LongName": "HARIBO starmix 1kg",
    "StartSeasonDate": "08/03/2023",
    "FicCode": "E",
    "EcoscoreValue": "69"
  },
  {
    "productId": "889483",
    "technicalArticleNumber": "4750007",
    "commercialArticleNumber": "5129",
    "name": "Repen amandelen pindanoten",
    "brand": "GRANY",
    "seoBrand": "LU Grany",
    "thumbNail": "https://static.colruytgroup.com/images/200x200/std.lang.all/59/47/asset-3325947.jpg",
    "fullImage": "https://static.colruytgroup.com/images/500x500/std.lang.all/59/47/asset-3325947.jpg",
    "squareImage": "https://static.colruytgroup.com/images/500x500sq/std.lang.all/59/47/asset-3325947.jpg",
    "content": "3x35g",
    "walkRouteSequenceNumber": 2176,
    "price": {
      "basicPrice": 3.19,
      "recommendedQuantity": "1.0",
      "measurementUnitPrice": 30.39,
      "measurementUnit": "K",
      "isRedPrice": false,
      "pricePerUOM": 30.39,
      "activationDate": "14-03-2024",
      "recordSource": "Offline",
      "isPromoActive": "N",
      "priceChangeCode": "E"
    },
    "isAvailable": true,
    "isPriceAvailable": true,
    "inPromo": false,
    "gtin": [
      "07622201754358",
      "07622201754365"
    ],
    "topCategoryName": "Brood/Ontbijt",
    "topCategoryId": "124",
    "businessDomain": "RETAIL_BE",
    "IsPrivateLabel": false,
    "IsBiffe": false,
    "WeightconversionFactor": "0",
    "IsWeightArticle": false,
    "nutriscoreLabel": "D",
    "IsBio": false,
    "CountryOfOrigin": "FRANKRIJK",
    "IsExclusivelySoldInLuxembourg": false,
    "OrderUnit": "P",
    "ShortName": "GRAN GO NUT.PEANUT 105G",
    "IsNew": false,
    "RecentQuanityOfStockUnits": "1,9",
    "LongName": "GRANY Repen amandelen pindanoten 3x35g",
    "AlcoholVolume": "0",
    "FicCode": "E"
  },
  {
    "productId": "717650",
    "technicalArticleNumber": "4465653",
    "commercialArticleNumber": "26832",
    "name": "scoubies",
    "brand": "LUTTI",
    "seoBrand": "Lutti",
    "thumbNail": "https://static.colruytgroup.com/images/200x200/std.lang.all/11/66/asset-3361166.jpg",
    "fullImage": "https://static.colruytgroup.com/images/500x500/std.lang.all/11/66/asset-3361166.jpg",
    "squareImage": "https://static.colruytgroup.com/images/500x500sq/std.lang.all/11/66/asset-3361166.jpg",
    "content": "500g",
    "walkRouteSequenceNumber": 1938,
    "price": {
      "basicPrice": 8.65,
      "recommendedQuantity": "1.0",
      "measurementUnitPrice": 17.3,
      "measurementUnit": "K",
      "isRedPrice": false,
      "pricePerUOM": 17.3,
      "activationDate": "26-02-2024",
      "isPromoActive": "N",
      "priceChangeCode": "H"
    },
    "isAvailable": true,
    "isPriceAvailable": true,
    "inPromo": false,
    "gtin": [
      "05400787046133",
      "05400787046140"
    ],
    "topCategoryName": "Koeken/Chocolade/Snoep",
    "topCategoryId": "335",
    "businessDomain": "RETAIL_BE",
    "IsPrivateLabel": false,
    "IsBiffe": false,
    "WeightconversionFactor": "0",
    "IsWeightArticle": false,
    "nutriscoreLabel": "E",
    "IsBio": false,
    "CountryOfOrigin": "NEDERLAND",
    "IsExclusivelySoldInLuxembourg": false,
    "OrderUnit": "P",
    "ShortName": "LUTT SCOUBIES 500G",
    "IsNew": false,
    "EcoscoreLabel": "C",
    "RecentQuanityOfStockUnits": "1",
    "LongName": "LUTTI scoubies 500g",
    "FicCode": "E",
    "EcoscoreValue": "42"
  },
  {
    "productId": "782907",
    "technicalArticleNumber": "4580607",
    "commercialArticleNumber": "4898",
    "name": "special mix 5-pack",
    "brand": "MENTOS",
    "seoBrand": "Mentos",
    "thumbNail": "https://static.colruytgroup.com/images/200x200/std.lang.all/25/40/asset-2822540.jpg",
    "fullImage": "https://static.colruytgroup.com/images/500x500/std.lang.all/25/40/asset-2822540.jpg",
    "squareImage": "https://static.colruytgroup.com/images/500x500sq/std.lang.all/25/40/asset-2822540.jpg",
    "content": "187,5g",
    "walkRouteSequenceNumber": 1959,
    "price": {
      "basicPrice": 3.7,
      "recommendedQuantity": "1.0",
      "measurementUnitPrice": 19.79,
      "measurementUnit": "K",
      "isRedPrice": false,
      "pricePerUOM": 19.79,
      "activationDate": "27-02-2024",
      "recordSource": "Offline",
      "isPromoActive": "N",
      "priceChangeCode": "H"
    },
    "isAvailable": true,
    "isPriceAvailable": true,
    "inPromo": false,
    "gtin": [
      "08713600920006",
      "08713600020003"
    ],
    "topCategoryName": "Koeken/Chocolade/Snoep",
    "topCategoryId": "335",
    "businessDomain": "RETAIL_BE",
    "IsPrivateLabel": false,
    "IsBiffe": false,
    "WeightconversionFactor": "0",
    "IsWeightArticle": false,
    "nutriscoreLabel": "E",
    "IsBio": false,
    "CountryOfOrigin": "EUROPA",
    "IsExclusivelySoldInLuxembourg": false,
    "OrderUnit": "P",
    "ShortName": "MENT SPE.MIX 5PACK187.5",
    "IsNew": false,
    "EcoscoreLabel": "C",
    "RecentQuanityOfStockUnits": "1",
    "LongName": "MENTOS special mix 5-pack 187,5g",
    "FicCode": "E",
    "EcoscoreValue": "42"
  },
  {
    "productId": "877437",
    "technicalArticleNumber": "4733322",
    "commercialArticleNumber": "9708",
    "name": "Artisa.peperkoek honing",
    "description": "*Artisanale peperkoek met honing\nen parelsuiker",
    "brand": "VONDELMOLEN",
    "seoBrand": "Vondelmolen",
    "thumbNail": "https://static.colruytgroup.com/images/200x200/std.lang.all/23/86/asset-3242386.jpg",
    "fullImage": "https://static.colruytgroup.com/images/500x500/std.lang.all/23/86/asset-3242386.jpg",
    "squareImage": "https://static.colruytgroup.com/images/500x500sq/std.lang.all/23/86/asset-3242386.jpg",
    "content": "400g",
    "walkRouteSequenceNumber": 17580,
    "price": {
      "basicPrice": 3.69,
      "recommendedQuantity": "1.0",
      "measurementUnitPrice": 9.23,
      "measurementUnit": "K",
      "isRedPrice": false,
      "pricePerUOM": 9.23,
      "activationDate": "03-01-2024",
      "isPromoActive": "N",
      "priceChangeCode": "H"
    },
    "isAvailable": true,
    "isPriceAvailable": true,
    "inPromo": false,
    "gtin": [
      "05410383410665"
    ],
    "topCategoryName": "Brood/Ontbijt",
    "topCategoryId": "124",
    "businessDomain": "RETAIL_BE",
    "IsPrivateLabel": false,
    "IsBiffe": false,
    "WeightconversionFactor": "0",
    "IsWeightArticle": false,
    "nutriscoreLabel": "D",
    "IsBio": false,
    "CountryOfOrigin": "BELGIË",
    "IsExclusivelySoldInLuxembourg": false,
    "OrderUnit": "P",
    "ShortName": "VDM ARTI.PEPERK.HON.400",
    "IsNew": false,
    "EcoscoreLabel": "B",
    "RecentQuanityOfStockUnits": "1",
    "LongName": "VONDELMOLEN Artisa.peperkoek honing 400g",
    "AlcoholVolume": "0",
    "FicCode": "E",
    "EcoscoreValue": "66"
  },
  {
    "productId": "877012",
    "technicalArticleNumber": "4732257",
    "commercialArticleNumber": "5194",
    "name": "Lil'Bits melk kara.cook.mix",
    "description": "*Melk, karamel zeezout en cookie mix",
    "brand": "TONY'S",
    "seoBrand": "Tony's Chocolonely",
    "thumbNail": "https://static.colruytgroup.com/images/200x200/std.lang.all/41/07/asset-3284107.jpg",
    "fullImage": "https://static.colruytgroup.com/images/500x500/std.lang.all/41/07/asset-3284107.jpg",
    "squareImage": "https://static.colruytgroup.com/images/500x500sq/std.lang.all/41/07/asset-3284107.jpg",
    "content": "120g",
    "walkRouteSequenceNumber": 1512,
    "price": {
      "basicPrice": 2.99,
      "recommendedQuantity": "1.0",
      "measurementUnitPrice": 24.92,
      "measurementUnit": "K",
      "isRedPrice": false,
      "pricePerUOM": 24.92,
      "activationDate": "01-03-2024",
      "recordSource": "Offline",
      "isPromoActive": "N",
      "priceChangeCode": "E"
    },
    "isAvailable": true,
    "isPriceAvailable": true,
    "inPromo": false,
    "gtin": [
      "08719956494321",
      "08719956494338"
    ],
    "topCategoryName": "Koeken/Chocolade/Snoep",
    "topCategoryId": "335",
    "businessDomain": "RETAIL_BE",
    "IsPrivateLabel": false,
    "IsBiffe": false,
    "WeightconversionFactor": "0",
    "IsWeightArticle": false,
    "nutriscoreLabel": "E",
    "IsBio": false,
    "CountryOfOrigin": "NEDERLAND",
    "IsExclusivelySoldInLuxembourg": false,
    "OrderUnit": "P",
    "ShortName": "TONY LIL BITS MIX 120G",
    "IsNew": false,
    "EcoscoreLabel": "D",
    "RecentQuanityOfStockUnits": "1",
    "LongName": "TONY'S Lil'Bits melk kara.cook.mix 120g",
    "AlcoholVolume": "0",
    "FicCode": "E",
    "EcoscoreValue": "22"
  },
  {
    "productId": "849949",
    "technicalArticleNumber": "4697308",
    "commercialArticleNumber": "30826",
    "name": "koeken 5varianten lux",
    "description": "*Individueel verpakt\n*Altijd met factuur\n*140st",
    "brand": "ROYAL",
    "seoBrand": "Royal",
    "thumbNail": "https://static.colruytgroup.com/images/200x200/std.lang.all/02/13/asset-3180213.jpg",
    "fullImage": "https://static.colruytgroup.com/images/500x500/std.lang.all/02/13/asset-3180213.jpg",
    "squareImage": "https://static.colruytgroup.com/images/500x500sq/std.lang.all/02/13/asset-3180213.jpg",
    "content": "990g",
    "walkRouteSequenceNumber": 2074,
    "price": {
      "basicPrice": 15.2,
      "recommendedQuantity": "1.0",
      "measurementUnitPrice": 15.36,
      "measurementUnit": "K",
      "isRedPrice": false,
      "pricePerUOM": 15.36,
      "activationDate": "14-02-2024",
      "isPromoActive": "N",
      "priceChangeCode": "E"
    },
    "isAvailable": true,
    "isPriceAvailable": true,
    "inPromo": false,
    "gtin": [
      "05410534211172"
    ],
    "topCategoryName": "Koeken/Chocolade/Snoep",
    "topCategoryId": "335",
    "businessDomain": "RETAIL_BE",
    "IsPrivateLabel": false,
    "IsBiffe": false,
    "WeightconversionFactor": "0",
    "IsWeightArticle": false,
    "IsBio": false,
    "CountryOfOrigin": "BELGIË",
    "IsExclusivelySoldInLuxembourg": false,
    "OrderUnit": "P",
    "ShortName": "HC ROYA CHOCO LUX 990G",
    "IsNew": false,
    "RecentQuanityOfStockUnits": "1",
    "LongName": "ROYAL koeken 5varianten lux 990g",
    "AlcoholVolume": "0",
    "FicCode": "E"
  },
  {
    "productId": "830446",
    "technicalArticleNumber": "4669900",
    "commercialArticleNumber": "30160",
    "name": "Vampirezz",
    "brand": "LUTTI",
    "seoBrand": "Lutti",
    "thumbNail": "https://static.colruytgroup.com/images/200x200/std.lang.all/44/35/asset-3244435.jpg",
    "fullImage": "https://static.colruytgroup.com/images/500x500/std.lang.all/44/35/asset-3244435.jpg",
    "squareImage": "https://static.colruytgroup.com/images/500x500sq/std.lang.all/44/35/asset-3244435.jpg",
    "content": "100g",
    "walkRouteSequenceNumber": 1627,
    "price": {
      "basicPrice": 1.99,
      "recommendedQuantity": "1.0",
      "measurementUnitPrice": 19.9,
      "measurementUnit": "K",
      "isRedPrice": false,
      "pricePerUOM": 19.9,
      "activationDate": "03-01-2024",
      "isPromoActive": "N",
      "priceChangeCode": "H"
    },
    "isAvailable": true,
    "isPriceAvailable": true,
    "inPromo": false,
    "gtin": [
      "05400787048236",
      "05400787048229"
    ],
    "topCategoryName": "Koeken/Chocolade/Snoep",
    "topCategoryId": "335",
    "businessDomain": "RETAIL_BE",
    "IsPrivateLabel": false,
    "IsBiffe": false,
    "WeightconversionFactor": "0",
    "IsWeightArticle": false,
    "nutriscoreLabel": "E",
    "IsBio": false,
    "CountryOfOrigin": "BELGIË",
    "IsExclusivelySoldInLuxembourg": false,
    "OrderUnit": "P",
    "ShortName": "LUTT VAMPIREZZ 100G",
    "IsNew": false,
    "EcoscoreLabel": "C",
    "RecentQuanityOfStockUnits": "1",
    "LongName": "LUTTI Vampirezz 100g",
    "FicCode": "E",
    "EcoscoreValue": "42"
  },
  {
    "productId": "612581",
    "technicalArticleNumber": "4286520",
    "commercialArticleNumber": "21591",
    "name": "zure tutters",
    "brand": "LUTTI",
    "seoBrand": "Lutti",
    "thumbNail": "https://static.colruytgroup.com/images/200x200/std.lang.all/72/21/asset-3377221.jpg",
    "fullImage": "https://static.colruytgroup.com/images/500x500/std.lang.all/72/21/asset-3377221.jpg",
    "squareImage": "https://static.colruytgroup.com/images/500x500sq/std.lang.all/72/21/asset-3377221.jpg",
    "content": "1kg",
    "walkRouteSequenceNumber": 1953,
    "price": {
      "basicPrice": 8.69,
      "recommendedQuantity": "1.0",
      "measurementUnitPrice": 8.69,
      "measurementUnit": "K",
      "isRedPrice": false,
      "pricePerUOM": 8.69,
      "activationDate": "03-01-2024",
      "isPromoActive": "N",
      "priceChangeCode": "H"
    },
    "isAvailable": true,
    "isPriceAvailable": true,
    "inPromo": false,
    "gtin": [
      "05400787049745",
      "05400787044375",
      "05400787044368"
    ],
    "topCategoryName": "Koeken/Chocolade/Snoep",
    "topCategoryId": "335",
    "businessDomain": "RETAIL_BE",
    "IsPrivateLabel": false,
    "IsBiffe": false,
    "WeightconversionFactor": "0",
    "IsWeightArticle": false,
    "nutriscoreLabel": "E",
    "IsBio": false,
    "CountryOfOrigin": "NEDERLAND",
    "IsExclusivelySoldInLuxembourg": false,
    "OrderUnit": "P",
    "ShortName": "LUTT ZURE TUTTERS 1KG",
    "IsNew": false,
    "EcoscoreLabel": "C",
    "RecentQuanityOfStockUnits": "1",
    "LongName": "LUTTI zure tutters 1kg",
    "FicCode": "E",
    "EcoscoreValue": "42"
  },
  {
    "productId": "129286",
    "technicalArticleNumber": "3256531",
    "commercialArticleNumber": "39706",
    "name": "XL blackmint",
    "brand": "FRISK",
    "seoBrand": "Frisk",
    "thumbNail": "https://static.colruytgroup.com/images/200x200/std.lang.all/06/25/asset-540625.jpg",
    "fullImage": "https://static.colruytgroup.com/images/500x500/std.lang.all/06/25/asset-540625.jpg",
    "squareImage": "https://static.colruytgroup.com/images/500x500sq/std.lang.all/06/25/asset-540625.jpg",
    "content": "35g",
    "walkRouteSequenceNumber": 18327,
    "price": {
      "basicPrice": 2.59,
      "recommendedQuantity": "1.0",
      "quantityPrice": 2.09,
      "quantityPriceQuantity": "2.0",
      "measurementUnitPrice": 74,
      "measurementUnitQuantityPrice": 59.72,
      "measurementUnit": "K",
      "isRedPrice": false,
      "pricePerUOM": 74,
      "activationDate": "02-03-2024",
      "recordSource": "Offline",
      "isPromoActive": "N",
      "priceChangeCode": "H",
      "quantityPricePerUOM": 59.72,
      "quantityActivationDate": "02-03-2024",
      "quantityPriceChangeCode": "E"
    },
    "isAvailable": true,
    "isPriceAvailable": true,
    "inPromo": false,
    "gtin": [
      "08410031958409",
      "08410031958416",
      "08723400814627"
    ],
    "topCategoryName": "Koeken/Chocolade/Snoep",
    "topCategoryId": "335",
    "businessDomain": "RETAIL_BE",
    "IsPrivateLabel": false,
    "IsBiffe": false,
    "WeightconversionFactor": "0",
    "IsWeightArticle": false,
    "nutriscoreLabel": "B",
    "IsBio": false,
    "CountryOfOrigin": "TURKIJE",
    "IsExclusivelySoldInLuxembourg": false,
    "OrderUnit": "P",
    "ShortName": "FRIS XL BLACKMINT 35G",
    "IsNew": false,
    "EcoscoreLabel": "B",
    "RecentQuanityOfStockUnits": "12,1",
    "LongName": "FRISK XL blackmint 35g",
    "AlcoholVolume": "0",
    "FicCode": "E",
    "EcoscoreValue": "66"
  },
  {
    "productId": "736123",
    "technicalArticleNumber": "4497778",
    "commercialArticleNumber": "27839",
    "name": "blok petit beurre",
    "brand": "CÔTE D'OR",
    "seoBrand": "Côte d'Or",
    "thumbNail": "https://static.colruytgroup.com/images/200x200/std.lang.all/84/14/asset-2558414.jpg",
    "fullImage": "https://static.colruytgroup.com/images/500x500/std.lang.all/84/14/asset-2558414.jpg",
    "squareImage": "https://static.colruytgroup.com/images/500x500sq/std.lang.all/84/14/asset-2558414.jpg",
    "content": "170g",
    "walkRouteSequenceNumber": 1404,
    "price": {
      "basicPrice": 3.75,
      "recommendedQuantity": "1.0",
      "measurementUnitPrice": 22.06,
      "measurementUnit": "K",
      "isRedPrice": false,
      "pricePerUOM": 22.06,
      "activationDate": "06-03-2024",
      "recordSource": "Offline",
      "isPromoActive": "N",
      "priceChangeCode": "H"
    },
    "isAvailable": true,
    "isPriceAvailable": true,
    "inPromo": false,
    "gtin": [
      "07622201817145",
      "07622201783082"
    ],
    "topCategoryName": "Koeken/Chocolade/Snoep",
    "topCategoryId": "335",
    "businessDomain": "RETAIL_BE",
    "IsPrivateLabel": false,
    "IsBiffe": false,
    "WeightconversionFactor": "0",
    "IsWeightArticle": false,
    "nutriscoreLabel": "E",
    "IsBio": false,
    "CountryOfOrigin": "DUITSLAND",
    "IsExclusivelySoldInLuxembourg": false,
    "OrderUnit": "P",
    "ShortName": "C.DO BLOK PET. BEU.170G",
    "IsNew": false,
    "RecentQuanityOfStockUnits": "1",
    "LongName": "CÔTE D'OR blok petit beurre 170g",
    "FicCode": "E"
  },
  {
    "productId": "83531",
    "technicalArticleNumber": "2995436",
    "commercialArticleNumber": "17925",
    "name": "snoep zure rode matten",
    "brand": "LUTTI",
    "seoBrand": "Lutti",
    "thumbNail": "https://static.colruytgroup.com/images/200x200/std.lang.all/72/20/asset-3377220.jpg",
    "fullImage": "https://static.colruytgroup.com/images/500x500/std.lang.all/72/20/asset-3377220.jpg",
    "squareImage": "https://static.colruytgroup.com/images/500x500sq/std.lang.all/72/20/asset-3377220.jpg",
    "content": "500g",
    "walkRouteSequenceNumber": 1945,
    "price": {
      "basicPrice": 9.02,
      "recommendedQuantity": "1.0",
      "measurementUnitPrice": 18.04,
      "measurementUnit": "K",
      "isRedPrice": false,
      "pricePerUOM": 18.04,
      "activationDate": "22-03-2024",
      "recordSource": "Offline",
      "isPromoActive": "N",
      "priceChangeCode": "H"
    },
    "isAvailable": true,
    "isPriceAvailable": true,
    "inPromo": false,
    "gtin": [
      "08716100560826",
      "08716100558601"
    ],
    "topCategoryName": "Koeken/Chocolade/Snoep",
    "topCategoryId": "335",
    "businessDomain": "RETAIL_BE",
    "IsPrivateLabel": false,
    "IsBiffe": false,
    "WeightconversionFactor": "0",
    "IsWeightArticle": false,
    "nutriscoreLabel": "E",
    "IsBio": false,
    "CountryOfOrigin": "NEDERLAND",
    "IsExclusivelySoldInLuxembourg": false,
    "OrderUnit": "P",
    "ShortName": "LUTTI FLEX AARDBEI 500G",
    "IsNew": false,
    "EcoscoreLabel": "C",
    "RecentQuanityOfStockUnits": "1",
    "LongName": "LUTTI snoep zure rode matten 500g",
    "AlcoholVolume": "0",
    "FicCode": "E",
    "EcoscoreValue": "42"
  },
  {
    "productId": "857304",
    "technicalArticleNumber": "4707216",
    "commercialArticleNumber": "31491",
    "name": "donkere choco.-zout GV",
    "brand": "EAT NATURAL",
    "seoBrand": "Eat Natural",
    "thumbNail": "https://static.colruytgroup.com/images/200x200/std.lang.all/07/81/asset-3210781.jpg",
    "fullImage": "https://static.colruytgroup.com/images/500x500/std.lang.all/07/81/asset-3210781.jpg",
    "squareImage": "https://static.colruytgroup.com/images/500x500sq/std.lang.all/07/81/asset-3210781.jpg",
    "content": "3x45g",
    "walkRouteSequenceNumber": 2182,
    "price": {
      "basicPrice": 3.49,
      "recommendedQuantity": "1.0",
      "measurementUnitPrice": 25.86,
      "measurementUnit": "K",
      "isRedPrice": false,
      "pricePerUOM": 25.86,
      "activationDate": "08-02-2023",
      "isPromoActive": "N",
      "priceChangeCode": "E"
    },
    "isAvailable": true,
    "isPriceAvailable": true,
    "inPromo": false,
    "gtin": [
      "05013803001582",
      "05013803001186"
    ],
    "topCategoryName": "Brood/Ontbijt",
    "topCategoryId": "124",
    "businessDomain": "RETAIL_BE",
    "IsPrivateLabel": false,
    "IsBiffe": false,
    "WeightconversionFactor": "0",
    "IsWeightArticle": false,
    "IsBio": false,
    "CountryOfOrigin": "VERENIGD KONINKRIJK",
    "IsExclusivelySoldInLuxembourg": false,
    "OrderUnit": "P",
    "ShortName": "EATN CHOC-ZOUT GV 3X45G",
    "IsNew": false,
    "RecentQuanityOfStockUnits": "1,12",
    "LongName": "EAT NATURAL donkere choco.-zout GV 3x45g",
    "FicCode": "E"
  },
  {
    "productId": "1484",
    "technicalArticleNumber": "20108",
    "commercialArticleNumber": "20108",
    "name": "chocolade melk mokka-rhum",
    "brand": "JACQUES",
    "seoBrand": "Jacques",
    "thumbNail": "https://static.colruytgroup.com/images/200x200/std.lang.all/44/80/asset-2804480.jpg",
    "fullImage": "https://static.colruytgroup.com/images/500x500/std.lang.all/44/80/asset-2804480.jpg",
    "squareImage": "https://static.colruytgroup.com/images/500x500sq/std.lang.all/44/80/asset-2804480.jpg",
    "content": "6x47g",
    "walkRouteSequenceNumber": 1353,
    "price": {
      "basicPrice": 5.17,
      "recommendedQuantity": "1.0",
      "measurementUnitPrice": 18.34,
      "measurementUnit": "K",
      "isRedPrice": false,
      "pricePerUOM": 18.34,
      "activationDate": "15-02-2024",
      "recordSource": "Offline",
      "isPromoActive": "N",
      "priceChangeCode": "H"
    },
    "isAvailable": true,
    "isPriceAvailable": true,
    "inPromo": false,
    "gtin": [
      "05410059062419",
      "15410059037889",
      "05410059463193",
      "05410059759111"
    ],
    "topCategoryName": "Koeken/Chocolade/Snoep",
    "topCategoryId": "335",
    "businessDomain": "RETAIL_BE",
    "IsPrivateLabel": false,
    "IsBiffe": false,
    "WeightconversionFactor": "0",
    "IsWeightArticle": false,
    "nutriscoreLabel": "E",
    "IsBio": false,
    "CountryOfOrigin": "BELGIË",
    "IsExclusivelySoldInLuxembourg": false,
    "OrderUnit": "P",
    "ShortName": "JACQ MOKARHUM REP 6X47G",
    "IsNew": false,
    "EcoscoreLabel": "D",
    "RecentQuanityOfStockUnits": "1",
    "LongName": "JACQUES chocolade melk mokka-rhum 6x47g",
    "AlcoholVolume": "0",
    "FicCode": "E",
    "EcoscoreValue": "28"
  },
  {
    "productId": "705744",
    "technicalArticleNumber": "4442025",
    "commercialArticleNumber": "3764",
    "name": "collection pralines",
    "brand": "CÔTE D'OR",
    "seoBrand": "Côte d'Or",
    "thumbNail": "https://static.colruytgroup.com/images/200x200/std.lang.all/37/72/asset-2513772.jpg",
    "fullImage": "https://static.colruytgroup.com/images/500x500/std.lang.all/37/72/asset-2513772.jpg",
    "squareImage": "https://static.colruytgroup.com/images/500x500sq/std.lang.all/37/72/asset-2513772.jpg",
    "content": "242g",
    "walkRouteSequenceNumber": 1782,
    "price": {
      "basicPrice": 6.29,
      "recommendedQuantity": "1.0",
      "measurementUnitPrice": 26,
      "measurementUnit": "K",
      "isRedPrice": false,
      "pricePerUOM": 26,
      "activationDate": "08-03-2024",
      "recordSource": "Offline",
      "isPromoActive": "N",
      "priceChangeCode": "H"
    },
    "isAvailable": true,
    "isPriceAvailable": true,
    "inPromo": false,
    "gtin": [
      "07622201771164",
      "07622201771157"
    ],
    "topCategoryName": "Koeken/Chocolade/Snoep",
    "topCategoryId": "335",
    "businessDomain": "RETAIL_BE",
    "IsPrivateLabel": false,
    "IsBiffe": false,
    "WeightconversionFactor": "0",
    "IsWeightArticle": false,
    "nutriscoreLabel": "E",
    "IsBio": false,
    "CountryOfOrigin": "SLOWAKIJE",
    "IsExclusivelySoldInLuxembourg": false,
    "OrderUnit": "P",
    "ShortName": "CD COLLECTION ROUND242G",
    "InSeason": true,
    "IsNew": false,
    "RecentQuanityOfStockUnits": "1,8",
    "LongName": "CÔTE D'OR collection pralines 242g",
    "StartSeasonDate": "30/06/2023",
    "FicCode": "E"
  },
  {
    "productId": "940027",
    "technicalArticleNumber": "4767539",
    "commercialArticleNumber": "1679",
    "name": "Honey",
    "brand": "RICOLA",
    "seoBrand": "Ricola",
    "thumbNail": "https://static.colruytgroup.com/images/200x200/std.lang.all/95/24/asset-3359524.jpg",
    "fullImage": "https://static.colruytgroup.com/images/500x500/std.lang.all/95/24/asset-3359524.jpg",
    "squareImage": "https://static.colruytgroup.com/images/500x500sq/std.lang.all/95/24/asset-3359524.jpg",
    "content": "50g",
    "walkRouteSequenceNumber": 18355,
    "price": {
      "basicPrice": 2.15,
      "recommendedQuantity": "1.0",
      "measurementUnitPrice": 43,
      "measurementUnit": "K",
      "isRedPrice": false,
      "pricePerUOM": 43,
      "activationDate": "20-03-2024",
      "recordSource": "Offline",
      "isPromoActive": "N",
      "priceChangeCode": "E"
    },
    "isAvailable": true,
    "isPriceAvailable": true,
    "inPromo": false,
    "gtin": [
      "07610700020012",
      "07610700020029",
      "07610700020043"
    ],
    "topCategoryName": "Koeken/Chocolade/Snoep",
    "topCategoryId": "335",
    "businessDomain": "RETAIL_BE",
    "IsPrivateLabel": false,
    "IsBiffe": false,
    "WeightconversionFactor": "0",
    "IsWeightArticle": false,
    "nutriscoreLabel": "E",
    "IsBio": false,
    "CountryOfOrigin": "ZWITSERLAND",
    "IsExclusivelySoldInLuxembourg": false,
    "OrderUnit": "P",
    "ShortName": "RICO HONEY 50G",
    "IsNew": false,
    "EcoscoreLabel": "B",
    "RecentQuanityOfStockUnits": "2,1",
    "LongName": "RICOLA Honey 50g",
    "AlcoholVolume": "0",
    "FicCode": "E",
    "EcoscoreValue": "66"
  },
  {
    "productId": "377536",
    "technicalArticleNumber": "3848517",
    "commercialArticleNumber": "13288",
    "name": "mini cakes choc. GV LV",
    "description": "*Glutenvrij",
    "brand": "CÉRÉAL",
    "seoBrand": "Céréal",
    "thumbNail": "https://static.colruytgroup.com/images/200x200/std.lang.all/66/31/asset-3236631.jpg",
    "fullImage": "https://static.colruytgroup.com/images/500x500/std.lang.all/66/31/asset-3236631.jpg",
    "squareImage": "https://static.colruytgroup.com/images/500x500sq/std.lang.all/66/31/asset-3236631.jpg",
    "content": "230g",
    "walkRouteSequenceNumber": 2254,
    "price": {
      "basicPrice": 5.65,
      "recommendedQuantity": "1.0",
      "measurementUnitPrice": 24.57,
      "measurementUnit": "K",
      "isRedPrice": false,
      "pricePerUOM": 24.57,
      "activationDate": "14-03-2024",
      "recordSource": "Offline",
      "isPromoActive": "N",
      "priceChangeCode": "E"
    },
    "isAvailable": true,
    "isPriceAvailable": true,
    "inPromo": false,
    "gtin": [
      "05410063024069",
      "05410063023932"
    ],
    "topCategoryName": "Koeken/Chocolade/Snoep",
    "topCategoryId": "335",
    "businessDomain": "RETAIL_BE",
    "IsPrivateLabel": false,
    "IsBiffe": false,
    "WeightconversionFactor": "0",
    "IsWeightArticle": false,
    "nutriscoreLabel": "C",
    "IsBio": false,
    "CountryOfOrigin": "BELGIË",
    "IsExclusivelySoldInLuxembourg": false,
    "OrderUnit": "P",
    "ShortName": "CERE CAKES CHOC GV 230G",
    "IsNew": false,
    "EcoscoreLabel": "D",
    "RecentQuanityOfStockUnits": "1",
    "LongName": "CÉRÉAL mini cakes choc. GV LV 230g",
    "AlcoholVolume": "0",
    "FicCode": "E",
    "EcoscoreValue": "36"
  },
  {
    "productId": "639257",
    "technicalArticleNumber": "4331066",
    "commercialArticleNumber": "11422",
    "name": "fili sticks",
    "brand": "LUTTI",
    "seoBrand": "Lutti",
    "thumbNail": "https://static.colruytgroup.com/images/200x200/std.lang.all/72/22/asset-3377222.jpg",
    "fullImage": "https://static.colruytgroup.com/images/500x500/std.lang.all/72/22/asset-3377222.jpg",
    "squareImage": "https://static.colruytgroup.com/images/500x500sq/std.lang.all/72/22/asset-3377222.jpg",
    "content": "500g",
    "walkRouteSequenceNumber": 1946,
    "price": {
      "basicPrice": 8.62,
      "recommendedQuantity": "1.0",
      "measurementUnitPrice": 17.24,
      "measurementUnit": "K",
      "isRedPrice": false,
      "pricePerUOM": 17.24,
      "activationDate": "19-03-2024",
      "recordSource": "Offline",
      "isPromoActive": "N",
      "priceChangeCode": "H"
    },
    "isAvailable": true,
    "isPriceAvailable": true,
    "inPromo": false,
    "gtin": [
      "05400787044474",
      "05400787044467"
    ],
    "topCategoryName": "Koeken/Chocolade/Snoep",
    "topCategoryId": "335",
    "businessDomain": "RETAIL_BE",
    "IsPrivateLabel": false,
    "IsBiffe": false,
    "WeightconversionFactor": "0",
    "IsWeightArticle": false,
    "nutriscoreLabel": "E",
    "IsBio": false,
    "CountryOfOrigin": "NEDERLAND",
    "IsExclusivelySoldInLuxembourg": false,
    "OrderUnit": "P",
    "ShortName": "LUTT FILI STICKS 500G",
    "IsNew": false,
    "EcoscoreLabel": "B",
    "RecentQuanityOfStockUnits": "1",
    "LongName": "LUTTI fili sticks 500g",
    "FicCode": "E",
    "EcoscoreValue": "69"
  },
  {
    "productId": "302373",
    "technicalArticleNumber": "3716830",
    "commercialArticleNumber": "10313",
    "name": "assortiment pralines",
    "brand": "BONI",
    "seoBrand": "Boni Selection",
    "thumbNail": "https://static.colruytgroup.com/images/200x200/std.lang.all/80/62/asset-3348062.jpg",
    "fullImage": "https://static.colruytgroup.com/images/500x500/std.lang.all/80/62/asset-3348062.jpg",
    "squareImage": "https://static.colruytgroup.com/images/500x500sq/std.lang.all/80/62/asset-3348062.jpg",
    "content": "250g",
    "walkRouteSequenceNumber": 4563,
    "price": {
      "basicPrice": 2.89,
      "recommendedQuantity": "1.0",
      "measurementUnitPrice": 11.56,
      "measurementUnit": "K",
      "isRedPrice": false,
      "pricePerUOM": 11.56,
      "activationDate": "19-02-2024",
      "recordSource": "Offline",
      "isPromoActive": "N",
      "priceChangeCode": "H"
    },
    "isAvailable": true,
    "isPriceAvailable": true,
    "inPromo": false,
    "gtin": [
      "15400141277033",
      "05400141057249",
      "05400141277036"
    ],
    "topCategoryName": "Koeken/Chocolade/Snoep",
    "topCategoryId": "335",
    "businessDomain": "RETAIL_BE",
    "IsPrivateLabel": true,
    "IsBiffe": false,
    "WeightconversionFactor": "0",
    "IsWeightArticle": false,
    "nutriscoreLabel": "E",
    "IsBio": false,
    "CountryOfOrigin": "BELGIË",
    "IsExclusivelySoldInLuxembourg": false,
    "OrderUnit": "P",
    "ShortName": "BONI PRALINES ASS.250G",
    "InSeason": true,
    "IsNew": false,
    "EcoscoreLabel": "D",
    "RecentQuanityOfStockUnits": "1",
    "LongName": "BONI assortiment pralines 250g",
    "AlcoholVolume": "0",
    "StartSeasonDate": "13/02/2024",
    "FicCode": "I",
    "EcoscoreValue": "38"
  },
  {
    "productId": "776443",
    "technicalArticleNumber": "4568279",
    "commercialArticleNumber": "10705",
    "name": "apple-strawberr.fruit roll",
    "description": "*Puur fruit & bessen\n*Geen suiker toegevoegd\n*Glutenvrij\n*Vegan",
    "brand": "BOB SNAIL",
    "seoBrand": "Bob Snail",
    "thumbNail": "https://static.colruytgroup.com/images/200x200/std.lang.all/23/02/asset-2802302.jpg",
    "fullImage": "https://static.colruytgroup.com/images/500x500/std.lang.all/23/02/asset-2802302.jpg",
    "squareImage": "https://static.colruytgroup.com/images/500x500sq/std.lang.all/23/02/asset-2802302.jpg",
    "content": "60g",
    "walkRouteSequenceNumber": 2270,
    "price": {
      "basicPrice": 1.99,
      "recommendedQuantity": "1.0",
      "measurementUnitPrice": 33.17,
      "measurementUnit": "K",
      "isRedPrice": false,
      "pricePerUOM": 33.17,
      "activationDate": "25-01-2023",
      "isPromoActive": "N",
      "priceChangeCode": "H"
    },
    "isAvailable": true,
    "isPriceAvailable": true,
    "inPromo": false,
    "gtin": [
      "04820219344483",
      "04820219344452"
    ],
    "topCategoryName": "Koeken/Chocolade/Snoep",
    "topCategoryId": "335",
    "businessDomain": "RETAIL_BE",
    "IsPrivateLabel": false,
    "IsBiffe": false,
    "WeightconversionFactor": "0",
    "IsWeightArticle": false,
    "IsBio": false,
    "CountryOfOrigin": "OEKRAÏNE",
    "IsExclusivelySoldInLuxembourg": false,
    "OrderUnit": "P",
    "ShortName": "BOBS AP-STRA.FRUI.ROL60",
    "IsNew": false,
    "RecentQuanityOfStockUnits": "1",
    "LongName": "BOB SNAIL apple-strawberr.fruit roll 60g",
    "FicCode": "E"
  },
  {
    "productId": "355923",
    "technicalArticleNumber": "3858468",
    "commercialArticleNumber": "22124",
    "name": "gum Breezemint 100st",
    "brand": "MENTOS",
    "seoBrand": "Mentos",
    "thumbNail": "https://static.colruytgroup.com/images/200x200/std.lang.all/85/82/asset-3328582.jpg",
    "fullImage": "https://static.colruytgroup.com/images/500x500/std.lang.all/85/82/asset-3328582.jpg",
    "squareImage": "https://static.colruytgroup.com/images/500x500sq/std.lang.all/85/82/asset-3328582.jpg",
    "content": "150g",
    "walkRouteSequenceNumber": 18342,
    "price": {
      "basicPrice": 5.49,
      "recommendedQuantity": "1.0",
      "measurementUnitPrice": 0.055,
      "measurementUnit": "S",
      "isRedPrice": false,
      "pricePerUOM": 0.055,
      "activationDate": "13-12-2023",
      "recordSource": "Offline",
      "isPromoActive": "N",
      "priceChangeCode": "E"
    },
    "isAvailable": true,
    "isPriceAvailable": true,
    "inPromo": false,
    "gtin": [
      "00000080739456",
      "08003440985519",
      "08003440991695"
    ],
    "topCategoryName": "Koeken/Chocolade/Snoep",
    "topCategoryId": "335",
    "businessDomain": "RETAIL_BE",
    "IsPrivateLabel": false,
    "IsBiffe": false,
    "WeightconversionFactor": "0",
    "IsWeightArticle": false,
    "nutriscoreLabel": "B",
    "IsBio": false,
    "CountryOfOrigin": "TURKIJE",
    "IsExclusivelySoldInLuxembourg": false,
    "OrderUnit": "P",
    "ShortName": "MENT GUM BREEZEMINT 100",
    "IsNew": false,
    "EcoscoreLabel": "C",
    "RecentQuanityOfStockUnits": "1",
    "LongName": "MENTOS gum Breezemint 100st 150g",
    "AlcoholVolume": "0",
    "FicCode": "E",
    "EcoscoreValue": "42"
  },
  {
    "productId": "753493",
    "technicalArticleNumber": "4527133",
    "commercialArticleNumber": "24605",
    "name": "gum cherry 100st",
    "brand": "MENTOS",
    "seoBrand": "Mentos",
    "thumbNail": "https://static.colruytgroup.com/images/200x200/std.lang.all/37/85/asset-3233785.jpg",
    "fullImage": "https://static.colruytgroup.com/images/500x500/std.lang.all/37/85/asset-3233785.jpg",
    "squareImage": "https://static.colruytgroup.com/images/500x500sq/std.lang.all/37/85/asset-3233785.jpg",
    "content": "150g",
    "walkRouteSequenceNumber": 18357,
    "price": {
      "basicPrice": 5.99,
      "recommendedQuantity": "1.0",
      "measurementUnitPrice": 0.06,
      "measurementUnit": "S",
      "isRedPrice": false,
      "pricePerUOM": 0.06,
      "activationDate": "09-08-2023",
      "isPromoActive": "N",
      "priceChangeCode": "E"
    },
    "isAvailable": true,
    "isPriceAvailable": true,
    "inPromo": false,
    "gtin": [
      "00000080968870",
      "08003440998434"
    ],
    "topCategoryName": "Koeken/Chocolade/Snoep",
    "topCategoryId": "335",
    "businessDomain": "RETAIL_BE",
    "IsPrivateLabel": false,
    "IsBiffe": false,
    "WeightconversionFactor": "0",
    "IsWeightArticle": false,
    "nutriscoreLabel": "B",
    "IsBio": false,
    "CountryOfOrigin": "TURKIJE",
    "IsExclusivelySoldInLuxembourg": false,
    "OrderUnit": "P",
    "ShortName": "MENT GUM CHERRY 100ST",
    "IsNew": false,
    "EcoscoreLabel": "C",
    "RecentQuanityOfStockUnits": "1",
    "LongName": "MENTOS gum cherry 100st 150g",
    "FicCode": "E",
    "EcoscoreValue": "42"
  },
  {
    "productId": "844536",
    "technicalArticleNumber": "4690189",
    "commercialArticleNumber": "1666",
    "name": "melk karamel biscuit",
    "brand": "TONY'S",
    "seoBrand": "Tony's Chocolonely",
    "thumbNail": "https://static.colruytgroup.com/images/200x200/std.lang.all/06/73/asset-3120673.jpg",
    "fullImage": "https://static.colruytgroup.com/images/500x500/std.lang.all/06/73/asset-3120673.jpg",
    "squareImage": "https://static.colruytgroup.com/images/500x500sq/std.lang.all/06/73/asset-3120673.jpg",
    "content": "180g",
    "walkRouteSequenceNumber": 1331,
    "price": {
      "basicPrice": 2.99,
      "recommendedQuantity": "1.0",
      "measurementUnitPrice": 16.62,
      "measurementUnit": "K",
      "isRedPrice": false,
      "pricePerUOM": 16.62,
      "activationDate": "12-03-2024",
      "recordSource": "Offline",
      "isPromoActive": "N",
      "priceChangeCode": "E"
    },
    "isAvailable": true,
    "isPriceAvailable": true,
    "inPromo": false,
    "gtin": [
      "08720701142329",
      "08720701142312"
    ],
    "topCategoryName": "Koeken/Chocolade/Snoep",
    "topCategoryId": "335",
    "businessDomain": "RETAIL_BE",
    "IsPrivateLabel": false,
    "IsBiffe": false,
    "WeightconversionFactor": "0",
    "IsWeightArticle": false,
    "nutriscoreLabel": "E",
    "IsBio": false,
    "CountryOfOrigin": "BELGIË",
    "IsExclusivelySoldInLuxembourg": false,
    "OrderUnit": "P",
    "ShortName": "TONY MELK KARA.BISCU180",
    "IsNew": false,
    "EcoscoreLabel": "D",
    "RecentQuanityOfStockUnits": "1",
    "LongName": "TONY'S melk karamel biscuit 180g",
    "AlcoholVolume": "0",
    "FicCode": "E",
    "EcoscoreValue": "28"
  },
  {
    "productId": "339783",
    "technicalArticleNumber": "3827558",
    "commercialArticleNumber": "21791",
    "name": "crazy mix",
    "brand": "LUTTI",
    "seoBrand": "Lutti",
    "thumbNail": "https://static.colruytgroup.com/images/200x200/std.lang.all/54/30/asset-1465430.jpg",
    "fullImage": "https://static.colruytgroup.com/images/500x500/std.lang.all/54/30/asset-1465430.jpg",
    "squareImage": "https://static.colruytgroup.com/images/500x500sq/std.lang.all/54/30/asset-1465430.jpg",
    "content": "400g",
    "walkRouteSequenceNumber": 1939,
    "price": {
      "basicPrice": 4.99,
      "recommendedQuantity": "1.0",
      "measurementUnitPrice": 12.48,
      "measurementUnit": "K",
      "isRedPrice": false,
      "pricePerUOM": 12.48,
      "activationDate": "05-02-2024",
      "recordSource": "Offline",
      "isPromoActive": "N",
      "priceChangeCode": "E"
    },
    "isAvailable": true,
    "isPriceAvailable": true,
    "inPromo": false,
    "gtin": [
      "05400787029686",
      "05400787029723"
    ],
    "topCategoryName": "Koeken/Chocolade/Snoep",
    "topCategoryId": "335",
    "businessDomain": "RETAIL_BE",
    "IsPrivateLabel": false,
    "IsBiffe": false,
    "WeightconversionFactor": "0",
    "IsWeightArticle": false,
    "nutriscoreLabel": "E",
    "IsBio": false,
    "CountryOfOrigin": "BELGIË",
    "IsExclusivelySoldInLuxembourg": false,
    "OrderUnit": "P",
    "ShortName": "LUTT CRAZY MIX 400G",
    "IsNew": false,
    "EcoscoreLabel": "B",
    "RecentQuanityOfStockUnits": "1",
    "LongName": "LUTTI crazy mix 400g",
    "AlcoholVolume": "0",
    "FicCode": "E",
    "EcoscoreValue": "79"
  },
  {
    "productId": "879442",
    "technicalArticleNumber": "4735888",
    "commercialArticleNumber": "24237",
    "name": "Flowp.bâtons puur expresso",
    "description": "*Flowpack",
    "brand": "GALLER",
    "seoBrand": "Galler",
    "thumbNail": "https://static.colruytgroup.com/images/200x200/std.lang.all/41/11/asset-3284111.jpg",
    "fullImage": "https://static.colruytgroup.com/images/500x500/std.lang.all/41/11/asset-3284111.jpg",
    "squareImage": "https://static.colruytgroup.com/images/500x500sq/std.lang.all/41/11/asset-3284111.jpg",
    "content": "210g",
    "walkRouteSequenceNumber": 1323,
    "price": {
      "basicPrice": 5.49,
      "recommendedQuantity": "1.0",
      "measurementUnitPrice": 26.15,
      "measurementUnit": "K",
      "isRedPrice": false,
      "pricePerUOM": 26.15,
      "activationDate": "07-03-2024",
      "recordSource": "Offline",
      "isPromoActive": "N",
      "priceChangeCode": "E"
    },
    "isAvailable": true,
    "isPriceAvailable": true,
    "inPromo": false,
    "gtin": [
      "05412038335293",
      "05412038335309"
    ],
    "topCategoryName": "Koeken/Chocolade/Snoep",
    "topCategoryId": "335",
    "businessDomain": "RETAIL_BE",
    "IsPrivateLabel": false,
    "IsBiffe": false,
    "WeightconversionFactor": "0",
    "IsWeightArticle": false,
    "nutriscoreLabel": "E",
    "IsBio": false,
    "CountryOfOrigin": "BELGIË",
    "IsExclusivelySoldInLuxembourg": false,
    "OrderUnit": "P",
    "ShortName": "GALL BAT.PUUR EXPRE.210",
    "IsNew": false,
    "EcoscoreLabel": "E",
    "RecentQuanityOfStockUnits": "1",
    "LongName": "GALLER Flowp.bâtons puur expresso 210g",
    "AlcoholVolume": "0",
    "FicCode": "E",
    "EcoscoreValue": "15"
  },
  {
    "productId": "1425",
    "technicalArticleNumber": "20431",
    "commercialArticleNumber": "20431",
    "name": "Chlorophylle 11st",
    "description": "*Met suiker",
    "brand": "HOLLYWOOD",
    "seoBrand": "Hollywood",
    "thumbNail": "https://static.colruytgroup.com/images/200x200/std.lang.all/74/62/asset-1157462.jpg",
    "fullImage": "https://static.colruytgroup.com/images/500x500/std.lang.all/74/62/asset-1157462.jpg",
    "squareImage": "https://static.colruytgroup.com/images/500x500sq/std.lang.all/74/62/asset-1157462.jpg",
    "content": "5x31g",
    "walkRouteSequenceNumber": 18408,
    "price": {
      "basicPrice": 5.95,
      "recommendedQuantity": "1.0",
      "measurementUnitPrice": 0.109,
      "measurementUnit": "S",
      "isRedPrice": false,
      "pricePerUOM": 0.109,
      "activationDate": "07-03-2024",
      "recordSource": "Offline",
      "isPromoActive": "N",
      "priceChangeCode": "E"
    },
    "isAvailable": true,
    "isPriceAvailable": true,
    "inPromo": false,
    "gtin": [
      "03014680004521",
      "07622210124616"
    ],
    "topCategoryName": "Koeken/Chocolade/Snoep",
    "topCategoryId": "335",
    "businessDomain": "RETAIL_BE",
    "IsPrivateLabel": false,
    "IsBiffe": false,
    "WeightconversionFactor": "0",
    "IsWeightArticle": false,
    "nutriscoreLabel": "D",
    "IsBio": false,
    "CountryOfOrigin": "FRANKRIJK",
    "IsExclusivelySoldInLuxembourg": false,
    "OrderUnit": "P",
    "ShortName": "HOLLYWOOD CHLOROP 5PX11",
    "IsNew": false,
    "RecentQuanityOfStockUnits": "1",
    "LongName": "HOLLYWOOD Chlorophylle 11st 5x31g",
    "AlcoholVolume": "0",
    "FicCode": "E"
  },
  {
    "productId": "63259",
    "technicalArticleNumber": "2769755",
    "commercialArticleNumber": "45696",
    "name": "boudoirs",
    "brand": "BONI BIO",
    "seoBrand": "Boni Selection Bio",
    "thumbNail": "https://static.colruytgroup.com/images/200x200/std.lang.all/31/71/asset-2203171.jpg",
    "fullImage": "https://static.colruytgroup.com/images/500x500/std.lang.all/31/71/asset-2203171.jpg",
    "squareImage": "https://static.colruytgroup.com/images/500x500sq/std.lang.all/31/71/asset-2203171.jpg",
    "content": "125g",
    "walkRouteSequenceNumber": 2334,
    "price": {
      "basicPrice": 2.19,
      "recommendedQuantity": "1.0",
      "measurementUnitPrice": 17.52,
      "measurementUnit": "K",
      "isRedPrice": false,
      "pricePerUOM": 17.52,
      "activationDate": "25-11-2023",
      "isPromoActive": "N",
      "priceChangeCode": "E"
    },
    "isAvailable": true,
    "isPriceAvailable": true,
    "inPromo": false,
    "gtin": [
      "15400141368076",
      "05400141353136",
      "05400141368079",
      "15400141834946",
      "05400141138122"
    ],
    "topCategoryName": "Koeken/Chocolade/Snoep",
    "topCategoryId": "335",
    "businessDomain": "RETAIL_BE",
    "IsPrivateLabel": true,
    "IsBiffe": false,
    "WeightconversionFactor": "0",
    "IsWeightArticle": false,
    "nutriscoreLabel": "E",
    "IsBio": true,
    "CountryOfOrigin": "NEDERLAND",
    "IsExclusivelySoldInLuxembourg": false,
    "OrderUnit": "P",
    "ShortName": "UB BS BIO BOUDOIR 125G",
    "IsNew": false,
    "EcoscoreLabel": "B",
    "RecentQuanityOfStockUnits": "1",
    "LongName": "BONI BIO boudoirs 125g",
    "AlcoholVolume": "0",
    "FicCode": "I",
    "EcoscoreValue": "73"
  },
  {
    "productId": "740224",
    "technicalArticleNumber": "4504441",
    "commercialArticleNumber": "26211",
    "name": "Fairtrade wit praline",
    "brand": "BONI",
    "seoBrand": "Boni Selection",
    "thumbNail": "https://static.colruytgroup.com/images/200x200/std.lang.all/61/28/asset-2836128.jpg",
    "fullImage": "https://static.colruytgroup.com/images/500x500/std.lang.all/61/28/asset-2836128.jpg",
    "squareImage": "https://static.colruytgroup.com/images/500x500sq/std.lang.all/61/28/asset-2836128.jpg",
    "content": "200g",
    "walkRouteSequenceNumber": 1344,
    "price": {
      "basicPrice": 2.79,
      "recommendedQuantity": "1.0",
      "measurementUnitPrice": 13.95,
      "measurementUnit": "K",
      "isRedPrice": false,
      "pricePerUOM": 13.95,
      "activationDate": "06-03-2024",
      "isPromoActive": "N",
      "priceChangeCode": "H"
    },
    "isAvailable": true,
    "isPriceAvailable": true,
    "inPromo": false,
    "gtin": [
      "05400141932003",
      "15400141932000"
    ],
    "topCategoryName": "Koeken/Chocolade/Snoep",
    "topCategoryId": "335",
    "businessDomain": "RETAIL_BE",
    "IsPrivateLabel": true,
    "IsBiffe": false,
    "WeightconversionFactor": "0",
    "IsWeightArticle": false,
    "nutriscoreLabel": "E",
    "IsBio": false,
    "CountryOfOrigin": "BELGIË",
    "IsExclusivelySoldInLuxembourg": false,
    "OrderUnit": "P",
    "ShortName": "BONI FT WI PRAL. 200G",
    "IsNew": false,
    "EcoscoreLabel": "C",
    "RecentQuanityOfStockUnits": "1",
    "LongName": "BONI Fairtrade wit praline 200g",
    "FicCode": "I",
    "EcoscoreValue": "46"
  },
  {
    "productId": "272777",
    "technicalArticleNumber": "3711796",
    "commercialArticleNumber": "20207",
    "name": "mini-assortiment",
    "brand": "CELEBRATIONS",
    "seoBrand": "Celebrations",
    "thumbNail": "https://static.colruytgroup.com/images/200x200/std.lang.all/42/51/asset-1254251.jpg",
    "fullImage": "https://static.colruytgroup.com/images/500x500/std.lang.all/42/51/asset-1254251.jpg",
    "squareImage": "https://static.colruytgroup.com/images/500x500sq/std.lang.all/42/51/asset-1254251.jpg",
    "content": "385g",
    "walkRouteSequenceNumber": 1453,
    "price": {
      "basicPrice": 4.99,
      "recommendedQuantity": "1.0",
      "measurementUnitPrice": 12.97,
      "measurementUnit": "K",
      "isRedPrice": false,
      "pricePerUOM": 12.97,
      "activationDate": "26-02-2024",
      "recordSource": "Offline",
      "isPromoActive": "N",
      "priceChangeCode": "H"
    },
    "isAvailable": true,
    "isPriceAvailable": true,
    "inPromo": false,
    "gtin": [
      "05000159500852",
      "05000159502870"
    ],
    "topCategoryName": "Koeken/Chocolade/Snoep",
    "topCategoryId": "335",
    "businessDomain": "RETAIL_BE",
    "IsPrivateLabel": false,
    "IsBiffe": false,
    "WeightconversionFactor": "0",
    "IsWeightArticle": false,
    "nutriscoreLabel": "E",
    "IsBio": false,
    "CountryOfOrigin": "NEDERLAND",
    "IsExclusivelySoldInLuxembourg": false,
    "OrderUnit": "P",
    "ShortName": "CELE ASS MINI 385G",
    "IsNew": false,
    "RecentQuanityOfStockUnits": "1",
    "LongName": "CELEBRATIONS mini-assortiment 385g",
    "AlcoholVolume": "0",
    "FicCode": "E"
  },
  {
    "productId": "776405",
    "technicalArticleNumber": "4568241",
    "commercialArticleNumber": "10424",
    "name": "apple-raspberry fruit roll",
    "description": "*Puur fruit & bessen\n*Geen suiker toegevoegd\n*Glutenvrij\n*Vegan",
    "brand": "BOB SNAIL",
    "seoBrand": "Bob Snail",
    "thumbNail": "https://static.colruytgroup.com/images/200x200/std.lang.all/23/01/asset-2802301.jpg",
    "fullImage": "https://static.colruytgroup.com/images/500x500/std.lang.all/23/01/asset-2802301.jpg",
    "squareImage": "https://static.colruytgroup.com/images/500x500sq/std.lang.all/23/01/asset-2802301.jpg",
    "content": "60g",
    "walkRouteSequenceNumber": 2271,
    "price": {
      "basicPrice": 1.99,
      "recommendedQuantity": "1.0",
      "measurementUnitPrice": 33.17,
      "measurementUnit": "K",
      "isRedPrice": false,
      "pricePerUOM": 33.17,
      "activationDate": "25-01-2023",
      "isPromoActive": "N",
      "priceChangeCode": "H"
    },
    "isAvailable": true,
    "isPriceAvailable": true,
    "inPromo": false,
    "gtin": [
      "04820219344469",
      "04820219344490"
    ],
    "topCategoryName": "Koeken/Chocolade/Snoep",
    "topCategoryId": "335",
    "businessDomain": "RETAIL_BE",
    "IsPrivateLabel": false,
    "IsBiffe": false,
    "WeightconversionFactor": "0",
    "IsWeightArticle": false,
    "IsBio": false,
    "CountryOfOrigin": "OEKRAÏNE",
    "IsExclusivelySoldInLuxembourg": false,
    "OrderUnit": "P",
    "ShortName": "BOBS AP-RAS.FRUI.ROL.60",
    "IsNew": false,
    "RecentQuanityOfStockUnits": "1",
    "LongName": "BOB SNAIL apple-raspberry fruit roll 60g",
    "FicCode": "E"
  },
  {
    "productId": "813696",
    "technicalArticleNumber": "4640544",
    "commercialArticleNumber": "18536",
    "name": "miami fizz",
    "description": "*Zonder dierlijke\ngelatine",
    "brand": "HARIBO",
    "seoBrand": "Haribo",
    "thumbNail": "https://static.colruytgroup.com/images/200x200/std.lang.all/37/62/asset-2933762.jpg",
    "fullImage": "https://static.colruytgroup.com/images/500x500/std.lang.all/37/62/asset-2933762.jpg",
    "squareImage": "https://static.colruytgroup.com/images/500x500sq/std.lang.all/37/62/asset-2933762.jpg",
    "content": "80g",
    "walkRouteSequenceNumber": 1628,
    "price": {
      "basicPrice": 3.19,
      "recommendedQuantity": "1.0",
      "measurementUnitPrice": 39.88,
      "measurementUnit": "K",
      "isRedPrice": false,
      "pricePerUOM": 39.88,
      "activationDate": "27-02-2024",
      "recordSource": "Offline",
      "isPromoActive": "N",
      "priceChangeCode": "H"
    },
    "isAvailable": true,
    "isPriceAvailable": true,
    "inPromo": false,
    "gtin": [
      "04001686333945",
      "04001686333938"
    ],
    "topCategoryName": "Koeken/Chocolade/Snoep",
    "topCategoryId": "335",
    "businessDomain": "RETAIL_BE",
    "IsPrivateLabel": false,
    "IsBiffe": false,
    "WeightconversionFactor": "0",
    "IsWeightArticle": false,
    "nutriscoreLabel": "E",
    "IsBio": false,
    "CountryOfOrigin": "SPANJE",
    "IsExclusivelySoldInLuxembourg": false,
    "OrderUnit": "P",
    "ShortName": "HARI MIAMI FIZZ 80G",
    "IsNew": false,
    "EcoscoreLabel": "B",
    "RecentQuanityOfStockUnits": "1",
    "LongName": "HARIBO miami fizz 80g",
    "FicCode": "E",
    "EcoscoreValue": "67"
  },
  {
    "productId": "1433",
    "technicalArticleNumber": "20535",
    "commercialArticleNumber": "20535",
    "name": "Fruit Plus C citron sv box",
    "brand": "VICKS",
    "seoBrand": "Vicks",
    "thumbNail": "https://static.colruytgroup.com/images/200x200/std.lang.all/09/86/asset-3360986.jpg",
    "fullImage": "https://static.colruytgroup.com/images/500x500/std.lang.all/09/86/asset-3360986.jpg",
    "squareImage": "https://static.colruytgroup.com/images/500x500sq/std.lang.all/09/86/asset-3360986.jpg",
    "content": "40g",
    "walkRouteSequenceNumber": 13475,
    "price": {
      "basicPrice": 1.99,
      "recommendedQuantity": "2.0",
      "measurementUnitPrice": 49.75,
      "measurementUnit": "K",
      "isRedPrice": false,
      "pricePerUOM": 49.75,
      "activationDate": "02-03-2024",
      "recordSource": "Offline",
      "isPromoActive": "N",
      "priceChangeCode": "H"
    },
    "isAvailable": true,
    "isPriceAvailable": true,
    "inPromo": false,
    "gtin": [
      "04030300022590",
      "05400141205350",
      "05400787035779",
      "05400787035830"
    ],
    "topCategoryName": "Koeken/Chocolade/Snoep",
    "topCategoryId": "335",
    "businessDomain": "RETAIL_BE",
    "IsPrivateLabel": false,
    "IsBiffe": false,
    "WeightconversionFactor": "0",
    "IsWeightArticle": false,
    "nutriscoreLabel": "B",
    "IsBio": false,
    "CountryOfOrigin": "DUITSLAND",
    "IsExclusivelySoldInLuxembourg": false,
    "OrderUnit": "P",
    "ShortName": "VICKS CITR.+C ZS BOX40G",
    "IsNew": false,
    "EcoscoreLabel": "B",
    "RecentQuanityOfStockUnits": "2,1",
    "LongName": "VICKS Fruit Plus C citron sv box 40g",
    "AlcoholVolume": "0",
    "FicCode": "E",
    "EcoscoreValue": "66"
  },
  {
    "productId": "97289",
    "technicalArticleNumber": "2805860",
    "commercialArticleNumber": "45750",
    "name": "Jules' Finest",
    "brand": "JULES DESTROOPER",
    "seoBrand": "Jules Destrooper",
    "thumbNail": "https://static.colruytgroup.com/images/200x200/std.lang.all/78/05/asset-1547805.jpg",
    "fullImage": "https://static.colruytgroup.com/images/500x500/std.lang.all/78/05/asset-1547805.jpg",
    "squareImage": "https://static.colruytgroup.com/images/500x500sq/std.lang.all/78/05/asset-1547805.jpg",
    "content": "250g",
    "walkRouteSequenceNumber": 2096,
    "price": {
      "basicPrice": 8.39,
      "recommendedQuantity": "1.0",
      "quantityPrice": 6.45,
      "quantityPriceQuantity": "2.0",
      "measurementUnitPrice": 33.56,
      "measurementUnitQuantityPrice": 25.8,
      "measurementUnit": "K",
      "isRedPrice": false,
      "pricePerUOM": 33.56,
      "activationDate": "20-03-2024",
      "recordSource": "Offline",
      "isPromoActive": "N",
      "priceChangeCode": "E",
      "quantityPricePerUOM": 25.8,
      "quantityActivationDate": "20-03-2024",
      "quantityPriceChangeCode": "H"
    },
    "isAvailable": true,
    "isPriceAvailable": true,
    "inPromo": false,
    "gtin": [
      "05410471067009",
      "15410471067006",
      "05410471916970"
    ],
    "topCategoryName": "Koeken/Chocolade/Snoep",
    "topCategoryId": "335",
    "businessDomain": "RETAIL_BE",
    "IsPrivateLabel": false,
    "IsBiffe": false,
    "WeightconversionFactor": "0",
    "IsWeightArticle": false,
    "nutriscoreLabel": "E",
    "IsBio": false,
    "CountryOfOrigin": "BELGIË",
    "IsExclusivelySoldInLuxembourg": false,
    "OrderUnit": "P",
    "ShortName": "JDS FINEST 250G",
    "IsNew": false,
    "EcoscoreLabel": "C",
    "RecentQuanityOfStockUnits": "1,1",
    "LongName": "JULES DESTROOPER Jules' Finest 250g",
    "AlcoholVolume": "0",
    "FicCode": "E",
    "EcoscoreValue": "59"
  },
  {
    "productId": "468019",
    "technicalArticleNumber": "4064512",
    "commercialArticleNumber": "7117",
    "name": "Mini cake marmer GV LV",
    "brand": "CÉRÉAL",
    "seoBrand": "Céréal",
    "thumbNail": "https://static.colruytgroup.com/images/200x200/std.lang.all/79/77/asset-3347977.jpg",
    "fullImage": "https://static.colruytgroup.com/images/500x500/std.lang.all/79/77/asset-3347977.jpg",
    "squareImage": "https://static.colruytgroup.com/images/500x500sq/std.lang.all/79/77/asset-3347977.jpg",
    "content": "200g",
    "walkRouteSequenceNumber": 2252,
    "price": {
      "basicPrice": 5.65,
      "recommendedQuantity": "1.0",
      "measurementUnitPrice": 28.25,
      "measurementUnit": "K",
      "isRedPrice": false,
      "pricePerUOM": 28.25,
      "activationDate": "14-03-2024",
      "recordSource": "Offline",
      "isPromoActive": "N",
      "priceChangeCode": "E"
    },
    "isAvailable": true,
    "isPriceAvailable": true,
    "inPromo": false,
    "gtin": [
      "05410063023949",
      "05410063024076"
    ],
    "topCategoryName": "Koeken/Chocolade/Snoep",
    "topCategoryId": "335",
    "businessDomain": "RETAIL_BE",
    "IsPrivateLabel": false,
    "IsBiffe": false,
    "WeightconversionFactor": "0",
    "IsWeightArticle": false,
    "nutriscoreLabel": "C",
    "IsBio": false,
    "CountryOfOrigin": "BELGIË",
    "IsExclusivelySoldInLuxembourg": false,
    "OrderUnit": "P",
    "ShortName": "CERE M.CAKES MARM.GV LV",
    "IsNew": false,
    "EcoscoreLabel": "B",
    "RecentQuanityOfStockUnits": "1",
    "LongName": "CÉRÉAL Mini cake marmer GV LV 200g",
    "FicCode": "E",
    "EcoscoreValue": "74"
  },
  {
    "productId": "730120",
    "technicalArticleNumber": "4487083",
    "commercialArticleNumber": "25041",
    "name": "brownie",
    "brand": "M&M'S",
    "seoBrand": "M&M's",
    "thumbNail": "https://static.colruytgroup.com/images/200x200/std.lang.all/58/41/asset-2885841.jpg",
    "fullImage": "https://static.colruytgroup.com/images/500x500/std.lang.all/58/41/asset-2885841.jpg",
    "squareImage": "https://static.colruytgroup.com/images/500x500sq/std.lang.all/58/41/asset-2885841.jpg",
    "content": "400g",
    "walkRouteSequenceNumber": 1459,
    "price": {
      "basicPrice": 4.49,
      "recommendedQuantity": "2.0",
      "measurementUnitPrice": 11.23,
      "measurementUnit": "K",
      "isRedPrice": false,
      "pricePerUOM": 11.23,
      "activationDate": "15-03-2024",
      "recordSource": "Offline",
      "isPromoActive": "N",
      "priceChangeCode": "L"
    },
    "isAvailable": true,
    "isPriceAvailable": true,
    "inPromo": false,
    "gtin": [
      "05900951294228",
      "45400141905791",
      "05900951294211"
    ],
    "topCategoryName": "Koeken/Chocolade/Snoep",
    "topCategoryId": "335",
    "businessDomain": "RETAIL_BE",
    "IsPrivateLabel": false,
    "IsBiffe": false,
    "WeightconversionFactor": "0",
    "IsWeightArticle": false,
    "nutriscoreLabel": "E",
    "IsBio": false,
    "CountryOfOrigin": "POLEN",
    "IsExclusivelySoldInLuxembourg": false,
    "OrderUnit": "P",
    "ShortName": "M&MS BROWNIE 400G",
    "IsNew": false,
    "RecentQuanityOfStockUnits": "2,1",
    "LongName": "M&M'S brownie 400g",
    "FicCode": "E"
  },
  {
    "productId": "696880",
    "technicalArticleNumber": "4427009",
    "commercialArticleNumber": "26080",
    "name": "party box",
    "brand": "HARIBO",
    "seoBrand": "Haribo",
    "thumbNail": "https://static.colruytgroup.com/images/200x200/std.lang.all/27/36/asset-2402736.jpg",
    "fullImage": "https://static.colruytgroup.com/images/500x500/std.lang.all/27/36/asset-2402736.jpg",
    "squareImage": "https://static.colruytgroup.com/images/500x500sq/std.lang.all/27/36/asset-2402736.jpg",
    "content": "500g",
    "walkRouteSequenceNumber": 1982,
    "price": {
      "basicPrice": 7.5,
      "recommendedQuantity": "1.0",
      "measurementUnitPrice": 15,
      "measurementUnit": "K",
      "isRedPrice": false,
      "pricePerUOM": 15,
      "activationDate": "15-03-2024",
      "recordSource": "Offline",
      "isPromoActive": "N",
      "priceChangeCode": "H"
    },
    "isAvailable": true,
    "isPriceAvailable": true,
    "inPromo": false,
    "gtin": [
      "04001686753279",
      "04001686753262"
    ],
    "topCategoryName": "Koeken/Chocolade/Snoep",
    "topCategoryId": "335",
    "businessDomain": "RETAIL_BE",
    "IsPrivateLabel": false,
    "IsBiffe": false,
    "WeightconversionFactor": "0",
    "IsWeightArticle": false,
    "nutriscoreLabel": "E",
    "IsBio": false,
    "CountryOfOrigin": "BELGIË",
    "IsExclusivelySoldInLuxembourg": false,
    "OrderUnit": "P",
    "ShortName": "HARI PARTY BOX 500G",
    "InSeason": true,
    "IsNew": false,
    "EcoscoreLabel": "C",
    "RecentQuanityOfStockUnits": "1",
    "LongName": "HARIBO party box 500g",
    "StartSeasonDate": "28/02/2022",
    "FicCode": "E",
    "EcoscoreValue": "42"
  },
  {
    "productId": "823119",
    "technicalArticleNumber": "4658724",
    "commercialArticleNumber": "29783",
    "name": "Ben & Jerry's melk brownie",
    "brand": "TONY'S",
    "seoBrand": "Tony's Chocolonely Ben & Jerry's",
    "thumbNail": "https://static.colruytgroup.com/images/200x200/std.lang.all/86/23/asset-3038623.jpg",
    "fullImage": "https://static.colruytgroup.com/images/500x500/std.lang.all/86/23/asset-3038623.jpg",
    "squareImage": "https://static.colruytgroup.com/images/500x500sq/std.lang.all/86/23/asset-3038623.jpg",
    "content": "180g",
    "walkRouteSequenceNumber": 1358,
    "price": {
      "basicPrice": 4.07,
      "recommendedQuantity": "1.0",
      "measurementUnitPrice": 22.62,
      "measurementUnit": "K",
      "isRedPrice": false,
      "pricePerUOM": 22.62,
      "activationDate": "21-03-2024",
      "recordSource": "Offline",
      "isPromoActive": "N",
      "priceChangeCode": "H"
    },
    "isAvailable": true,
    "isPriceAvailable": true,
    "inPromo": false,
    "gtin": [
      "08719956498244",
      "08719956498251"
    ],
    "topCategoryName": "Koeken/Chocolade/Snoep",
    "topCategoryId": "335",
    "businessDomain": "RETAIL_BE",
    "IsPrivateLabel": false,
    "IsBiffe": false,
    "WeightconversionFactor": "0",
    "IsWeightArticle": false,
    "nutriscoreLabel": "E",
    "IsBio": false,
    "CountryOfOrigin": "BELGIË",
    "IsExclusivelySoldInLuxembourg": false,
    "OrderUnit": "P",
    "ShortName": "TONY B&J MELK BROWN.180",
    "IsNew": false,
    "EcoscoreLabel": "D",
    "RecentQuanityOfStockUnits": "1",
    "LongName": "TONY'S Ben & Jerry's melk brownie 180g",
    "FicCode": "E",
    "EcoscoreValue": "28"
  },
  {
    "productId": "717651",
    "technicalArticleNumber": "4465654",
    "commercialArticleNumber": "26833",
    "name": "bubble bottles",
    "brand": "LUTTI",
    "seoBrand": "Lutti",
    "thumbNail": "https://static.colruytgroup.com/images/200x200/std.lang.all/83/85/asset-2488385.jpg",
    "fullImage": "https://static.colruytgroup.com/images/500x500/std.lang.all/83/85/asset-2488385.jpg",
    "squareImage": "https://static.colruytgroup.com/images/500x500sq/std.lang.all/83/85/asset-2488385.jpg",
    "content": "1kg",
    "walkRouteSequenceNumber": 1947,
    "price": {
      "basicPrice": 8.69,
      "recommendedQuantity": "1.0",
      "measurementUnitPrice": 8.69,
      "measurementUnit": "K",
      "isRedPrice": false,
      "pricePerUOM": 8.69,
      "activationDate": "17-02-2024",
      "isPromoActive": "N",
      "priceChangeCode": "E"
    },
    "isAvailable": true,
    "isPriceAvailable": true,
    "inPromo": false,
    "gtin": [
      "03664346328395",
      "03664346333252"
    ],
    "topCategoryName": "Koeken/Chocolade/Snoep",
    "topCategoryId": "335",
    "businessDomain": "RETAIL_BE",
    "IsPrivateLabel": false,
    "IsBiffe": false,
    "WeightconversionFactor": "0",
    "IsWeightArticle": false,
    "nutriscoreLabel": "E",
    "IsBio": false,
    "CountryOfOrigin": "FRANKRIJK",
    "IsExclusivelySoldInLuxembourg": false,
    "OrderUnit": "P",
    "ShortName": "LUTT BUBBLE BOTTLES 1KG",
    "IsNew": false,
    "EcoscoreLabel": "B",
    "RecentQuanityOfStockUnits": "1",
    "LongName": "LUTTI bubble bottles 1kg",
    "FicCode": "E",
    "EcoscoreValue": "69"
  },
  {
    "productId": "855892",
    "technicalArticleNumber": "4705219",
    "commercialArticleNumber": "31365",
    "name": "melk chocolade pretzels",
    "brand": "FLIPZ",
    "seoBrand": "McVitie's Flipz",
    "thumbNail": "https://static.colruytgroup.com/images/200x200/std.lang.all/28/09/asset-3172809.jpg",
    "fullImage": "https://static.colruytgroup.com/images/500x500/std.lang.all/28/09/asset-3172809.jpg",
    "squareImage": "https://static.colruytgroup.com/images/500x500sq/std.lang.all/28/09/asset-3172809.jpg",
    "content": "90g",
    "walkRouteSequenceNumber": 1504,
    "price": {
      "basicPrice": 2.29,
      "recommendedQuantity": "1.0",
      "quantityPrice": 1.14,
      "quantityPriceQuantity": "2.0",
      "measurementUnitPrice": 25.45,
      "measurementUnitQuantityPrice": 12.67,
      "measurementUnit": "K",
      "isRedPrice": false,
      "pricePerUOM": 25.45,
      "activationDate": "21-03-2024",
      "recordSource": "Offline",
      "isPromoActive": "N",
      "priceChangeCode": "E",
      "quantityPricePerUOM": 12.67,
      "quantityActivationDate": "21-03-2024",
      "quantityPriceChangeCode": "L"
    },
    "isAvailable": true,
    "isPriceAvailable": true,
    "inPromo": false,
    "gtin": [
      "05000396053449",
      "05000396053456"
    ],
    "topCategoryName": "Koeken/Chocolade/Snoep",
    "topCategoryId": "335",
    "businessDomain": "RETAIL_BE",
    "IsPrivateLabel": false,
    "IsBiffe": false,
    "WeightconversionFactor": "0",
    "IsWeightArticle": false,
    "nutriscoreLabel": "E",
    "IsBio": false,
    "CountryOfOrigin": "TURKIJE",
    "IsExclusivelySoldInLuxembourg": false,
    "OrderUnit": "P",
    "ShortName": "FLIP M.CHOC.PRETZE90",
    "IsNew": false,
    "RecentQuanityOfStockUnits": "1",
    "LongName": "FLIPZ melk chocolade pretzels 90g",
    "FicCode": "E"
  },
  {
    "productId": "853911",
    "technicalArticleNumber": "4702611",
    "commercialArticleNumber": "31228",
    "name": "Watermelon",
    "description": "*Keelbonbons\n*Smaak: watermeloen\n*Suikervrij",
    "brand": "TRUE MINTS",
    "seoBrand": "True Mints",
    "thumbNail": "https://static.colruytgroup.com/images/200x200/std.lang.all/05/57/asset-3120557.jpg",
    "fullImage": "https://static.colruytgroup.com/images/500x500/std.lang.all/05/57/asset-3120557.jpg",
    "squareImage": "https://static.colruytgroup.com/images/500x500sq/std.lang.all/05/57/asset-3120557.jpg",
    "content": "13g",
    "walkRouteSequenceNumber": 18383,
    "price": {
      "basicPrice": 1.49,
      "recommendedQuantity": "1.0",
      "measurementUnitPrice": 114.62,
      "measurementUnit": "K",
      "isRedPrice": false,
      "pricePerUOM": 114.62,
      "activationDate": "06-09-2023",
      "isPromoActive": "N",
      "priceChangeCode": "E"
    },
    "isAvailable": true,
    "isPriceAvailable": true,
    "inPromo": true,
    "promotion": [
      {
        "techPromoId": "100849COLR",
        "promotionId": "100849",
        "promotionType": "3",
        "isPersonalized": "N",
        "publicationStartDate": "13-03-2024",
        "publicationEndDate": "26-03-2024"
      }
    ],
    "gtin": [
      "15745000121134",
      "05745000121137"
    ],
    "topCategoryName": "Koeken/Chocolade/Snoep",
    "topCategoryId": "335",
    "businessDomain": "RETAIL_BE",
    "IsPrivateLabel": false,
    "IsBiffe": false,
    "WeightconversionFactor": "0",
    "IsWeightArticle": false,
    "nutriscoreLabel": "C",
    "IsBio": false,
    "CountryOfOrigin": "NEDERLAND",
    "IsExclusivelySoldInLuxembourg": false,
    "OrderUnit": "P",
    "ShortName": "TRMI WATERMELON 13G",
    "IsNew": false,
    "EcoscoreLabel": "B",
    "RecentQuanityOfStockUnits": "1",
    "LongName": "TRUE MINTS Watermelon 13g",
    "FicCode": "E",
    "EcoscoreValue": "66"
  },
  {
    "productId": "26054",
    "technicalArticleNumber": "1970153",
    "commercialArticleNumber": "20577",
    "name": "fruit citroen sv",
    "brand": "VICKS",
    "seoBrand": "Vicks",
    "thumbNail": "https://static.colruytgroup.com/images/200x200/std.lang.all/47/43/asset-3424743.jpg",
    "fullImage": "https://static.colruytgroup.com/images/500x500/std.lang.all/47/43/asset-3424743.jpg",
    "squareImage": "https://static.colruytgroup.com/images/500x500sq/std.lang.all/47/43/asset-3424743.jpg",
    "content": "144g",
    "walkRouteSequenceNumber": 13474,
    "price": {
      "basicPrice": 4.5,
      "recommendedQuantity": "2.0",
      "measurementUnitPrice": 31.25,
      "measurementUnit": "K",
      "isRedPrice": false,
      "pricePerUOM": 31.25,
      "activationDate": "14-02-2024",
      "recordSource": "Offline",
      "isPromoActive": "N",
      "priceChangeCode": "E"
    },
    "isAvailable": true,
    "isPriceAvailable": true,
    "inPromo": false,
    "gtin": [
      "04030300022569",
      "05400787035809",
      "05400787035748"
    ],
    "topCategoryName": "Koeken/Chocolade/Snoep",
    "topCategoryId": "335",
    "businessDomain": "RETAIL_BE",
    "IsPrivateLabel": false,
    "IsBiffe": false,
    "WeightconversionFactor": "0",
    "IsWeightArticle": false,
    "nutriscoreLabel": "B",
    "IsBio": false,
    "CountryOfOrigin": "BELGIË",
    "IsExclusivelySoldInLuxembourg": false,
    "OrderUnit": "P",
    "ShortName": "VICKS FR.CITR+C ZS 144G",
    "IsNew": false,
    "EcoscoreLabel": "B",
    "RecentQuanityOfStockUnits": "2,1",
    "LongName": "VICKS fruit citroen sv 144g",
    "AlcoholVolume": "0",
    "FicCode": "E",
    "EcoscoreValue": "66"
  },
  {
    "productId": "250329",
    "technicalArticleNumber": "3673343",
    "commercialArticleNumber": "43465",
    "name": "Peppermint 70st",
    "brand": "STIMOROL",
    "seoBrand": "Stimorol",
    "thumbNail": "https://static.colruytgroup.com/images/200x200/std.lang.all/95/17/asset-1319517.jpg",
    "fullImage": "https://static.colruytgroup.com/images/500x500/std.lang.all/95/17/asset-1319517.jpg",
    "squareImage": "https://static.colruytgroup.com/images/500x500sq/std.lang.all/95/17/asset-1319517.jpg",
    "content": "102g",
    "walkRouteSequenceNumber": 18334,
    "price": {
      "basicPrice": 3.99,
      "recommendedQuantity": "1.0",
      "measurementUnitPrice": 0.057,
      "measurementUnit": "S",
      "isRedPrice": false,
      "pricePerUOM": 0.057,
      "activationDate": "18-10-2023",
      "recordSource": "Offline",
      "isPromoActive": "N",
      "priceChangeCode": "E"
    },
    "isAvailable": true,
    "isPriceAvailable": true,
    "inPromo": false,
    "gtin": [
      "07622210377180",
      "07622300771782",
      "07622300771768"
    ],
    "topCategoryName": "Koeken/Chocolade/Snoep",
    "topCategoryId": "335",
    "businessDomain": "RETAIL_BE",
    "IsPrivateLabel": false,
    "IsBiffe": false,
    "WeightconversionFactor": "0",
    "IsWeightArticle": false,
    "nutriscoreLabel": "B",
    "IsBio": false,
    "CountryOfOrigin": "FRANKRIJK",
    "IsExclusivelySoldInLuxembourg": false,
    "OrderUnit": "P",
    "ShortName": "STIM BOTTLE PEPPMINT70S",
    "IsNew": false,
    "RecentQuanityOfStockUnits": "1",
    "LongName": "STIMOROL Peppermint 70st 102g",
    "AlcoholVolume": "0",
    "FicCode": "E"
  },
  {
    "productId": "879439",
    "technicalArticleNumber": "4735885",
    "commercialArticleNumber": "24093",
    "name": "Flowp.bâtons puur framboos",
    "description": "*Flowpack",
    "brand": "GALLER",
    "seoBrand": "Galler",
    "thumbNail": "https://static.colruytgroup.com/images/200x200/std.lang.all/41/10/asset-3284110.jpg",
    "fullImage": "https://static.colruytgroup.com/images/500x500/std.lang.all/41/10/asset-3284110.jpg",
    "squareImage": "https://static.colruytgroup.com/images/500x500sq/std.lang.all/41/10/asset-3284110.jpg",
    "content": "210g",
    "walkRouteSequenceNumber": 1324,
    "price": {
      "basicPrice": 5.49,
      "recommendedQuantity": "1.0",
      "measurementUnitPrice": 26.15,
      "measurementUnit": "K",
      "isRedPrice": false,
      "pricePerUOM": 26.15,
      "activationDate": "07-03-2024",
      "recordSource": "Offline",
      "isPromoActive": "N",
      "priceChangeCode": "E"
    },
    "isAvailable": true,
    "isPriceAvailable": true,
    "inPromo": false,
    "gtin": [
      "05412038335255",
      "05412038335262"
    ],
    "topCategoryName": "Koeken/Chocolade/Snoep",
    "topCategoryId": "335",
    "businessDomain": "RETAIL_BE",
    "IsPrivateLabel": false,
    "IsBiffe": false,
    "WeightconversionFactor": "0",
    "IsWeightArticle": false,
    "nutriscoreLabel": "E",
    "IsBio": false,
    "CountryOfOrigin": "BELGIË",
    "IsExclusivelySoldInLuxembourg": false,
    "OrderUnit": "P",
    "ShortName": "GALL BAT.PUUR FRAMB.210",
    "IsNew": false,
    "EcoscoreLabel": "C",
    "RecentQuanityOfStockUnits": "1",
    "LongName": "GALLER Flowp.bâtons puur framboos 210g",
    "AlcoholVolume": "0",
    "FicCode": "E",
    "EcoscoreValue": "56"
  },
  {
    "productId": "408698",
    "technicalArticleNumber": "3929281",
    "commercialArticleNumber": "22429",
    "name": "truffels melk",
    "brand": "BONI",
    "seoBrand": "Boni Selection",
    "thumbNail": "https://static.colruytgroup.com/images/200x200/std.lang.all/84/66/asset-2258466.jpg",
    "fullImage": "https://static.colruytgroup.com/images/500x500/std.lang.all/84/66/asset-2258466.jpg",
    "squareImage": "https://static.colruytgroup.com/images/500x500sq/std.lang.all/84/66/asset-2258466.jpg",
    "content": "200g",
    "walkRouteSequenceNumber": 4512,
    "price": {
      "basicPrice": 4.56,
      "recommendedQuantity": "1.0",
      "measurementUnitPrice": 22.8,
      "measurementUnit": "K",
      "isRedPrice": false,
      "pricePerUOM": 22.8,
      "activationDate": "29-12-2023",
      "recordSource": "Online",
      "isPromoActive": "N",
      "priceChangeCode": "L"
    },
    "isAvailable": true,
    "isPriceAvailable": true,
    "inPromo": false,
    "gtin": [
      "05400141477610",
      "05400141277111",
      "05400141193732",
      "15400141477617"
    ],
    "topCategoryName": "Koeken/Chocolade/Snoep",
    "topCategoryId": "335",
    "businessDomain": "RETAIL_BE",
    "IsPrivateLabel": true,
    "IsBiffe": false,
    "WeightconversionFactor": "0",
    "IsWeightArticle": false,
    "nutriscoreLabel": "E",
    "IsBio": false,
    "CountryOfOrigin": "BELGIË",
    "IsExclusivelySoldInLuxembourg": false,
    "OrderUnit": "P",
    "ShortName": "BONI TRUFFELS MELK 200G",
    "InSeason": true,
    "IsNew": false,
    "EcoscoreLabel": "C",
    "RecentQuanityOfStockUnits": "1",
    "LongName": "BONI truffels melk 200g",
    "AlcoholVolume": "0",
    "StartSeasonDate": "03/07/2023",
    "FicCode": "I",
    "EcoscoreValue": "41"
  },
  {
    "productId": "618467",
    "technicalArticleNumber": "4295824",
    "commercialArticleNumber": "2158",
    "name": "chunky",
    "brand": "NESTLÉ KITKAT",
    "seoBrand": "Nestlé Kitkat",
    "thumbNail": "https://static.colruytgroup.com/images/200x200/std.lang.all/21/77/asset-2172177.jpg",
    "fullImage": "https://static.colruytgroup.com/images/500x500/std.lang.all/21/77/asset-2172177.jpg",
    "squareImage": "https://static.colruytgroup.com/images/500x500sq/std.lang.all/21/77/asset-2172177.jpg",
    "content": "4x40g",
    "walkRouteSequenceNumber": 1307,
    "price": {
      "basicPrice": 2.69,
      "recommendedQuantity": "1.0",
      "measurementUnitPrice": 16.82,
      "measurementUnit": "K",
      "isRedPrice": false,
      "pricePerUOM": 16.82,
      "activationDate": "14-03-2024",
      "isPromoActive": "N",
      "priceChangeCode": "E"
    },
    "isAvailable": true,
    "isPriceAvailable": true,
    "inPromo": false,
    "gtin": [
      "25400141915253",
      "03800020405543",
      "03800020411957"
    ],
    "topCategoryName": "Koeken/Chocolade/Snoep",
    "topCategoryId": "335",
    "businessDomain": "RETAIL_BE",
    "IsPrivateLabel": false,
    "IsBiffe": false,
    "WeightconversionFactor": "0",
    "IsWeightArticle": false,
    "nutriscoreLabel": "E",
    "IsBio": false,
    "CountryOfOrigin": "BULGARIJE",
    "IsExclusivelySoldInLuxembourg": false,
    "OrderUnit": "P",
    "ShortName": "NEST KITKAT CHUNKY160",
    "IsNew": false,
    "RecentQuanityOfStockUnits": "2,1",
    "LongName": "NESTLÉ KITKAT chunky 4x40g",
    "FicCode": "E"
  },
  {
    "productId": "89778",
    "technicalArticleNumber": "2933530",
    "commercialArticleNumber": "35606",
    "name": "snoep Topmix",
    "brand": "LOOK O LOOK",
    "seoBrand": "Look O Look",
    "thumbNail": "https://static.colruytgroup.com/images/200x200/std.lang.all/46/18/asset-2804618.jpg",
    "fullImage": "https://static.colruytgroup.com/images/500x500/std.lang.all/46/18/asset-2804618.jpg",
    "squareImage": "https://static.colruytgroup.com/images/500x500sq/std.lang.all/46/18/asset-2804618.jpg",
    "content": "215g",
    "walkRouteSequenceNumber": 1964,
    "price": {
      "basicPrice": 4.39,
      "recommendedQuantity": "1.0",
      "measurementUnitPrice": 20.42,
      "measurementUnit": "K",
      "isRedPrice": false,
      "pricePerUOM": 20.42,
      "activationDate": "23-02-2024",
      "recordSource": "Offline",
      "isPromoActive": "N",
      "priceChangeCode": "H"
    },
    "isAvailable": true,
    "isPriceAvailable": true,
    "inPromo": false,
    "gtin": [
      "08713600284054",
      "08713600884056"
    ],
    "topCategoryName": "Koeken/Chocolade/Snoep",
    "topCategoryId": "335",
    "businessDomain": "RETAIL_BE",
    "IsPrivateLabel": false,
    "IsBiffe": false,
    "WeightconversionFactor": "0",
    "IsWeightArticle": false,
    "nutriscoreLabel": "E",
    "IsBio": false,
    "CountryOfOrigin": "NEDERLAND",
    "IsExclusivelySoldInLuxembourg": false,
    "OrderUnit": "P",
    "ShortName": "LOOKOLOOK TOPMIX 215G",
    "IsNew": false,
    "EcoscoreLabel": "C",
    "RecentQuanityOfStockUnits": "1",
    "LongName": "LOOK O LOOK snoep Topmix 215g",
    "AlcoholVolume": "0",
    "FicCode": "E",
    "EcoscoreValue": "42"
  },
  {
    "productId": "879433",
    "technicalArticleNumber": "4735879",
    "commercialArticleNumber": "23993",
    "name": "Flowpack bâtons wit praliné",
    "description": "*Flowpack",
    "brand": "GALLER",
    "seoBrand": "Galler",
    "thumbNail": "https://static.colruytgroup.com/images/200x200/std.lang.all/41/09/asset-3284109.jpg",
    "fullImage": "https://static.colruytgroup.com/images/500x500/std.lang.all/41/09/asset-3284109.jpg",
    "squareImage": "https://static.colruytgroup.com/images/500x500sq/std.lang.all/41/09/asset-3284109.jpg",
    "content": "210g",
    "walkRouteSequenceNumber": 1322,
    "price": {
      "basicPrice": 4.5,
      "recommendedQuantity": "1.0",
      "measurementUnitPrice": 21.43,
      "measurementUnit": "K",
      "isRedPrice": false,
      "pricePerUOM": 21.43,
      "activationDate": "17-02-2024",
      "recordSource": "Offline",
      "isPromoActive": "N",
      "priceChangeCode": "E"
    },
    "isAvailable": true,
    "isPriceAvailable": true,
    "inPromo": false,
    "gtin": [
      "05412038335279",
      "05412038335286"
    ],
    "topCategoryName": "Koeken/Chocolade/Snoep",
    "topCategoryId": "335",
    "businessDomain": "RETAIL_BE",
    "IsPrivateLabel": false,
    "IsBiffe": false,
    "WeightconversionFactor": "0",
    "IsWeightArticle": false,
    "nutriscoreLabel": "E",
    "IsBio": false,
    "CountryOfOrigin": "BELGIË",
    "IsExclusivelySoldInLuxembourg": false,
    "OrderUnit": "P",
    "ShortName": "GALL BAT.WIT PRALINE210",
    "IsNew": false,
    "EcoscoreLabel": "E",
    "RecentQuanityOfStockUnits": "1",
    "LongName": "GALLER Flowpack bâtons wit praliné 210g",
    "AlcoholVolume": "0",
    "FicCode": "E",
    "EcoscoreValue": "19"
  },
  {
    "productId": "874235",
    "technicalArticleNumber": "4729195",
    "commercialArticleNumber": "32082",
    "name": "Duo Stix vegan",
    "description": "*vegan",
    "brand": "FRUIT-TELLA",
    "seoBrand": "Fruit-tella",
    "thumbNail": "https://static.colruytgroup.com/images/200x200/std.lang.all/32/86/asset-3223286.jpg",
    "fullImage": "https://static.colruytgroup.com/images/500x500/std.lang.all/32/86/asset-3223286.jpg",
    "squareImage": "https://static.colruytgroup.com/images/500x500sq/std.lang.all/32/86/asset-3223286.jpg",
    "content": "400g",
    "walkRouteSequenceNumber": 1989,
    "price": {
      "basicPrice": 6.5,
      "recommendedQuantity": "1.0",
      "measurementUnitPrice": 6.5,
      "measurementUnit": "S",
      "isRedPrice": false,
      "pricePerUOM": 6.5,
      "activationDate": "11-05-2023",
      "isPromoActive": "N",
      "priceChangeCode": "E"
    },
    "isAvailable": true,
    "isPriceAvailable": true,
    "inPromo": false,
    "gtin": [
      "08723400797722"
    ],
    "topCategoryName": "Koeken/Chocolade/Snoep",
    "topCategoryId": "335",
    "businessDomain": "RETAIL_BE",
    "IsPrivateLabel": false,
    "IsBiffe": false,
    "WeightconversionFactor": "0",
    "IsWeightArticle": false,
    "nutriscoreLabel": "E",
    "IsBio": false,
    "CountryOfOrigin": "NEDERLAND",
    "IsExclusivelySoldInLuxembourg": false,
    "OrderUnit": "P",
    "ShortName": "FRUI DUO STICK VEG 400G",
    "IsNew": false,
    "EcoscoreLabel": "C",
    "RecentQuanityOfStockUnits": "1",
    "LongName": "FRUIT-TELLA Duo Stix vegan 400g",
    "AlcoholVolume": "0",
    "FicCode": "E",
    "EcoscoreValue": "42"
  },
  {
    "productId": "1018024",
    "technicalArticleNumber": "4788835",
    "commercialArticleNumber": "8815",
    "name": "Surferzz XL",
    "brand": "LUTTI",
    "seoBrand": "Lutti",
    "thumbNail": "https://ecgproductmw.colruytgroup.com/ecgproductmw/noPicForArticle_2.jpg",
    "fullImage": "https://ecgproductmw.colruytgroup.com/ecgproductmw/noPicForArticle_5.jpg",
    "squareImage": "https://ecgproductmw.colruytgroup.com/ecgproductmw/noPicForArticle_5.jpg",
    "content": "500g",
    "walkRouteSequenceNumber": 1617,
    "price": {
      "basicPrice": 5.9,
      "recommendedQuantity": "1.0",
      "measurementUnitPrice": 11.8,
      "measurementUnit": "K",
      "isRedPrice": false,
      "pricePerUOM": 11.8,
      "activationDate": "20-01-2024",
      "isPromoActive": "N",
      "priceChangeCode": "E"
    },
    "isAvailable": true,
    "isPriceAvailable": true,
    "inPromo": false,
    "gtin": [
      "05400787049677",
      "05400787049660"
    ],
    "topCategoryName": "Koeken/Chocolade/Snoep",
    "topCategoryId": "335",
    "businessDomain": "RETAIL_BE",
    "IsPrivateLabel": false,
    "IsBiffe": false,
    "WeightconversionFactor": "0",
    "IsWeightArticle": false,
    "nutriscoreLabel": "E",
    "IsBio": false,
    "CountryOfOrigin": "BELGIË",
    "IsExclusivelySoldInLuxembourg": false,
    "OrderUnit": "P",
    "ShortName": "LUTT SURFERZZ XL 500G",
    "IsNew": true,
    "EcoscoreLabel": "C",
    "RecentQuanityOfStockUnits": "1",
    "LongName": "LUTTI Surferzz XL 500g",
    "AlcoholVolume": "0",
    "FicCode": "E",
    "EcoscoreValue": "42"
  },
  {
    "productId": "865597",
    "technicalArticleNumber": "4717789",
    "commercialArticleNumber": "4034",
    "name": "Lindor Cornet assorti",
    "brand": "LINDT",
    "seoBrand": "Lindt",
    "thumbNail": "https://static.colruytgroup.com/images/200x200/std.lang.all/39/52/asset-3193952.jpg",
    "fullImage": "https://static.colruytgroup.com/images/500x500/std.lang.all/39/52/asset-3193952.jpg",
    "squareImage": "https://static.colruytgroup.com/images/500x500sq/std.lang.all/39/52/asset-3193952.jpg",
    "content": "200g",
    "walkRouteSequenceNumber": 1779,
    "price": {
      "basicPrice": 7.69,
      "recommendedQuantity": "1.0",
      "measurementUnitPrice": 38.45,
      "measurementUnit": "K",
      "isRedPrice": false,
      "pricePerUOM": 38.45,
      "activationDate": "13-03-2024",
      "recordSource": "Offline",
      "isPromoActive": "N",
      "priceChangeCode": "E"
    },
    "isAvailable": true,
    "isPriceAvailable": true,
    "inPromo": false,
    "gtin": [
      "08003340593616",
      "08003340093611"
    ],
    "topCategoryName": "Koeken/Chocolade/Snoep",
    "topCategoryId": "335",
    "businessDomain": "RETAIL_BE",
    "IsPrivateLabel": false,
    "IsBiffe": false,
    "WeightconversionFactor": "0",
    "IsWeightArticle": false,
    "nutriscoreLabel": "E",
    "IsBio": false,
    "CountryOfOrigin": "ITALIË",
    "IsExclusivelySoldInLuxembourg": false,
    "OrderUnit": "P",
    "ShortName": "LIND CORNET ASSORTI200G",
    "IsNew": false,
    "EcoscoreLabel": "E",
    "RecentQuanityOfStockUnits": "1",
    "LongName": "LINDT Lindor Cornet assorti 200g",
    "FicCode": "E",
    "EcoscoreValue": "18"
  },
  {
    "productId": "855883",
    "technicalArticleNumber": "4705207",
    "commercialArticleNumber": "31363",
    "name": "salted caramel pretzels",
    "brand": "FLIPZ",
    "seoBrand": "McVitie's Flipz",
    "thumbNail": "https://static.colruytgroup.com/images/200x200/std.lang.all/28/08/asset-3172808.jpg",
    "fullImage": "https://static.colruytgroup.com/images/500x500/std.lang.all/28/08/asset-3172808.jpg",
    "squareImage": "https://static.colruytgroup.com/images/500x500sq/std.lang.all/28/08/asset-3172808.jpg",
    "content": "90g",
    "walkRouteSequenceNumber": 1502,
    "price": {
      "basicPrice": 2.29,
      "recommendedQuantity": "1.0",
      "quantityPrice": 1.14,
      "quantityPriceQuantity": "2.0",
      "measurementUnitPrice": 25.45,
      "measurementUnitQuantityPrice": 12.67,
      "measurementUnit": "K",
      "isRedPrice": false,
      "pricePerUOM": 25.45,
      "activationDate": "21-03-2024",
      "recordSource": "Offline",
      "isPromoActive": "N",
      "priceChangeCode": "E",
      "quantityPricePerUOM": 12.67,
      "quantityActivationDate": "21-03-2024",
      "quantityPriceChangeCode": "L"
    },
    "isAvailable": true,
    "isPriceAvailable": true,
    "inPromo": false,
    "gtin": [
      "05000396053425",
      "05000396053432"
    ],
    "topCategoryName": "Koeken/Chocolade/Snoep",
    "topCategoryId": "335",
    "businessDomain": "RETAIL_BE",
    "IsPrivateLabel": false,
    "IsBiffe": false,
    "WeightconversionFactor": "0",
    "IsWeightArticle": false,
    "nutriscoreLabel": "E",
    "IsBio": false,
    "CountryOfOrigin": "TURKIJE",
    "IsExclusivelySoldInLuxembourg": false,
    "OrderUnit": "P",
    "ShortName": "FLIP SALT.CAR.PRET90",
    "IsNew": false,
    "RecentQuanityOfStockUnits": "1",
    "LongName": "FLIPZ salted caramel pretzels 90g",
    "FicCode": "E"
  },
  {
    "productId": "776366",
    "technicalArticleNumber": "4568202",
    "commercialArticleNumber": "9796",
    "name": "mango fruit rolls",
    "description": "*100% mango\n*Geen suiker toegevoegd\n*Glutenvrij\n*Vegan",
    "brand": "BOB SNAIL",
    "seoBrand": "Bob Snail",
    "thumbNail": "https://static.colruytgroup.com/images/200x200/std.lang.all/23/00/asset-2802300.jpg",
    "fullImage": "https://static.colruytgroup.com/images/500x500/std.lang.all/23/00/asset-2802300.jpg",
    "squareImage": "https://static.colruytgroup.com/images/500x500sq/std.lang.all/23/00/asset-2802300.jpg",
    "content": "60g",
    "walkRouteSequenceNumber": 2269,
    "price": {
      "basicPrice": 1.99,
      "recommendedQuantity": "1.0",
      "measurementUnitPrice": 33.17,
      "measurementUnit": "K",
      "isRedPrice": false,
      "pricePerUOM": 33.17,
      "activationDate": "13-01-2023",
      "isPromoActive": "N",
      "priceChangeCode": "H"
    },
    "isAvailable": true,
    "isPriceAvailable": true,
    "inPromo": false,
    "gtin": [
      "04820219344476",
      "04820219344506"
    ],
    "topCategoryName": "Koeken/Chocolade/Snoep",
    "topCategoryId": "335",
    "businessDomain": "RETAIL_BE",
    "IsPrivateLabel": false,
    "IsBiffe": false,
    "WeightconversionFactor": "0",
    "IsWeightArticle": false,
    "IsBio": false,
    "CountryOfOrigin": "OEKRAÏNE",
    "IsExclusivelySoldInLuxembourg": false,
    "OrderUnit": "P",
    "ShortName": "BOBS MANGO FRUIT ROLL60",
    "IsNew": false,
    "RecentQuanityOfStockUnits": "1",
    "LongName": "BOB SNAIL mango fruit rolls 60g",
    "FicCode": "E"
  },
  {
    "productId": "865607",
    "technicalArticleNumber": "4717805",
    "commercialArticleNumber": "4053",
    "name": "Lindor Cornet melk",
    "brand": "LINDT",
    "seoBrand": "Lindt Lindor",
    "thumbNail": "https://static.colruytgroup.com/images/200x200/std.lang.all/76/85/asset-3197685.jpg",
    "fullImage": "https://static.colruytgroup.com/images/500x500/std.lang.all/76/85/asset-3197685.jpg",
    "squareImage": "https://static.colruytgroup.com/images/500x500sq/std.lang.all/76/85/asset-3197685.jpg",
    "content": "200g",
    "walkRouteSequenceNumber": 1778,
    "price": {
      "basicPrice": 7.28,
      "recommendedQuantity": "1.0",
      "measurementUnitPrice": 36.4,
      "measurementUnit": "K",
      "isRedPrice": false,
      "pricePerUOM": 36.4,
      "activationDate": "19-03-2024",
      "recordSource": "Folder",
      "isPromoActive": "N",
      "priceChangeCode": "L"
    },
    "isAvailable": true,
    "isPriceAvailable": true,
    "inPromo": false,
    "gtin": [
      "08003340093604"
    ],
    "topCategoryName": "Koeken/Chocolade/Snoep",
    "topCategoryId": "335",
    "businessDomain": "RETAIL_BE",
    "IsPrivateLabel": false,
    "IsBiffe": false,
    "WeightconversionFactor": "0",
    "IsWeightArticle": false,
    "nutriscoreLabel": "E",
    "IsBio": false,
    "CountryOfOrigin": "ZWITSERLAND",
    "IsExclusivelySoldInLuxembourg": false,
    "OrderUnit": "P",
    "ShortName": "LIND CORNET MELK 200G",
    "IsNew": false,
    "EcoscoreLabel": "E",
    "RecentQuanityOfStockUnits": "1",
    "LongName": "LINDT Lindor Cornet melk 200g",
    "AlcoholVolume": "0",
    "FicCode": "E",
    "EcoscoreValue": "18"
  },
  {
    "productId": "567459",
    "technicalArticleNumber": "4210479",
    "commercialArticleNumber": "16187",
    "name": "callets wit",
    "brand": "JACQUES",
    "seoBrand": "Jacques",
    "thumbNail": "https://static.colruytgroup.com/images/200x200/std.lang.all/30/86/asset-2463086.jpg",
    "fullImage": "https://static.colruytgroup.com/images/500x500/std.lang.all/30/86/asset-2463086.jpg",
    "squareImage": "https://static.colruytgroup.com/images/500x500sq/std.lang.all/30/86/asset-2463086.jpg",
    "content": "400g",
    "walkRouteSequenceNumber": 1297,
    "price": {
      "basicPrice": 8.29,
      "recommendedQuantity": "1.0",
      "measurementUnitPrice": 20.73,
      "measurementUnit": "K",
      "isRedPrice": false,
      "pricePerUOM": 20.73,
      "activationDate": "10-02-2024",
      "isPromoActive": "N",
      "priceChangeCode": "H"
    },
    "isAvailable": true,
    "isPriceAvailable": true,
    "inPromo": false,
    "gtin": [
      "05410059757223",
      "05410059450551"
    ],
    "topCategoryName": "Koeken/Chocolade/Snoep",
    "topCategoryId": "335",
    "businessDomain": "RETAIL_BE",
    "IsPrivateLabel": false,
    "IsBiffe": false,
    "WeightconversionFactor": "0",
    "IsWeightArticle": false,
    "nutriscoreLabel": "E",
    "IsBio": false,
    "CountryOfOrigin": "DUITSLAND",
    "IsExclusivelySoldInLuxembourg": false,
    "OrderUnit": "P",
    "ShortName": "JACQ CALLETS WIT 400G",
    "IsNew": false,
    "EcoscoreLabel": "D",
    "RecentQuanityOfStockUnits": "1",
    "LongName": "JACQUES callets wit 400g",
    "FicCode": "E",
    "EcoscoreValue": "29"
  },
  {
    "productId": "852447",
    "technicalArticleNumber": "4700895",
    "commercialArticleNumber": "31101",
    "name": "tab.praline vanille cacao",
    "brand": "CÔTE D'OR",
    "seoBrand": "Côte d'Or",
    "thumbNail": "https://static.colruytgroup.com/images/200x200/std.lang.all/55/80/asset-3215580.jpg",
    "fullImage": "https://static.colruytgroup.com/images/500x500/std.lang.all/55/80/asset-3215580.jpg",
    "squareImage": "https://static.colruytgroup.com/images/500x500sq/std.lang.all/55/80/asset-3215580.jpg",
    "content": "192g",
    "walkRouteSequenceNumber": 1326,
    "price": {
      "basicPrice": 2.99,
      "recommendedQuantity": "1.0",
      "measurementUnitPrice": 15.58,
      "measurementUnit": "K",
      "isRedPrice": false,
      "pricePerUOM": 15.58,
      "activationDate": "23-03-2024",
      "recordSource": "Offline",
      "isPromoActive": "N",
      "priceChangeCode": "L"
    },
    "isAvailable": true,
    "isPriceAvailable": true,
    "inPromo": false,
    "gtin": [
      "07622201517458",
      "07622201517441"
    ],
    "topCategoryName": "Koeken/Chocolade/Snoep",
    "topCategoryId": "335",
    "businessDomain": "RETAIL_BE",
    "IsPrivateLabel": false,
    "IsBiffe": false,
    "WeightconversionFactor": "0",
    "IsWeightArticle": false,
    "nutriscoreLabel": "E",
    "IsBio": false,
    "CountryOfOrigin": "POLEN",
    "IsExclusivelySoldInLuxembourg": false,
    "OrderUnit": "P",
    "ShortName": "C.DO PRAL-VANI-CACAO192",
    "InSeason": true,
    "IsNew": false,
    "RecentQuanityOfStockUnits": "1",
    "LongName": "CÔTE D'OR tab.praline vanille cacao 192g",
    "StartSeasonDate": "17/04/2023",
    "FicCode": "E"
  },
  {
    "productId": "810754",
    "technicalArticleNumber": "4635430",
    "commercialArticleNumber": "17951",
    "name": "foamies framboossmaak",
    "brand": "LOOK O LOOK",
    "seoBrand": "Look O Look",
    "thumbNail": "https://static.colruytgroup.com/images/200x200/std.lang.all/29/61/asset-3042961.jpg",
    "fullImage": "https://static.colruytgroup.com/images/500x500/std.lang.all/29/61/asset-3042961.jpg",
    "squareImage": "https://static.colruytgroup.com/images/500x500sq/std.lang.all/29/61/asset-3042961.jpg",
    "content": "180g",
    "walkRouteSequenceNumber": 1632,
    "price": {
      "basicPrice": 2.56,
      "recommendedQuantity": "1.0",
      "measurementUnitPrice": 14.23,
      "measurementUnit": "K",
      "isRedPrice": false,
      "pricePerUOM": 14.23,
      "activationDate": "21-03-2024",
      "recordSource": "Offline",
      "isPromoActive": "N",
      "priceChangeCode": "H"
    },
    "isAvailable": true,
    "isPriceAvailable": true,
    "inPromo": false,
    "gtin": [
      "08713600501830",
      "08713600501847"
    ],
    "topCategoryName": "Koeken/Chocolade/Snoep",
    "topCategoryId": "335",
    "businessDomain": "RETAIL_BE",
    "IsPrivateLabel": false,
    "IsBiffe": false,
    "WeightconversionFactor": "0",
    "IsWeightArticle": false,
    "nutriscoreLabel": "E",
    "IsBio": false,
    "CountryOfOrigin": "ITALIË",
    "IsExclusivelySoldInLuxembourg": false,
    "OrderUnit": "P",
    "ShortName": "LOLO FOAMIE.FRAMBOOS180",
    "IsNew": false,
    "EcoscoreLabel": "C",
    "RecentQuanityOfStockUnits": "1",
    "LongName": "LOOK O LOOK foamies framboossmaak 180g",
    "FicCode": "E",
    "EcoscoreValue": "42"
  },
  {
    "productId": "865477",
    "technicalArticleNumber": "4717620",
    "commercialArticleNumber": "3828",
    "name": "Confetti",
    "brand": "SWEET SWITCH",
    "seoBrand": "Sweet-Switch",
    "thumbNail": "https://static.colruytgroup.com/images/200x200/std.lang.all/35/20/asset-3183520.jpg",
    "fullImage": "https://static.colruytgroup.com/images/500x500/std.lang.all/35/20/asset-3183520.jpg",
    "squareImage": "https://static.colruytgroup.com/images/500x500sq/std.lang.all/35/20/asset-3183520.jpg",
    "content": "22g",
    "walkRouteSequenceNumber": 1812,
    "price": {
      "basicPrice": 0.99,
      "recommendedQuantity": "1.0",
      "measurementUnitPrice": 45,
      "measurementUnit": "K",
      "isRedPrice": false,
      "pricePerUOM": 45,
      "activationDate": "05-03-2024",
      "recordSource": "Offline",
      "isPromoActive": "N",
      "priceChangeCode": "E"
    },
    "isAvailable": true,
    "isPriceAvailable": true,
    "inPromo": false,
    "gtin": [
      "05425032430871",
      "05425032430734",
      "05425032430727"
    ],
    "topCategoryName": "Koeken/Chocolade/Snoep",
    "topCategoryId": "335",
    "businessDomain": "RETAIL_BE",
    "IsPrivateLabel": false,
    "IsBiffe": false,
    "WeightconversionFactor": "0",
    "IsWeightArticle": false,
    "nutriscoreLabel": "D",
    "IsBio": false,
    "CountryOfOrigin": "BELGIË",
    "IsExclusivelySoldInLuxembourg": false,
    "OrderUnit": "P",
    "ShortName": "SWSW CONFETTI 22G",
    "IsNew": false,
    "EcoscoreLabel": "D",
    "RecentQuanityOfStockUnits": "1,20",
    "LongName": "SWEET SWITCH Confetti 22g",
    "FicCode": "E",
    "EcoscoreValue": "22"
  },
  {
    "productId": "1430",
    "technicalArticleNumber": "20526",
    "commercialArticleNumber": "20526",
    "name": "nougat hard",
    "brand": "CARLIER",
    "seoBrand": "Carlier",
    "thumbNail": "https://static.colruytgroup.com/images/200x200/std.lang.all/49/97/asset-354997.jpg",
    "fullImage": "https://static.colruytgroup.com/images/500x500/std.lang.all/49/97/asset-354997.jpg",
    "squareImage": "https://static.colruytgroup.com/images/500x500sq/std.lang.all/49/97/asset-354997.jpg",
    "content": "500g",
    "walkRouteSequenceNumber": 2003,
    "price": {
      "basicPrice": 6.12,
      "recommendedQuantity": "1.0",
      "measurementUnitPrice": 12.24,
      "measurementUnit": "K",
      "isRedPrice": false,
      "pricePerUOM": 12.24,
      "activationDate": "14-11-2023",
      "isPromoActive": "N",
      "priceChangeCode": "E"
    },
    "isAvailable": true,
    "isPriceAvailable": true,
    "inPromo": false,
    "gtin": [
      "05410481000034",
      "05410481200038"
    ],
    "topCategoryName": "Koeken/Chocolade/Snoep",
    "topCategoryId": "335",
    "businessDomain": "RETAIL_BE",
    "IsPrivateLabel": false,
    "IsBiffe": false,
    "WeightconversionFactor": "0",
    "IsWeightArticle": false,
    "nutriscoreLabel": "D",
    "IsBio": false,
    "CountryOfOrigin": "BELGIË",
    "IsExclusivelySoldInLuxembourg": false,
    "OrderUnit": "P",
    "ShortName": "CARLIER NOUGAT TUBO500G",
    "IsNew": false,
    "EcoscoreLabel": "D",
    "RecentQuanityOfStockUnits": "1",
    "LongName": "CARLIER nougat hard 500g",
    "AlcoholVolume": "0",
    "FicCode": "E",
    "EcoscoreValue": "38"
  },
  {
    "productId": "847400",
    "technicalArticleNumber": "4693796",
    "commercialArticleNumber": "19065",
    "name": "Choco Cube Thank you",
    "brand": "RITTER SPORT",
    "seoBrand": "Ritter Sport",
    "thumbNail": "https://static.colruytgroup.com/images/200x200/std.lang.all/19/73/asset-3141973.jpg",
    "fullImage": "https://static.colruytgroup.com/images/500x500/std.lang.all/19/73/asset-3141973.jpg",
    "squareImage": "https://static.colruytgroup.com/images/500x500sq/std.lang.all/19/73/asset-3141973.jpg",
    "content": "176g",
    "walkRouteSequenceNumber": 1229,
    "price": {
      "basicPrice": 2.99,
      "recommendedQuantity": "1.0",
      "measurementUnitPrice": 16.99,
      "measurementUnit": "K",
      "isRedPrice": false,
      "pricePerUOM": 16.99,
      "activationDate": "12-02-2024",
      "isPromoActive": "N",
      "priceChangeCode": "H"
    },
    "isAvailable": true,
    "isPriceAvailable": true,
    "inPromo": false,
    "gtin": [
      "04000417652706",
      "04000417691200"
    ],
    "topCategoryName": "Koeken/Chocolade/Snoep",
    "topCategoryId": "335",
    "businessDomain": "RETAIL_BE",
    "IsPrivateLabel": false,
    "IsBiffe": false,
    "WeightconversionFactor": "0",
    "IsWeightArticle": false,
    "nutriscoreLabel": "E",
    "IsBio": false,
    "CountryOfOrigin": "DUITSLAND",
    "IsExclusivelySoldInLuxembourg": false,
    "OrderUnit": "P",
    "ShortName": "RITT CUBE THANK YOU176G",
    "IsNew": false,
    "EcoscoreLabel": "D",
    "RecentQuanityOfStockUnits": "1",
    "LongName": "RITTER SPORT Choco Cube Thank you 176g",
    "FicCode": "E",
    "EcoscoreValue": "28"
  },
  {
    "productId": "853914",
    "technicalArticleNumber": "4702614",
    "commercialArticleNumber": "31231",
    "name": "Cherry",
    "description": "*Keelbonbons\n*Kersensmaak\n*Suikervrij",
    "brand": "TRUE MINTS",
    "seoBrand": "True Mints",
    "thumbNail": "https://static.colruytgroup.com/images/200x200/std.lang.all/06/93/asset-3120693.jpg",
    "fullImage": "https://static.colruytgroup.com/images/500x500/std.lang.all/06/93/asset-3120693.jpg",
    "squareImage": "https://static.colruytgroup.com/images/500x500sq/std.lang.all/06/93/asset-3120693.jpg",
    "content": "13g",
    "walkRouteSequenceNumber": 18382,
    "price": {
      "basicPrice": 1.49,
      "recommendedQuantity": "1.0",
      "measurementUnitPrice": 114.62,
      "measurementUnit": "K",
      "isRedPrice": false,
      "pricePerUOM": 114.62,
      "activationDate": "05-04-2023",
      "isPromoActive": "N",
      "priceChangeCode": "E"
    },
    "isAvailable": true,
    "isPriceAvailable": true,
    "inPromo": true,
    "promotion": [
      {
        "techPromoId": "100849COLR",
        "promotionId": "100849",
        "promotionType": "3",
        "isPersonalized": "N",
        "publicationStartDate": "13-03-2024",
        "publicationEndDate": "26-03-2024"
      }
    ],
    "gtin": [
      "15745000121011",
      "05745000121014"
    ],
    "topCategoryName": "Koeken/Chocolade/Snoep",
    "topCategoryId": "335",
    "businessDomain": "RETAIL_BE",
    "IsPrivateLabel": false,
    "IsBiffe": false,
    "WeightconversionFactor": "0",
    "IsWeightArticle": false,
    "nutriscoreLabel": "C",
    "IsBio": false,
    "CountryOfOrigin": "NEDERLAND",
    "IsExclusivelySoldInLuxembourg": false,
    "OrderUnit": "P",
    "ShortName": "TRMI CHERRY 13G",
    "IsNew": false,
    "EcoscoreLabel": "B",
    "RecentQuanityOfStockUnits": "1,18",
    "LongName": "TRUE MINTS Cherry 13g",
    "FicCode": "E",
    "EcoscoreValue": "66"
  },
  {
    "productId": "786818",
    "technicalArticleNumber": "4589060",
    "commercialArticleNumber": "21303",
    "name": "gum vitamin citrus 30st",
    "brand": "MENTOS",
    "seoBrand": "Mentos",
    "thumbNail": "https://static.colruytgroup.com/images/200x200/std.lang.all/97/04/asset-2779704.jpg",
    "fullImage": "https://static.colruytgroup.com/images/500x500/std.lang.all/97/04/asset-2779704.jpg",
    "squareImage": "https://static.colruytgroup.com/images/500x500sq/std.lang.all/97/04/asset-2779704.jpg",
    "content": "60g",
    "walkRouteSequenceNumber": 18367,
    "price": {
      "basicPrice": 3.59,
      "recommendedQuantity": "1.0",
      "measurementUnitPrice": 0.12,
      "measurementUnit": "S",
      "isRedPrice": false,
      "pricePerUOM": 0.12,
      "activationDate": "23-03-2024",
      "recordSource": "Offline",
      "isPromoActive": "N",
      "priceChangeCode": "L"
    },
    "isAvailable": true,
    "isPriceAvailable": true,
    "inPromo": false,
    "gtin": [
      "08003440996836",
      "00000080977056",
      "08003440996843"
    ],
    "topCategoryName": "Koeken/Chocolade/Snoep",
    "topCategoryId": "335",
    "businessDomain": "RETAIL_BE",
    "IsPrivateLabel": false,
    "IsBiffe": false,
    "WeightconversionFactor": "0",
    "IsWeightArticle": false,
    "nutriscoreLabel": "E",
    "IsBio": false,
    "CountryOfOrigin": "TURKIJE",
    "IsExclusivelySoldInLuxembourg": false,
    "OrderUnit": "P",
    "ShortName": "MENT VITAM.CIT30 60G",
    "IsNew": false,
    "EcoscoreLabel": "C",
    "RecentQuanityOfStockUnits": "1",
    "LongName": "MENTOS gum vitamin citrus 30st 60g",
    "FicCode": "E",
    "EcoscoreValue": "42"
  },
  {
    "productId": "802347",
    "technicalArticleNumber": "4617862",
    "commercialArticleNumber": "11290",
    "name": "fanta",
    "brand": "MENTOS",
    "seoBrand": "Mentos",
    "thumbNail": "https://static.colruytgroup.com/images/200x200/std.lang.all/46/60/asset-2834660.jpg",
    "fullImage": "https://static.colruytgroup.com/images/500x500/std.lang.all/46/60/asset-2834660.jpg",
    "squareImage": "https://static.colruytgroup.com/images/500x500sq/std.lang.all/46/60/asset-2834660.jpg",
    "content": "4x37,5g",
    "walkRouteSequenceNumber": 1960,
    "price": {
      "basicPrice": 2.39,
      "recommendedQuantity": "1.0",
      "measurementUnitPrice": 15.94,
      "measurementUnit": "K",
      "isRedPrice": false,
      "pricePerUOM": 15.94,
      "activationDate": "12-03-2024",
      "recordSource": "Offline",
      "isPromoActive": "N",
      "priceChangeCode": "L"
    },
    "isAvailable": true,
    "isPriceAvailable": true,
    "inPromo": false,
    "gtin": [
      "08723400796091",
      "08723400796671"
    ],
    "topCategoryName": "Koeken/Chocolade/Snoep",
    "topCategoryId": "335",
    "businessDomain": "RETAIL_BE",
    "IsPrivateLabel": false,
    "IsBiffe": false,
    "WeightconversionFactor": "0",
    "IsWeightArticle": false,
    "nutriscoreLabel": "E",
    "IsBio": false,
    "CountryOfOrigin": "NEDERLAND",
    "IsExclusivelySoldInLuxembourg": false,
    "OrderUnit": "P",
    "ShortName": "MENT FANTA 4X37.5G",
    "IsNew": false,
    "EcoscoreLabel": "C",
    "RecentQuanityOfStockUnits": "1,1",
    "LongName": "MENTOS fanta 4x37,5g",
    "FicCode": "E",
    "EcoscoreValue": "42"
  },
  {
    "productId": "853890",
    "technicalArticleNumber": "4702565",
    "commercialArticleNumber": "31220",
    "name": "Rasberry & Vanilla",
    "description": "*Kauwgom Ras&Vanilla\n*Suikervrij\n*Plastiek vrij\n*Vegan",
    "brand": "TRUE GUM",
    "seoBrand": "True Gum",
    "thumbNail": "https://static.colruytgroup.com/images/200x200/std.lang.all/05/55/asset-3120555.jpg",
    "fullImage": "https://static.colruytgroup.com/images/500x500/std.lang.all/05/55/asset-3120555.jpg",
    "squareImage": "https://static.colruytgroup.com/images/500x500sq/std.lang.all/05/55/asset-3120555.jpg",
    "content": "21g",
    "walkRouteSequenceNumber": 18387,
    "price": {
      "basicPrice": 1.79,
      "recommendedQuantity": "1.0",
      "measurementUnitPrice": 85.24,
      "measurementUnit": "K",
      "isRedPrice": false,
      "pricePerUOM": 85.24,
      "activationDate": "13-01-2023",
      "isPromoActive": "N",
      "priceChangeCode": "E"
    },
    "isAvailable": true,
    "isPriceAvailable": true,
    "inPromo": true,
    "promotion": [
      {
        "techPromoId": "100849COLR",
        "promotionId": "100849",
        "promotionType": "3",
        "isPersonalized": "N",
        "publicationStartDate": "13-03-2024",
        "publicationEndDate": "26-03-2024"
      }
    ],
    "gtin": [
      "05700002082534",
      "25700002082538"
    ],
    "topCategoryName": "Koeken/Chocolade/Snoep",
    "topCategoryId": "335",
    "businessDomain": "RETAIL_BE",
    "IsPrivateLabel": false,
    "IsBiffe": false,
    "WeightconversionFactor": "0",
    "IsWeightArticle": false,
    "nutriscoreLabel": "B",
    "IsBio": false,
    "CountryOfOrigin": "DENEMARKEN",
    "IsExclusivelySoldInLuxembourg": false,
    "OrderUnit": "P",
    "ShortName": "TRGU RASBER&VANILLE 21G",
    "IsNew": false,
    "EcoscoreLabel": "C",
    "RecentQuanityOfStockUnits": "1,24",
    "LongName": "TRUE GUM Rasberry & Vanilla 21g",
    "FicCode": "E",
    "EcoscoreValue": "42"
  },
  {
    "productId": "853829",
    "technicalArticleNumber": "4702484",
    "commercialArticleNumber": "31216",
    "name": "Mint",
    "description": "*Kauwgom Munt\n*Suikervrij\n*Plastiek vrij\n*Vegan",
    "brand": "TRUE GUM",
    "seoBrand": "True Gum",
    "thumbNail": "https://static.colruytgroup.com/images/200x200/std.lang.all/06/91/asset-3120691.jpg",
    "fullImage": "https://static.colruytgroup.com/images/500x500/std.lang.all/06/91/asset-3120691.jpg",
    "squareImage": "https://static.colruytgroup.com/images/500x500sq/std.lang.all/06/91/asset-3120691.jpg",
    "content": "21g",
    "walkRouteSequenceNumber": 18386,
    "price": {
      "basicPrice": 1.79,
      "recommendedQuantity": "1.0",
      "measurementUnitPrice": 85.24,
      "measurementUnit": "K",
      "isRedPrice": false,
      "pricePerUOM": 85.24,
      "activationDate": "06-09-2023",
      "isPromoActive": "N",
      "priceChangeCode": "E"
    },
    "isAvailable": true,
    "isPriceAvailable": true,
    "inPromo": true,
    "promotion": [
      {
        "techPromoId": "100849COLR",
        "promotionId": "100849",
        "promotionType": "3",
        "isPersonalized": "N",
        "publicationStartDate": "13-03-2024",
        "publicationEndDate": "26-03-2024"
      }
    ],
    "gtin": [
      "05700002082503",
      "25700002082507"
    ],
    "topCategoryName": "Koeken/Chocolade/Snoep",
    "topCategoryId": "335",
    "businessDomain": "RETAIL_BE",
    "IsPrivateLabel": false,
    "IsBiffe": false,
    "WeightconversionFactor": "0",
    "IsWeightArticle": false,
    "nutriscoreLabel": "B",
    "IsBio": false,
    "CountryOfOrigin": "DENEMARKEN",
    "IsExclusivelySoldInLuxembourg": false,
    "OrderUnit": "P",
    "ShortName": "TRGU MINT 21G",
    "IsNew": false,
    "EcoscoreLabel": "C",
    "RecentQuanityOfStockUnits": "1,24",
    "LongName": "TRUE GUM Mint 21g",
    "FicCode": "E",
    "EcoscoreValue": "42"
  },
  {
    "productId": "785103",
    "technicalArticleNumber": "4585180",
    "commercialArticleNumber": "15291",
    "name": "squiggle twist sweet & sour",
    "brand": "TROLLI",
    "seoBrand": "Trolli",
    "thumbNail": "https://static.colruytgroup.com/images/200x200/std.lang.all/82/07/asset-2848207.jpg",
    "fullImage": "https://static.colruytgroup.com/images/500x500/std.lang.all/82/07/asset-2848207.jpg",
    "squareImage": "https://static.colruytgroup.com/images/500x500sq/std.lang.all/82/07/asset-2848207.jpg",
    "content": "175g",
    "walkRouteSequenceNumber": 1955,
    "price": {
      "basicPrice": 1.79,
      "recommendedQuantity": "1.0",
      "measurementUnitPrice": 10.23,
      "measurementUnit": "K",
      "isRedPrice": false,
      "pricePerUOM": 10.23,
      "activationDate": "16-03-2024",
      "recordSource": "Offline",
      "isPromoActive": "N",
      "priceChangeCode": "E"
    },
    "isAvailable": true,
    "isPriceAvailable": true,
    "inPromo": false,
    "gtin": [
      "04000512364962",
      "04003084812176"
    ],
    "topCategoryName": "Koeken/Chocolade/Snoep",
    "topCategoryId": "335",
    "businessDomain": "RETAIL_BE",
    "IsPrivateLabel": false,
    "IsBiffe": false,
    "WeightconversionFactor": "0",
    "IsWeightArticle": false,
    "nutriscoreLabel": "D",
    "IsBio": false,
    "CountryOfOrigin": "DUITSLAND",
    "IsExclusivelySoldInLuxembourg": false,
    "OrderUnit": "P",
    "ShortName": "TROL SQUI.TWIS.SW&SO175",
    "InSeason": true,
    "IsNew": false,
    "EcoscoreLabel": "C",
    "RecentQuanityOfStockUnits": "1",
    "LongName": "TROLLI squiggle twist sweet & sour 175g",
    "StartSeasonDate": "09/02/2023",
    "FicCode": "E",
    "EcoscoreValue": "42"
  },
  {
    "productId": "55985",
    "technicalArticleNumber": "2411841",
    "commercialArticleNumber": "18575",
    "name": "eucalyptus-menthol",
    "brand": "FRISK",
    "seoBrand": "Frisk",
    "thumbNail": "https://static.colruytgroup.com/images/200x200/std.lang.all/99/89/asset-389989.jpg",
    "fullImage": "https://static.colruytgroup.com/images/500x500/std.lang.all/99/89/asset-389989.jpg",
    "squareImage": "https://static.colruytgroup.com/images/500x500sq/std.lang.all/99/89/asset-389989.jpg",
    "content": "3st",
    "walkRouteSequenceNumber": 18381,
    "price": {
      "basicPrice": 6.57,
      "recommendedQuantity": "1.0",
      "measurementUnitPrice": 386.48,
      "measurementUnit": "K",
      "isRedPrice": false,
      "pricePerUOM": 386.48,
      "activationDate": "28-02-2024",
      "recordSource": "Offline",
      "isPromoActive": "N",
      "priceChangeCode": "E"
    },
    "isAvailable": true,
    "isPriceAvailable": true,
    "inPromo": false,
    "gtin": [
      "05412841606108",
      "05412841606092"
    ],
    "topCategoryName": "Koeken/Chocolade/Snoep",
    "topCategoryId": "335",
    "businessDomain": "RETAIL_BE",
    "IsPrivateLabel": false,
    "IsBiffe": false,
    "WeightconversionFactor": "0",
    "IsWeightArticle": false,
    "nutriscoreLabel": "C",
    "IsBio": false,
    "CountryOfOrigin": "BELGIË",
    "IsExclusivelySoldInLuxembourg": false,
    "OrderUnit": "P",
    "ShortName": "FRISK EUCA MINT 3 PACK",
    "IsNew": false,
    "EcoscoreLabel": "B",
    "RecentQuanityOfStockUnits": "1",
    "LongName": "FRISK eucalyptus-menthol 3st",
    "AlcoholVolume": "0",
    "FicCode": "E",
    "EcoscoreValue": "66"
  },
  {
    "productId": "36792",
    "technicalArticleNumber": "1825073",
    "commercialArticleNumber": "20347",
    "name": "White Cool Mint ±60st",
    "brand": "V6 WHITE",
    "seoBrand": "V6",
    "thumbNail": "https://static.colruytgroup.com/images/200x200/std.lang.all/21/37/asset-382137.jpg",
    "fullImage": "https://static.colruytgroup.com/images/500x500/std.lang.all/21/37/asset-382137.jpg",
    "squareImage": "https://static.colruytgroup.com/images/500x500sq/std.lang.all/21/37/asset-382137.jpg",
    "content": "87,01g",
    "walkRouteSequenceNumber": 18330,
    "price": {
      "basicPrice": 5.65,
      "recommendedQuantity": "1.0",
      "measurementUnitPrice": 0.095,
      "measurementUnit": "S",
      "isRedPrice": false,
      "pricePerUOM": 0.095,
      "activationDate": "24-02-2024",
      "recordSource": "Offline",
      "isPromoActive": "N",
      "priceChangeCode": "H"
    },
    "isAvailable": true,
    "isPriceAvailable": true,
    "inPromo": false,
    "gtin": [
      "00000057059808",
      "00000057059815",
      "07622210832153",
      "05704592001449"
    ],
    "topCategoryName": "Koeken/Chocolade/Snoep",
    "topCategoryId": "335",
    "businessDomain": "RETAIL_BE",
    "IsPrivateLabel": false,
    "IsBiffe": false,
    "WeightconversionFactor": "0",
    "IsWeightArticle": false,
    "nutriscoreLabel": "C",
    "IsBio": false,
    "CountryOfOrigin": "BELGIË",
    "IsExclusivelySoldInLuxembourg": false,
    "OrderUnit": "P",
    "ShortName": "V6 WH.MINT BOTTLE 60 ST",
    "IsNew": false,
    "RecentQuanityOfStockUnits": "1",
    "LongName": "V6 WHITE White Cool Mint ±60st 87,01g",
    "AlcoholVolume": "0",
    "FicCode": "E"
  },
  {
    "productId": "332243",
    "technicalArticleNumber": "3800868",
    "commercialArticleNumber": "13226",
    "name": "Nicaragua melk 35%",
    "brand": "BONI",
    "seoBrand": "Boni Selection",
    "thumbNail": "https://static.colruytgroup.com/images/200x200/std.lang.all/80/64/asset-3348064.jpg",
    "fullImage": "https://static.colruytgroup.com/images/500x500/std.lang.all/80/64/asset-3348064.jpg",
    "squareImage": "https://static.colruytgroup.com/images/500x500sq/std.lang.all/80/64/asset-3348064.jpg",
    "content": "100g",
    "walkRouteSequenceNumber": 1318,
    "price": {
      "basicPrice": 1.29,
      "recommendedQuantity": "1.0",
      "measurementUnitPrice": 12.9,
      "measurementUnit": "K",
      "isRedPrice": false,
      "pricePerUOM": 12.9,
      "activationDate": "30-12-2023",
      "isPromoActive": "N",
      "priceChangeCode": "H"
    },
    "isAvailable": true,
    "isPriceAvailable": true,
    "inPromo": true,
    "promotion": [
      {
        "techPromoId": "100990COLR",
        "promotionId": "100990",
        "promotionType": "3",
        "isPersonalized": "N",
        "publicationStartDate": "13-03-2024",
        "publicationEndDate": "26-03-2024"
      }
    ],
    "gtin": [
      "15400141275602",
      "15400141213345",
      "05400141213348",
      "05400141275605"
    ],
    "topCategoryName": "Koeken/Chocolade/Snoep",
    "topCategoryId": "335",
    "businessDomain": "RETAIL_BE",
    "IsPrivateLabel": true,
    "IsBiffe": false,
    "WeightconversionFactor": "0",
    "IsWeightArticle": false,
    "nutriscoreLabel": "E",
    "IsBio": false,
    "CountryOfOrigin": "NICARAGUA",
    "IsExclusivelySoldInLuxembourg": false,
    "OrderUnit": "P",
    "ShortName": "BONI NICAR.MELK 35% 100",
    "IsNew": false,
    "EcoscoreLabel": "C",
    "RecentQuanityOfStockUnits": "1",
    "LongName": "BONI Nicaragua melk 35% 100g",
    "AlcoholVolume": "0",
    "FicCode": "I",
    "EcoscoreValue": "40"
  },
  {
    "productId": "832045",
    "technicalArticleNumber": "4672011",
    "commercialArticleNumber": "30178",
    "name": "choco.doos om te verstoppen",
    "brand": "LIBEERT",
    "seoBrand": "Libeert",
    "thumbNail": "https://static.colruytgroup.com/images/200x200/std.lang.all/06/26/asset-3040626.jpg",
    "fullImage": "https://static.colruytgroup.com/images/500x500/std.lang.all/06/26/asset-3040626.jpg",
    "squareImage": "https://static.colruytgroup.com/images/500x500sq/std.lang.all/06/26/asset-3040626.jpg",
    "content": "300g",
    "walkRouteSequenceNumber": 1483,
    "price": {
      "basicPrice": 13.79,
      "recommendedQuantity": "1.0",
      "measurementUnitPrice": 45.97,
      "measurementUnit": "K",
      "isRedPrice": false,
      "pricePerUOM": 45.97,
      "activationDate": "13-03-2024",
      "recordSource": "Offline",
      "isPromoActive": "N",
      "priceChangeCode": "E"
    },
    "isAvailable": true,
    "isPriceAvailable": true,
    "inPromo": false,
    "gtin": [
      "05411901604818",
      "05411901964691"
    ],
    "topCategoryName": "Koeken/Chocolade/Snoep",
    "topCategoryId": "335",
    "businessDomain": "RETAIL_BE",
    "IsPrivateLabel": false,
    "IsBiffe": false,
    "WeightconversionFactor": "0",
    "IsWeightArticle": false,
    "nutriscoreLabel": "E",
    "IsBio": false,
    "CountryOfOrigin": "BELGIË",
    "IsExclusivelySoldInLuxembourg": false,
    "OrderUnit": "P",
    "ShortName": "LIBE DOOS VERSTOPPEN300",
    "InSeason": true,
    "IsNew": false,
    "EcoscoreLabel": "E",
    "RecentQuanityOfStockUnits": "1",
    "LongName": "LIBEERT choco.doos om te verstoppen 300g",
    "StartSeasonDate": "25/10/2023",
    "FicCode": "E",
    "EcoscoreValue": "15"
  },
  {
    "productId": "588647",
    "technicalArticleNumber": "4246087",
    "commercialArticleNumber": "20338",
    "name": "Oral-B peppermint 45st",
    "brand": "STIMOROL",
    "seoBrand": "Stimorol Oral-B",
    "thumbNail": "https://static.colruytgroup.com/images/200x200/std.lang.all/10/54/asset-2201054.jpg",
    "fullImage": "https://static.colruytgroup.com/images/500x500/std.lang.all/10/54/asset-2201054.jpg",
    "squareImage": "https://static.colruytgroup.com/images/500x500sq/std.lang.all/10/54/asset-2201054.jpg",
    "content": "76,5g",
    "walkRouteSequenceNumber": 18368,
    "price": {
      "basicPrice": 4.83,
      "recommendedQuantity": "1.0",
      "measurementUnitPrice": 0.108,
      "measurementUnit": "S",
      "isRedPrice": false,
      "pricePerUOM": 0.108,
      "activationDate": "23-03-2024",
      "recordSource": "Offline",
      "isPromoActive": "N",
      "priceChangeCode": "H"
    },
    "isAvailable": true,
    "isPriceAvailable": true,
    "inPromo": false,
    "gtin": [
      "07622201140564",
      "07622201140595",
      "07622201140588"
    ],
    "topCategoryName": "Koeken/Chocolade/Snoep",
    "topCategoryId": "335",
    "businessDomain": "RETAIL_BE",
    "IsPrivateLabel": false,
    "IsBiffe": false,
    "WeightconversionFactor": "0",
    "IsWeightArticle": false,
    "nutriscoreLabel": "B",
    "IsBio": false,
    "CountryOfOrigin": "POLEN",
    "IsExclusivelySoldInLuxembourg": false,
    "OrderUnit": "P",
    "ShortName": "STIM PEPPERMINT 45ST",
    "IsNew": false,
    "RecentQuanityOfStockUnits": "1",
    "LongName": "STIMOROL Oral-B peppermint 45st 76,5g",
    "FicCode": "E"
  },
  {
    "productId": "874218",
    "technicalArticleNumber": "4729158",
    "commercialArticleNumber": "32070",
    "name": "Fruity Mix",
    "brand": "FRUIT-TELLA",
    "seoBrand": "Fruit-tella",
    "thumbNail": "https://static.colruytgroup.com/images/200x200/std.lang.all/32/85/asset-3223285.jpg",
    "fullImage": "https://static.colruytgroup.com/images/500x500/std.lang.all/32/85/asset-3223285.jpg",
    "squareImage": "https://static.colruytgroup.com/images/500x500sq/std.lang.all/32/85/asset-3223285.jpg",
    "content": "370g",
    "walkRouteSequenceNumber": 1987,
    "price": {
      "basicPrice": 5.67,
      "recommendedQuantity": "1.0",
      "measurementUnitPrice": 15.33,
      "measurementUnit": "K",
      "isRedPrice": false,
      "pricePerUOM": 15.33,
      "activationDate": "21-03-2024",
      "recordSource": "Offline",
      "isPromoActive": "N",
      "priceChangeCode": "L"
    },
    "isAvailable": true,
    "isPriceAvailable": true,
    "inPromo": false,
    "gtin": [
      "08723400798118"
    ],
    "topCategoryName": "Koeken/Chocolade/Snoep",
    "topCategoryId": "335",
    "businessDomain": "RETAIL_BE",
    "IsPrivateLabel": false,
    "IsBiffe": false,
    "WeightconversionFactor": "0",
    "IsWeightArticle": false,
    "nutriscoreLabel": "E",
    "IsBio": false,
    "CountryOfOrigin": "NEDERLAND",
    "IsExclusivelySoldInLuxembourg": false,
    "OrderUnit": "P",
    "ShortName": "FRUI FRUITY MIX 370G",
    "IsNew": false,
    "EcoscoreLabel": "C",
    "RecentQuanityOfStockUnits": "1",
    "LongName": "FRUIT-TELLA Fruity Mix 370g",
    "AlcoholVolume": "0",
    "FicCode": "E",
    "EcoscoreValue": "42"
  },
  {
    "productId": "810577",
    "technicalArticleNumber": "4635244",
    "commercialArticleNumber": "17507",
    "name": "oral b wh. pepperm. 45st",
    "brand": "STIMOROL",
    "seoBrand": "Stimorol Oral-B",
    "thumbNail": "https://static.colruytgroup.com/images/200x200/std.lang.all/40/35/asset-2874035.jpg",
    "fullImage": "https://static.colruytgroup.com/images/500x500/std.lang.all/40/35/asset-2874035.jpg",
    "squareImage": "https://static.colruytgroup.com/images/500x500sq/std.lang.all/40/35/asset-2874035.jpg",
    "content": "76,5g",
    "walkRouteSequenceNumber": 18370,
    "price": {
      "basicPrice": 4.83,
      "recommendedQuantity": "1.0",
      "measurementUnitPrice": 0.108,
      "measurementUnit": "S",
      "isRedPrice": false,
      "pricePerUOM": 0.108,
      "activationDate": "07-03-2024",
      "recordSource": "Offline",
      "isPromoActive": "N",
      "priceChangeCode": "H"
    },
    "isAvailable": true,
    "isPriceAvailable": true,
    "inPromo": false,
    "gtin": [
      "07622201689483",
      "07622201689490",
      "07622201689476"
    ],
    "topCategoryName": "Koeken/Chocolade/Snoep",
    "topCategoryId": "335",
    "businessDomain": "RETAIL_BE",
    "IsPrivateLabel": false,
    "IsBiffe": false,
    "WeightconversionFactor": "0",
    "IsWeightArticle": false,
    "IsBio": false,
    "CountryOfOrigin": "POLEN",
    "IsExclusivelySoldInLuxembourg": false,
    "OrderUnit": "P",
    "ShortName": "STIM ORAL B WHITE 45ST",
    "IsNew": false,
    "RecentQuanityOfStockUnits": "1",
    "LongName": "STIMOROL oral b wh. pepperm. 45st 76,5g",
    "FicCode": "E"
  },
  {
    "productId": "748728",
    "technicalArticleNumber": "4518817",
    "commercialArticleNumber": "6260",
    "name": "rainbow pack",
    "brand": "TONY'S",
    "seoBrand": "Tony's Chocolonely",
    "thumbNail": "https://static.colruytgroup.com/images/200x200/std.lang.all/37/80/asset-2623780.jpg",
    "fullImage": "https://static.colruytgroup.com/images/500x500/std.lang.all/37/80/asset-2623780.jpg",
    "squareImage": "https://static.colruytgroup.com/images/500x500sq/std.lang.all/37/80/asset-2623780.jpg",
    "content": "288g",
    "walkRouteSequenceNumber": 1359,
    "price": {
      "basicPrice": 6.99,
      "recommendedQuantity": "1.0",
      "measurementUnitPrice": 24.28,
      "measurementUnit": "K",
      "isRedPrice": false,
      "pricePerUOM": 24.28,
      "activationDate": "22-02-2024",
      "recordSource": "Offline",
      "isPromoActive": "N",
      "priceChangeCode": "L"
    },
    "isAvailable": true,
    "isPriceAvailable": true,
    "inPromo": false,
    "gtin": [
      "08717677338672",
      "08717677338689"
    ],
    "topCategoryName": "Koeken/Chocolade/Snoep",
    "topCategoryId": "335",
    "businessDomain": "RETAIL_BE",
    "IsPrivateLabel": false,
    "IsBiffe": false,
    "WeightconversionFactor": "0",
    "IsWeightArticle": false,
    "IsBio": false,
    "CountryOfOrigin": "BELGIË",
    "IsExclusivelySoldInLuxembourg": false,
    "OrderUnit": "P",
    "ShortName": "TONY RAINBOW PACK 288G",
    "InSeason": true,
    "IsNew": false,
    "RecentQuanityOfStockUnits": "1,12",
    "LongName": "TONY'S rainbow pack 288g",
    "StartSeasonDate": "03/03/2022",
    "FicCode": "E"
  },
  {
    "productId": "588581",
    "technicalArticleNumber": "4245865",
    "commercialArticleNumber": "20305",
    "name": "Oral-B spearmint 45st",
    "brand": "STIMOROL",
    "seoBrand": "Stimorol Oral-B",
    "thumbNail": "https://static.colruytgroup.com/images/200x200/std.lang.all/61/13/asset-2076113.jpg",
    "fullImage": "https://static.colruytgroup.com/images/500x500/std.lang.all/61/13/asset-2076113.jpg",
    "squareImage": "https://static.colruytgroup.com/images/500x500sq/std.lang.all/61/13/asset-2076113.jpg",
    "content": "76,5g",
    "walkRouteSequenceNumber": 18369,
    "price": {
      "basicPrice": 4.83,
      "recommendedQuantity": "1.0",
      "measurementUnitPrice": 0.108,
      "measurementUnit": "S",
      "isRedPrice": false,
      "pricePerUOM": 0.108,
      "activationDate": "07-03-2024",
      "recordSource": "Offline",
      "isPromoActive": "N",
      "priceChangeCode": "H"
    },
    "isAvailable": true,
    "isPriceAvailable": true,
    "inPromo": false,
    "gtin": [
      "07622201141202",
      "07622201141233",
      "07622201141226"
    ],
    "topCategoryName": "Koeken/Chocolade/Snoep",
    "topCategoryId": "335",
    "businessDomain": "RETAIL_BE",
    "IsPrivateLabel": false,
    "IsBiffe": false,
    "WeightconversionFactor": "0",
    "IsWeightArticle": false,
    "nutriscoreLabel": "B",
    "IsBio": false,
    "CountryOfOrigin": "POLEN",
    "IsExclusivelySoldInLuxembourg": false,
    "OrderUnit": "P",
    "ShortName": "STIM SPEARMINT 45ST",
    "IsNew": false,
    "RecentQuanityOfStockUnits": "1",
    "LongName": "STIMOROL Oral-B spearmint 45st 76,5g",
    "FicCode": "E"
  },
  {
    "productId": "881028",
    "technicalArticleNumber": "4738280",
    "commercialArticleNumber": "32366",
    "name": "Fruit Drops Red Fruit",
    "brand": "FRUIT-TELLA",
    "seoBrand": "Fruit-tella",
    "thumbNail": "https://static.colruytgroup.com/images/200x200/std.lang.all/62/00/asset-3346200.jpg",
    "fullImage": "https://static.colruytgroup.com/images/500x500/std.lang.all/62/00/asset-3346200.jpg",
    "squareImage": "https://static.colruytgroup.com/images/500x500sq/std.lang.all/62/00/asset-3346200.jpg",
    "content": "45g",
    "walkRouteSequenceNumber": 1992,
    "price": {
      "basicPrice": 1.99,
      "recommendedQuantity": "1.0",
      "measurementUnitPrice": 44.23,
      "measurementUnit": "K",
      "isRedPrice": false,
      "pricePerUOM": 44.23,
      "activationDate": "23-03-2024",
      "recordSource": "Offline",
      "isPromoActive": "N",
      "priceChangeCode": "L"
    },
    "isAvailable": true,
    "isPriceAvailable": true,
    "inPromo": false,
    "gtin": [
      "08003440925737",
      "00000080851219"
    ],
    "topCategoryName": "Koeken/Chocolade/Snoep",
    "topCategoryId": "335",
    "businessDomain": "RETAIL_BE",
    "IsPrivateLabel": false,
    "IsBiffe": false,
    "WeightconversionFactor": "0",
    "IsWeightArticle": false,
    "nutriscoreLabel": "C",
    "IsBio": false,
    "CountryOfOrigin": "ITALIË",
    "IsExclusivelySoldInLuxembourg": false,
    "OrderUnit": "P",
    "ShortName": "FRUI FRUIT DROPS RED 45",
    "IsNew": false,
    "EcoscoreLabel": "C",
    "RecentQuanityOfStockUnits": "1",
    "LongName": "FRUIT-TELLA Fruit Drops Red Fruit 45g",
    "AlcoholVolume": "0",
    "FicCode": "E",
    "EcoscoreValue": "42"
  },
  {
    "productId": "492677",
    "technicalArticleNumber": "4039189",
    "commercialArticleNumber": "5740",
    "name": "Vanillewafels maltitol",
    "brand": "BONI",
    "seoBrand": "Boni Selection",
    "thumbNail": "https://static.colruytgroup.com/images/200x200/std.lang.all/40/07/asset-2514007.jpg",
    "fullImage": "https://static.colruytgroup.com/images/500x500/std.lang.all/40/07/asset-2514007.jpg",
    "squareImage": "https://static.colruytgroup.com/images/500x500sq/std.lang.all/40/07/asset-2514007.jpg",
    "content": "200g",
    "walkRouteSequenceNumber": 2258,
    "price": {
      "basicPrice": 3.1,
      "recommendedQuantity": "1.0",
      "measurementUnitPrice": 15.5,
      "measurementUnit": "K",
      "isRedPrice": false,
      "pricePerUOM": 15.5,
      "activationDate": "03-01-2023",
      "isPromoActive": "N",
      "priceChangeCode": "H"
    },
    "isAvailable": true,
    "isPriceAvailable": true,
    "inPromo": false,
    "gtin": [
      "15400141323792",
      "05400141323795",
      "05400141247633",
      "15400141247630"
    ],
    "topCategoryName": "Koeken/Chocolade/Snoep",
    "topCategoryId": "335",
    "businessDomain": "RETAIL_BE",
    "IsPrivateLabel": true,
    "IsBiffe": false,
    "WeightconversionFactor": "0",
    "IsWeightArticle": false,
    "nutriscoreLabel": "D",
    "IsBio": false,
    "CountryOfOrigin": "BELGIË",
    "IsExclusivelySoldInLuxembourg": false,
    "OrderUnit": "P",
    "ShortName": "BONI VANILL.WAFEL SA200",
    "IsNew": false,
    "EcoscoreLabel": "B",
    "RecentQuanityOfStockUnits": "1",
    "LongName": "BONI Vanillewafels maltitol 200g",
    "FicCode": "I",
    "EcoscoreValue": "68"
  },
  {
    "productId": "101831",
    "technicalArticleNumber": "3100649",
    "commercialArticleNumber": "7845",
    "name": "paasfiguren choco maltitol",
    "description": "*Met zoetstoffen:\nmaltitol",
    "brand": "MATTHE",
    "seoBrand": "Matthé",
    "thumbNail": "https://static.colruytgroup.com/images/200x200/std.lang.all/70/76/asset-1397076.jpg",
    "fullImage": "https://static.colruytgroup.com/images/500x500/std.lang.all/70/76/asset-1397076.jpg",
    "squareImage": "https://static.colruytgroup.com/images/500x500sq/std.lang.all/70/76/asset-1397076.jpg",
    "content": "150g",
    "walkRouteSequenceNumber": 1645,
    "price": {
      "basicPrice": 3.49,
      "recommendedQuantity": "1.0",
      "measurementUnitPrice": 23.27,
      "measurementUnit": "K",
      "isRedPrice": false,
      "pricePerUOM": 23.27,
      "activationDate": "02-12-2022",
      "isPromoActive": "N",
      "priceChangeCode": "E"
    },
    "isAvailable": true,
    "isPriceAvailable": true,
    "inPromo": false,
    "gtin": [
      "05410711085091",
      "05410711090583"
    ],
    "topCategoryName": "Koeken/Chocolade/Snoep",
    "topCategoryId": "335",
    "businessDomain": "RETAIL_BE",
    "IsPrivateLabel": false,
    "IsBiffe": false,
    "WeightconversionFactor": "0",
    "IsWeightArticle": false,
    "nutriscoreLabel": "E",
    "IsBio": false,
    "CountryOfOrigin": "BELGIË",
    "IsExclusivelySoldInLuxembourg": false,
    "OrderUnit": "P",
    "ShortName": "PAASFIG.MEL-PU MALT 150",
    "InSeason": true,
    "IsNew": false,
    "EcoscoreLabel": "E",
    "RecentQuanityOfStockUnits": "10,1",
    "LongName": "MATTHE paasfiguren choco maltitol 150g",
    "AlcoholVolume": "0",
    "StartSeasonDate": "25/10/2023",
    "FicCode": "E",
    "EcoscoreValue": "15"
  },
  {
    "productId": "862188",
    "technicalArticleNumber": "4713509",
    "commercialArticleNumber": "31844",
    "name": "Freezy Lolly Pops",
    "brand": "ZAGAZOE!",
    "seoBrand": "Zagazoe!",
    "thumbNail": "https://static.colruytgroup.com/images/200x200/std.lang.all/70/47/asset-3177047.jpg",
    "fullImage": "https://static.colruytgroup.com/images/500x500/std.lang.all/70/47/asset-3177047.jpg",
    "squareImage": "https://static.colruytgroup.com/images/500x500sq/std.lang.all/70/47/asset-3177047.jpg",
    "content": "534g",
    "walkRouteSequenceNumber": 17156,
    "price": {
      "basicPrice": 1.89,
      "recommendedQuantity": "1.0",
      "measurementUnitPrice": 3.54,
      "measurementUnit": "K",
      "isRedPrice": false,
      "pricePerUOM": 3.54,
      "activationDate": "16-12-2023",
      "isPromoActive": "N",
      "priceChangeCode": "H"
    },
    "isAvailable": true,
    "isPriceAvailable": true,
    "inPromo": false,
    "gtin": [
      "15425019202757",
      "05425019202750"
    ],
    "topCategoryName": "Koeken/Chocolade/Snoep",
    "topCategoryId": "335",
    "businessDomain": "RETAIL_BE",
    "IsPrivateLabel": false,
    "IsBiffe": false,
    "WeightconversionFactor": "0",
    "IsWeightArticle": false,
    "nutriscoreLabel": "C",
    "IsBio": false,
    "CountryOfOrigin": "NEDERLAND",
    "IsExclusivelySoldInLuxembourg": false,
    "OrderUnit": "P",
    "ShortName": "ZAGA FREEZ.LOLLY POP534",
    "IsNew": false,
    "EcoscoreLabel": "B",
    "RecentQuanityOfStockUnits": "1,20",
    "LongName": "ZAGAZOE! Freezy Lolly Pops 534g",
    "FicCode": "E",
    "EcoscoreValue": "73"
  },
  {
    "productId": "862808",
    "technicalArticleNumber": "4714190",
    "commercialArticleNumber": "31888",
    "name": "high protein wafel zoetst.",
    "brand": "BISCOVIT",
    "seoBrand": "Biscovit",
    "thumbNail": "https://static.colruytgroup.com/images/200x200/std.lang.all/38/71/asset-3213871.jpg",
    "fullImage": "https://static.colruytgroup.com/images/500x500/std.lang.all/38/71/asset-3213871.jpg",
    "squareImage": "https://static.colruytgroup.com/images/500x500sq/std.lang.all/38/71/asset-3213871.jpg",
    "content": "150g",
    "walkRouteSequenceNumber": 2255,
    "price": {
      "basicPrice": 3.99,
      "recommendedQuantity": "1.0",
      "measurementUnitPrice": 26.6,
      "measurementUnit": "K",
      "isRedPrice": false,
      "pricePerUOM": 26.6,
      "activationDate": "20-09-2023",
      "isPromoActive": "N",
      "priceChangeCode": "E"
    },
    "isAvailable": true,
    "isPriceAvailable": true,
    "inPromo": false,
    "gtin": [
      "05425005480131"
    ],
    "topCategoryName": "Koeken/Chocolade/Snoep",
    "topCategoryId": "335",
    "businessDomain": "RETAIL_BE",
    "IsPrivateLabel": false,
    "IsBiffe": false,
    "WeightconversionFactor": "0",
    "IsWeightArticle": false,
    "nutriscoreLabel": "D",
    "IsBio": false,
    "CountryOfOrigin": "BELGIË",
    "IsExclusivelySoldInLuxembourg": false,
    "OrderUnit": "P",
    "ShortName": "BISC PROTEIN.WAF.ZS.150",
    "IsNew": false,
    "EcoscoreLabel": "A",
    "RecentQuanityOfStockUnits": "1",
    "LongName": "BISCOVIT high protein wafel zoetst. 150g",
    "FicCode": "E",
    "EcoscoreValue": "80"
  },
  {
    "productId": "461146",
    "technicalArticleNumber": "3954295",
    "commercialArticleNumber": "1984",
    "name": "tubo colasmaak",
    "brand": "BONI",
    "seoBrand": "Boni Selection",
    "thumbNail": "https://static.colruytgroup.com/images/200x200/std.lang.all/88/15/asset-1538815.jpg",
    "fullImage": "https://static.colruytgroup.com/images/500x500/std.lang.all/88/15/asset-1538815.jpg",
    "squareImage": "https://static.colruytgroup.com/images/500x500sq/std.lang.all/88/15/asset-1538815.jpg",
    "content": "500g",
    "walkRouteSequenceNumber": 1934,
    "price": {
      "basicPrice": 5.99,
      "recommendedQuantity": "1.0",
      "measurementUnitPrice": 11.98,
      "measurementUnit": "K",
      "isRedPrice": false,
      "pricePerUOM": 11.98,
      "activationDate": "13-03-2024",
      "isPromoActive": "N",
      "priceChangeCode": "H"
    },
    "isAvailable": true,
    "isPriceAvailable": true,
    "inPromo": false,
    "gtin": [
      "15400141144755",
      "05400141358292",
      "15400141848783",
      "05400141848786",
      "05400141194319",
      "15400141358299"
    ],
    "topCategoryName": "Koeken/Chocolade/Snoep",
    "topCategoryId": "335",
    "businessDomain": "RETAIL_BE",
    "IsPrivateLabel": true,
    "IsBiffe": false,
    "WeightconversionFactor": "0",
    "IsWeightArticle": false,
    "nutriscoreLabel": "E",
    "IsBio": false,
    "CountryOfOrigin": "BELGIË",
    "IsExclusivelySoldInLuxembourg": false,
    "OrderUnit": "P",
    "ShortName": "BONI TUBO COLA 500G",
    "IsNew": false,
    "EcoscoreLabel": "B",
    "RecentQuanityOfStockUnits": "1,1",
    "LongName": "BONI tubo colasmaak 500g",
    "FicCode": "I",
    "EcoscoreValue": "69"
  },
  {
    "productId": "620802",
    "technicalArticleNumber": "4300008",
    "commercialArticleNumber": "23552",
    "name": "honey roast.nuts&sea salt",
    "brand": "BE-KIND",
    "seoBrand": "Be-Kind",
    "thumbNail": "https://static.colruytgroup.com/images/200x200/std.lang.all/76/83/asset-3197683.jpg",
    "fullImage": "https://static.colruytgroup.com/images/500x500/std.lang.all/76/83/asset-3197683.jpg",
    "squareImage": "https://static.colruytgroup.com/images/500x500sq/std.lang.all/76/83/asset-3197683.jpg",
    "content": "3x30g",
    "walkRouteSequenceNumber": 2177,
    "price": {
      "basicPrice": 4.19,
      "recommendedQuantity": "1.0",
      "measurementUnitPrice": 46.56,
      "measurementUnit": "K",
      "isRedPrice": false,
      "pricePerUOM": 46.56,
      "activationDate": "19-03-2024",
      "recordSource": "Offline",
      "isPromoActive": "N",
      "priceChangeCode": "L"
    },
    "isAvailable": true,
    "isPriceAvailable": true,
    "inPromo": false,
    "gtin": [
      "05000159532624",
      "05000159532907"
    ],
    "topCategoryName": "Brood/Ontbijt",
    "topCategoryId": "124",
    "businessDomain": "RETAIL_BE",
    "IsPrivateLabel": false,
    "IsBiffe": false,
    "WeightconversionFactor": "0",
    "IsWeightArticle": false,
    "nutriscoreLabel": "D",
    "IsBio": false,
    "CountryOfOrigin": "VERENIGD KONINKRIJK",
    "IsExclusivelySoldInLuxembourg": false,
    "OrderUnit": "P",
    "ShortName": "BEKI HO.R.NUT.S.SAL3X30",
    "InSeason": true,
    "IsNew": false,
    "RecentQuanityOfStockUnits": "1",
    "LongName": "BE-KIND honey roast.nuts&sea salt 3x30g",
    "StartSeasonDate": "05/04/2023",
    "FicCode": "E"
  },
  {
    "productId": "877016",
    "technicalArticleNumber": "4732262",
    "commercialArticleNumber": "5332",
    "name": "Lil'Bits triple chocolade",
    "description": "*Triple chocolade",
    "brand": "TONY'S",
    "seoBrand": "Tony's Chocolonely",
    "thumbNail": "https://static.colruytgroup.com/images/200x200/std.lang.all/41/08/asset-3284108.jpg",
    "fullImage": "https://static.colruytgroup.com/images/500x500/std.lang.all/41/08/asset-3284108.jpg",
    "squareImage": "https://static.colruytgroup.com/images/500x500sq/std.lang.all/41/08/asset-3284108.jpg",
    "content": "120g",
    "walkRouteSequenceNumber": 1513,
    "price": {
      "basicPrice": 2.99,
      "recommendedQuantity": "1.0",
      "measurementUnitPrice": 24.92,
      "measurementUnit": "K",
      "isRedPrice": false,
      "pricePerUOM": 24.92,
      "activationDate": "13-03-2024",
      "recordSource": "Offline",
      "isPromoActive": "N",
      "priceChangeCode": "E"
    },
    "isAvailable": true,
    "isPriceAvailable": true,
    "inPromo": false,
    "gtin": [
      "08719956494369",
      "08719956494376"
    ],
    "topCategoryName": "Koeken/Chocolade/Snoep",
    "topCategoryId": "335",
    "businessDomain": "RETAIL_BE",
    "IsPrivateLabel": false,
    "IsBiffe": false,
    "WeightconversionFactor": "0",
    "IsWeightArticle": false,
    "nutriscoreLabel": "E",
    "IsBio": false,
    "CountryOfOrigin": "NEDERLAND",
    "IsExclusivelySoldInLuxembourg": false,
    "OrderUnit": "P",
    "ShortName": "TONY LIL BITS CHOCO120G",
    "IsNew": false,
    "EcoscoreLabel": "D",
    "RecentQuanityOfStockUnits": "1",
    "LongName": "TONY'S Lil'Bits triple chocolade 120g",
    "AlcoholVolume": "0",
    "FicCode": "E",
    "EcoscoreValue": "22"
  },
  {
    "productId": "1021777",
    "technicalArticleNumber": "4790774",
    "commercialArticleNumber": "33428",
    "name": "Melk Marshm.Bisc",
    "brand": "TONY'S",
    "seoBrand": "Tony's Chocolonely",
    "thumbNail": "https://static.colruytgroup.com/images/200x200/std.lang.all/13/05/asset-3421305.jpg",
    "fullImage": "https://static.colruytgroup.com/images/500x500/std.lang.all/13/05/asset-3421305.jpg",
    "squareImage": "https://static.colruytgroup.com/images/500x500sq/std.lang.all/13/05/asset-3421305.jpg",
    "content": "120g",
    "walkRouteSequenceNumber": 1500,
    "price": {
      "basicPrice": 3.49,
      "recommendedQuantity": "1.0",
      "measurementUnitPrice": 29.09,
      "measurementUnit": "K",
      "isRedPrice": false,
      "pricePerUOM": 29.09,
      "activationDate": "14-03-2024",
      "recordSource": "Offline",
      "isPromoActive": "N",
      "priceChangeCode": "H"
    },
    "isAvailable": true,
    "isPriceAvailable": true,
    "inPromo": false,
    "gtin": [
      "08719956494406",
      "08719956494413"
    ],
    "topCategoryName": "Koeken/Chocolade/Snoep",
    "topCategoryId": "335",
    "businessDomain": "RETAIL_BE",
    "IsPrivateLabel": false,
    "IsBiffe": false,
    "WeightconversionFactor": "0",
    "IsWeightArticle": false,
    "nutriscoreLabel": "E",
    "IsBio": false,
    "CountryOfOrigin": "BELGIË",
    "IsExclusivelySoldInLuxembourg": false,
    "OrderUnit": "P",
    "ShortName": "TONYS MELK MARSH.BIS120",
    "IsNew": true,
    "EcoscoreLabel": "E",
    "RecentQuanityOfStockUnits": "1",
    "LongName": "TONY'S Melk Marshm.Bisc 120g",
    "AlcoholVolume": "0",
    "FicCode": "E",
    "EcoscoreValue": "18"
  },
  {
    "productId": "343365",
    "technicalArticleNumber": "3833058",
    "commercialArticleNumber": "16225",
    "name": "Pure Fresh Blackmint 50st",
    "brand": "MENTOS PURE FRESH",
    "seoBrand": "Mentos",
    "thumbNail": "https://static.colruytgroup.com/images/200x200/std.lang.all/76/08/asset-1487608.jpg",
    "fullImage": "https://static.colruytgroup.com/images/500x500/std.lang.all/76/08/asset-1487608.jpg",
    "squareImage": "https://static.colruytgroup.com/images/500x500sq/std.lang.all/76/08/asset-1487608.jpg",
    "content": "100g",
    "walkRouteSequenceNumber": 18361,
    "price": {
      "basicPrice": 4.49,
      "recommendedQuantity": "1.0",
      "measurementUnitPrice": 0.09,
      "measurementUnit": "S",
      "isRedPrice": false,
      "pricePerUOM": 0.09,
      "activationDate": "17-02-2024",
      "recordSource": "Offline",
      "isPromoActive": "N",
      "priceChangeCode": "E"
    },
    "isAvailable": true,
    "isPriceAvailable": true,
    "inPromo": false,
    "gtin": [
      "00000080758976",
      "08723400819486"
    ],
    "topCategoryName": "Koeken/Chocolade/Snoep",
    "topCategoryId": "335",
    "businessDomain": "RETAIL_BE",
    "IsPrivateLabel": false,
    "IsBiffe": false,
    "WeightconversionFactor": "0",
    "IsWeightArticle": false,
    "nutriscoreLabel": "B",
    "IsBio": false,
    "CountryOfOrigin": "NEDERLAND",
    "IsExclusivelySoldInLuxembourg": false,
    "OrderUnit": "P",
    "ShortName": "MENT PF BLACKMINT 50S",
    "IsNew": false,
    "EcoscoreLabel": "C",
    "RecentQuanityOfStockUnits": "1",
    "LongName": "MENTOS PURE FRESH Pure Fresh Blackmint 50st 100g",
    "AlcoholVolume": "0",
    "FicCode": "E",
    "EcoscoreValue": "42"
  },
  {
    "productId": "896727",
    "technicalArticleNumber": "4756349",
    "commercialArticleNumber": "13975",
    "name": "Gum Pure Fresh Strawb. 70st",
    "description": "*Pure Fresh Strawberry",
    "brand": "MENTOS",
    "seoBrand": "Mentos",
    "thumbNail": "https://static.colruytgroup.com/images/200x200/std.lang.all/85/35/asset-3318535.jpg",
    "fullImage": "https://static.colruytgroup.com/images/500x500/std.lang.all/85/35/asset-3318535.jpg",
    "squareImage": "https://static.colruytgroup.com/images/500x500sq/std.lang.all/85/35/asset-3318535.jpg",
    "content": "140g",
    "walkRouteSequenceNumber": 18336,
    "price": {
      "basicPrice": 5.79,
      "recommendedQuantity": "1.0",
      "measurementUnitPrice": 0.083,
      "measurementUnit": "S",
      "isRedPrice": false,
      "pricePerUOM": 0.083,
      "activationDate": "17-02-2024",
      "recordSource": "Offline",
      "isPromoActive": "N",
      "priceChangeCode": "E"
    },
    "isAvailable": true,
    "isPriceAvailable": true,
    "inPromo": false,
    "gtin": [
      "08003440926192",
      "08003440926185"
    ],
    "topCategoryName": "Koeken/Chocolade/Snoep",
    "topCategoryId": "335",
    "businessDomain": "RETAIL_BE",
    "IsPrivateLabel": false,
    "IsBiffe": false,
    "WeightconversionFactor": "0",
    "IsWeightArticle": false,
    "nutriscoreLabel": "B",
    "IsBio": false,
    "CountryOfOrigin": "ITALIË",
    "IsExclusivelySoldInLuxembourg": false,
    "OrderUnit": "P",
    "ShortName": "MENT GUM PU.FR.STRAW.70",
    "IsNew": false,
    "EcoscoreLabel": "C",
    "RecentQuanityOfStockUnits": "1",
    "LongName": "MENTOS Gum Pure Fresh Strawb. 70st 140g",
    "AlcoholVolume": "0",
    "FicCode": "E",
    "EcoscoreValue": "42"
  },
  {
    "productId": "896710",
    "technicalArticleNumber": "4756325",
    "commercialArticleNumber": "13578",
    "name": "Gum White &Sweet Mint 70st",
    "description": "*White &Sweet Mint",
    "brand": "MENTOS",
    "seoBrand": "Mentos",
    "thumbNail": "https://static.colruytgroup.com/images/200x200/std.lang.all/85/33/asset-3318533.jpg",
    "fullImage": "https://static.colruytgroup.com/images/500x500/std.lang.all/85/33/asset-3318533.jpg",
    "squareImage": "https://static.colruytgroup.com/images/500x500sq/std.lang.all/85/33/asset-3318533.jpg",
    "content": "105g",
    "walkRouteSequenceNumber": 18364,
    "price": {
      "basicPrice": 4.99,
      "recommendedQuantity": "1.0",
      "measurementUnitPrice": 0.072,
      "measurementUnit": "S",
      "isRedPrice": false,
      "pricePerUOM": 0.072,
      "activationDate": "17-02-2024",
      "recordSource": "Offline",
      "isPromoActive": "N",
      "priceChangeCode": "E"
    },
    "isAvailable": true,
    "isPriceAvailable": true,
    "inPromo": false,
    "gtin": [
      "08723400824947",
      "00000080799924"
    ],
    "topCategoryName": "Koeken/Chocolade/Snoep",
    "topCategoryId": "335",
    "businessDomain": "RETAIL_BE",
    "IsPrivateLabel": false,
    "IsBiffe": false,
    "WeightconversionFactor": "0",
    "IsWeightArticle": false,
    "nutriscoreLabel": "B",
    "IsBio": false,
    "CountryOfOrigin": "ITALIË",
    "IsExclusivelySoldInLuxembourg": false,
    "OrderUnit": "P",
    "ShortName": "MENT GUM WHI&SW.MINT 70",
    "IsNew": false,
    "EcoscoreLabel": "C",
    "RecentQuanityOfStockUnits": "1",
    "LongName": "MENTOS Gum White &Sweet Mint 70st 105g",
    "AlcoholVolume": "0",
    "FicCode": "E",
    "EcoscoreValue": "42"
  },
  {
    "productId": "861091",
    "technicalArticleNumber": "4712087",
    "commercialArticleNumber": "18344",
    "name": "Epic Sour Mix",
    "brand": "NOM NOM CANDY",
    "seoBrand": "NOM NOM Candy",
    "thumbNail": "https://static.colruytgroup.com/images/200x200/std.lang.all/96/68/asset-3179668.jpg",
    "fullImage": "https://static.colruytgroup.com/images/500x500/std.lang.all/96/68/asset-3179668.jpg",
    "squareImage": "https://static.colruytgroup.com/images/500x500sq/std.lang.all/96/68/asset-3179668.jpg",
    "content": "400g",
    "walkRouteSequenceNumber": 1811,
    "price": {
      "basicPrice": 5.99,
      "recommendedQuantity": "1.0",
      "measurementUnitPrice": 14.98,
      "measurementUnit": "K",
      "isRedPrice": false,
      "pricePerUOM": 14.98,
      "activationDate": "20-09-2023",
      "isPromoActive": "N",
      "priceChangeCode": "L"
    },
    "isAvailable": true,
    "isPriceAvailable": true,
    "inPromo": false,
    "gtin": [
      "07423601627606",
      "07423616220281"
    ],
    "topCategoryName": "Koeken/Chocolade/Snoep",
    "topCategoryId": "335",
    "businessDomain": "RETAIL_BE",
    "IsPrivateLabel": false,
    "IsBiffe": false,
    "WeightconversionFactor": "0",
    "IsWeightArticle": false,
    "IsBio": false,
    "CountryOfOrigin": "SPANJE",
    "IsExclusivelySoldInLuxembourg": false,
    "OrderUnit": "P",
    "ShortName": "NONO EPIC SOUR MIX 400G",
    "InSeason": true,
    "IsNew": false,
    "RecentQuanityOfStockUnits": "1",
    "LongName": "NOM NOM CANDY Epic Sour Mix 400g",
    "StartSeasonDate": "14/09/2023",
    "FicCode": "E"
  },
  {
    "productId": "862514",
    "technicalArticleNumber": "4713869",
    "commercialArticleNumber": "31875",
    "name": "zure wormen halal",
    "brand": "FINI",
    "seoBrand": "Fini",
    "thumbNail": "https://ecgproductmw.colruytgroup.com/ecgproductmw/noPicForArticle_2.jpg",
    "fullImage": "https://ecgproductmw.colruytgroup.com/ecgproductmw/noPicForArticle_5.jpg",
    "squareImage": "https://ecgproductmw.colruytgroup.com/ecgproductmw/noPicForArticle_5.jpg",
    "content": "90g",
    "walkRouteSequenceNumber": 1633,
    "price": {
      "basicPrice": 1.29,
      "recommendedQuantity": "1.0",
      "measurementUnitPrice": 14.34,
      "measurementUnit": "K",
      "isRedPrice": false,
      "pricePerUOM": 14.34,
      "activationDate": "27-10-2023",
      "isPromoActive": "N",
      "priceChangeCode": "L"
    },
    "isAvailable": true,
    "isPriceAvailable": true,
    "inPromo": false,
    "gtin": [
      "68410525116713",
      "08410525116711"
    ],
    "topCategoryName": "Koeken/Chocolade/Snoep",
    "topCategoryId": "335",
    "businessDomain": "RETAIL_BE",
    "IsPrivateLabel": false,
    "IsBiffe": false,
    "WeightconversionFactor": "0",
    "IsWeightArticle": false,
    "IsBio": false,
    "CountryOfOrigin": "SPANJE",
    "IsExclusivelySoldInLuxembourg": false,
    "OrderUnit": "P",
    "ShortName": "FINI ZUR.WORMEN HALAL90",
    "IsNew": false,
    "EcoscoreLabel": "C",
    "RecentQuanityOfStockUnits": "1",
    "LongName": "FINI zure wormen halal 90g",
    "FicCode": "E",
    "EcoscoreValue": "42"
  },
  {
    "productId": "14623",
    "technicalArticleNumber": "1577467",
    "commercialArticleNumber": "41493",
    "name": "speltwafels bio ft",
    "description": "*Individueel verpakt",
    "brand": "BISCOVIT",
    "seoBrand": "Biscovit",
    "thumbNail": "https://static.colruytgroup.com/images/200x200/std.lang.all/05/97/asset-340597.jpg",
    "fullImage": "https://static.colruytgroup.com/images/500x500/std.lang.all/05/97/asset-340597.jpg",
    "squareImage": "https://static.colruytgroup.com/images/500x500sq/std.lang.all/05/97/asset-340597.jpg",
    "content": "150g",
    "walkRouteSequenceNumber": 2335,
    "price": {
      "basicPrice": 1.99,
      "recommendedQuantity": "1.0",
      "measurementUnitPrice": 13.27,
      "measurementUnit": "K",
      "isRedPrice": false,
      "pricePerUOM": 13.27,
      "activationDate": "22-04-2023",
      "isPromoActive": "N",
      "priceChangeCode": "H"
    },
    "isAvailable": true,
    "isPriceAvailable": true,
    "inPromo": false,
    "gtin": [
      "05425005482630",
      "05425005482753"
    ],
    "topCategoryName": "Koeken/Chocolade/Snoep",
    "topCategoryId": "335",
    "businessDomain": "RETAIL_BE",
    "IsPrivateLabel": false,
    "IsBiffe": false,
    "WeightconversionFactor": "0",
    "IsWeightArticle": false,
    "nutriscoreLabel": "E",
    "IsBio": true,
    "CountryOfOrigin": "BELGIË",
    "IsExclusivelySoldInLuxembourg": false,
    "OrderUnit": "P",
    "ShortName": "UB BIO BISC SPELTWAF150",
    "IsNew": false,
    "EcoscoreLabel": "A",
    "RecentQuanityOfStockUnits": "1",
    "LongName": "BISCOVIT speltwafels bio ft 150g",
    "AlcoholVolume": "0",
    "FicCode": "E",
    "EcoscoreValue": "100"
  },
  {
    "productId": "853898",
    "technicalArticleNumber": "4702576",
    "commercialArticleNumber": "31222",
    "name": "Lemon",
    "description": "*Kauwgom citroen\n*Suikervrij\n*Plastiek vrij\n*Vegan",
    "brand": "TRUE GUM",
    "seoBrand": "True Gum",
    "thumbNail": "https://static.colruytgroup.com/images/200x200/std.lang.all/06/92/asset-3120692.jpg",
    "fullImage": "https://static.colruytgroup.com/images/500x500/std.lang.all/06/92/asset-3120692.jpg",
    "squareImage": "https://static.colruytgroup.com/images/500x500sq/std.lang.all/06/92/asset-3120692.jpg",
    "content": "21g",
    "walkRouteSequenceNumber": 18388,
    "price": {
      "basicPrice": 1.79,
      "recommendedQuantity": "1.0",
      "measurementUnitPrice": 85.24,
      "measurementUnit": "K",
      "isRedPrice": false,
      "pricePerUOM": 85.24,
      "activationDate": "13-01-2023",
      "isPromoActive": "N",
      "priceChangeCode": "E"
    },
    "isAvailable": true,
    "isPriceAvailable": true,
    "inPromo": true,
    "promotion": [
      {
        "techPromoId": "100849COLR",
        "promotionId": "100849",
        "promotionType": "3",
        "isPersonalized": "N",
        "publicationStartDate": "13-03-2024",
        "publicationEndDate": "26-03-2024"
      }
    ],
    "gtin": [
      "05745000121045"
    ],
    "topCategoryName": "Koeken/Chocolade/Snoep",
    "topCategoryId": "335",
    "businessDomain": "RETAIL_BE",
    "IsPrivateLabel": false,
    "IsBiffe": false,
    "WeightconversionFactor": "0",
    "IsWeightArticle": false,
    "nutriscoreLabel": "B",
    "IsBio": false,
    "CountryOfOrigin": "DENEMARKEN",
    "IsExclusivelySoldInLuxembourg": false,
    "OrderUnit": "P",
    "ShortName": "TRGU LEMON 21G",
    "IsNew": false,
    "EcoscoreLabel": "C",
    "RecentQuanityOfStockUnits": "1",
    "LongName": "TRUE GUM Lemon 21g",
    "FicCode": "E",
    "EcoscoreValue": "42"
  },
  {
    "productId": "826156",
    "technicalArticleNumber": "4663280",
    "commercialArticleNumber": "29962",
    "name": "matinettes melk hazelnoot",
    "description": "*Belgische chocolade\n*Melkchocolade met\n*5% hazelnoten",
    "brand": "JACQUES",
    "seoBrand": "Jacques",
    "thumbNail": "https://static.colruytgroup.com/images/200x200/std.lang.all/30/97/asset-2943097.jpg",
    "fullImage": "https://static.colruytgroup.com/images/500x500/std.lang.all/30/97/asset-2943097.jpg",
    "squareImage": "https://static.colruytgroup.com/images/500x500sq/std.lang.all/30/97/asset-2943097.jpg",
    "content": "224g",
    "walkRouteSequenceNumber": 17889,
    "price": {
      "basicPrice": 7.68,
      "recommendedQuantity": "1.0",
      "measurementUnitPrice": 34.29,
      "measurementUnit": "K",
      "isRedPrice": false,
      "pricePerUOM": 34.29,
      "activationDate": "15-02-2024",
      "recordSource": "Offline",
      "isPromoActive": "N",
      "priceChangeCode": "H"
    },
    "isAvailable": true,
    "isPriceAvailable": true,
    "inPromo": false,
    "gtin": [
      "05410059759937",
      "05410059465142"
    ],
    "topCategoryName": "Koeken/Chocolade/Snoep",
    "topCategoryId": "335",
    "businessDomain": "RETAIL_BE",
    "IsPrivateLabel": false,
    "IsBiffe": false,
    "WeightconversionFactor": "0",
    "IsWeightArticle": false,
    "IsBio": false,
    "CountryOfOrigin": "DUITSLAND",
    "IsExclusivelySoldInLuxembourg": false,
    "OrderUnit": "P",
    "ShortName": "JACQ MATIN.ME.HAZEL.224",
    "IsNew": false,
    "RecentQuanityOfStockUnits": "1",
    "LongName": "JACQUES matinettes melk hazelnoot 224g",
    "FicCode": "E"
  },
  {
    "productId": "1561",
    "technicalArticleNumber": "20584",
    "commercialArticleNumber": "20584",
    "name": "Belgian Eclair",
    "brand": "TREFIN",
    "seoBrand": "Trefin",
    "thumbNail": "https://static.colruytgroup.com/images/200x200/std.lang.all/39/72/asset-1003972.jpg",
    "fullImage": "https://static.colruytgroup.com/images/500x500/std.lang.all/39/72/asset-1003972.jpg",
    "squareImage": "https://static.colruytgroup.com/images/500x500sq/std.lang.all/39/72/asset-1003972.jpg",
    "content": "450g",
    "walkRouteSequenceNumber": 2008,
    "price": {
      "basicPrice": 6.15,
      "recommendedQuantity": "1.0",
      "measurementUnitPrice": 13.67,
      "measurementUnit": "K",
      "isRedPrice": false,
      "pricePerUOM": 13.67,
      "activationDate": "13-03-2024",
      "recordSource": "Offline",
      "isPromoActive": "N",
      "priceChangeCode": "H"
    },
    "isAvailable": true,
    "isPriceAvailable": true,
    "inPromo": false,
    "gtin": [
      "05410381101473",
      "05410381001476"
    ],
    "topCategoryName": "Koeken/Chocolade/Snoep",
    "topCategoryId": "335",
    "businessDomain": "RETAIL_BE",
    "IsPrivateLabel": false,
    "IsBiffe": false,
    "WeightconversionFactor": "0",
    "IsWeightArticle": false,
    "nutriscoreLabel": "E",
    "IsBio": false,
    "CountryOfOrigin": "BELGIË",
    "IsExclusivelySoldInLuxembourg": false,
    "OrderUnit": "P",
    "ShortName": "TREFIN ECLAIR CACAO450G",
    "IsNew": false,
    "EcoscoreLabel": "A",
    "RecentQuanityOfStockUnits": "1,10",
    "LongName": "TREFIN Belgian Eclair 450g",
    "AlcoholVolume": "0",
    "FicCode": "E",
    "EcoscoreValue": "97"
  },
  {
    "productId": "896732",
    "technicalArticleNumber": "4756355",
    "commercialArticleNumber": "14014",
    "name": "Gum White Green Mint 70st",
    "description": "*White Green Mint",
    "brand": "MENTOS",
    "seoBrand": "Mentos",
    "thumbNail": "https://static.colruytgroup.com/images/200x200/std.lang.all/85/32/asset-3318532.jpg",
    "fullImage": "https://static.colruytgroup.com/images/500x500/std.lang.all/85/32/asset-3318532.jpg",
    "squareImage": "https://static.colruytgroup.com/images/500x500sq/std.lang.all/85/32/asset-3318532.jpg",
    "content": "105g",
    "walkRouteSequenceNumber": 18413,
    "price": {
      "basicPrice": 4.99,
      "recommendedQuantity": "1.0",
      "measurementUnitPrice": 0.072,
      "measurementUnit": "S",
      "isRedPrice": false,
      "pricePerUOM": 0.072,
      "activationDate": "17-02-2024",
      "recordSource": "Offline",
      "isPromoActive": "N",
      "priceChangeCode": "E"
    },
    "isAvailable": true,
    "isPriceAvailable": true,
    "inPromo": false,
    "gtin": [
      "08723400824930",
      "00000080799986"
    ],
    "topCategoryName": "Koeken/Chocolade/Snoep",
    "topCategoryId": "335",
    "businessDomain": "RETAIL_BE",
    "IsPrivateLabel": false,
    "IsBiffe": false,
    "WeightconversionFactor": "0",
    "IsWeightArticle": false,
    "nutriscoreLabel": "B",
    "IsBio": false,
    "CountryOfOrigin": "ITALIË",
    "IsExclusivelySoldInLuxembourg": false,
    "OrderUnit": "P",
    "ShortName": "MENT GUM WHI.GR.MINT.70",
    "IsNew": false,
    "EcoscoreLabel": "C",
    "RecentQuanityOfStockUnits": "1",
    "LongName": "MENTOS Gum White Green Mint 70st 105g",
    "AlcoholVolume": "0",
    "FicCode": "E",
    "EcoscoreValue": "42"
  },
  {
    "productId": "598896",
    "technicalArticleNumber": "4263219",
    "commercialArticleNumber": "12062",
    "name": "tropical",
    "brand": "SKITTLES",
    "seoBrand": "Skittles",
    "thumbNail": "https://static.colruytgroup.com/images/200x200/std.lang.all/37/28/asset-2083728.jpg",
    "fullImage": "https://static.colruytgroup.com/images/500x500/std.lang.all/37/28/asset-2083728.jpg",
    "squareImage": "https://static.colruytgroup.com/images/500x500sq/std.lang.all/37/28/asset-2083728.jpg",
    "content": "174g",
    "walkRouteSequenceNumber": 18402,
    "price": {
      "basicPrice": 1.99,
      "recommendedQuantity": "1.0",
      "measurementUnitPrice": 11.44,
      "measurementUnit": "K",
      "isRedPrice": false,
      "pricePerUOM": 11.44,
      "activationDate": "20-02-2024",
      "isPromoActive": "N",
      "priceChangeCode": "L"
    },
    "isAvailable": true,
    "isPriceAvailable": true,
    "inPromo": false,
    "gtin": [
      "04009900504805",
      "04009900504812"
    ],
    "topCategoryName": "Koeken/Chocolade/Snoep",
    "topCategoryId": "335",
    "businessDomain": "RETAIL_BE",
    "IsPrivateLabel": false,
    "IsBiffe": false,
    "WeightconversionFactor": "0",
    "IsWeightArticle": false,
    "nutriscoreLabel": "E",
    "IsBio": false,
    "CountryOfOrigin": "TSJECHIË (REPUBLIEK)",
    "IsExclusivelySoldInLuxembourg": false,
    "OrderUnit": "P",
    "ShortName": "SKIT TROPICAL 174G",
    "InSeason": true,
    "IsNew": false,
    "EcoscoreLabel": "C",
    "RecentQuanityOfStockUnits": "1,14",
    "LongName": "SKITTLES tropical 174g",
    "StartSeasonDate": "16/02/2024",
    "FicCode": "E",
    "EcoscoreValue": "56"
  },
  {
    "productId": "868696",
    "technicalArticleNumber": "4721971",
    "commercialArticleNumber": "16716",
    "name": "Amandelen en chocolade",
    "description": "*Met melkchocolade",
    "brand": "SWEET SWITCH",
    "seoBrand": "Sweet-Switch",
    "thumbNail": "https://static.colruytgroup.com/images/200x200/std.lang.all/47/16/asset-3194716.jpg",
    "fullImage": "https://static.colruytgroup.com/images/500x500/std.lang.all/47/16/asset-3194716.jpg",
    "squareImage": "https://static.colruytgroup.com/images/500x500sq/std.lang.all/47/16/asset-3194716.jpg",
    "content": "100g",
    "walkRouteSequenceNumber": 1621,
    "price": {
      "basicPrice": 3.49,
      "recommendedQuantity": "1.0",
      "measurementUnitPrice": 34.9,
      "measurementUnit": "K",
      "isRedPrice": false,
      "pricePerUOM": 34.9,
      "activationDate": "17-02-2024",
      "isPromoActive": "N",
      "priceChangeCode": "E"
    },
    "isAvailable": true,
    "isPriceAvailable": true,
    "inPromo": false,
    "gtin": [
      "05425032431410",
      "05425032431403"
    ],
    "topCategoryName": "Koeken/Chocolade/Snoep",
    "topCategoryId": "335",
    "businessDomain": "RETAIL_BE",
    "IsPrivateLabel": false,
    "IsBiffe": false,
    "WeightconversionFactor": "0",
    "IsWeightArticle": false,
    "nutriscoreLabel": "D",
    "IsBio": false,
    "CountryOfOrigin": "BELGIË",
    "IsExclusivelySoldInLuxembourg": false,
    "OrderUnit": "P",
    "ShortName": "SWSW AMANDEL.CHOC.100G",
    "IsNew": false,
    "EcoscoreLabel": "E",
    "RecentQuanityOfStockUnits": "1",
    "LongName": "SWEET SWITCH Amandelen en chocolade 100g",
    "FicCode": "E",
    "EcoscoreValue": "19"
  },
  {
    "productId": "855770",
    "technicalArticleNumber": "4704894",
    "commercialArticleNumber": "31346",
    "name": "Goldmark assortiment choco.",
    "description": "*Assortiment gevulde\nchocolade",
    "brand": "GODIVA",
    "seoBrand": "Godiva",
    "thumbNail": "https://static.colruytgroup.com/images/200x200/std.lang.all/28/07/asset-3172807.jpg",
    "fullImage": "https://static.colruytgroup.com/images/500x500/std.lang.all/28/07/asset-3172807.jpg",
    "squareImage": "https://static.colruytgroup.com/images/500x500sq/std.lang.all/28/07/asset-3172807.jpg",
    "content": "215g",
    "walkRouteSequenceNumber": 1775,
    "price": {
      "basicPrice": 12.99,
      "recommendedQuantity": "1.0",
      "measurementUnitPrice": 60.42,
      "measurementUnit": "K",
      "isRedPrice": false,
      "pricePerUOM": 60.42,
      "activationDate": "16-02-2024",
      "recordSource": "Offline",
      "isPromoActive": "N",
      "priceChangeCode": "E"
    },
    "isAvailable": true,
    "isPriceAvailable": true,
    "inPromo": false,
    "gtin": [
      "05000168210285",
      "05000168210278"
    ],
    "topCategoryName": "Koeken/Chocolade/Snoep",
    "topCategoryId": "335",
    "businessDomain": "RETAIL_BE",
    "IsPrivateLabel": false,
    "IsBiffe": false,
    "WeightconversionFactor": "0",
    "IsWeightArticle": false,
    "nutriscoreLabel": "E",
    "IsBio": false,
    "CountryOfOrigin": "TURKIJE",
    "IsExclusivelySoldInLuxembourg": false,
    "OrderUnit": "P",
    "ShortName": "GODI GOLDMARK ASSORT215",
    "IsNew": false,
    "EcoscoreLabel": "E",
    "RecentQuanityOfStockUnits": "1",
    "LongName": "GODIVA Goldmark assortiment choco. 215g",
    "FicCode": "E",
    "EcoscoreValue": "15"
  },
  {
    "productId": "784900",
    "technicalArticleNumber": "4584930",
    "commercialArticleNumber": "13156",
    "name": "pokemon fizz",
    "brand": "LUTTI",
    "seoBrand": "Lutti",
    "thumbNail": "https://static.colruytgroup.com/images/200x200/std.lang.all/69/92/asset-2776992.jpg",
    "fullImage": "https://static.colruytgroup.com/images/500x500/std.lang.all/69/92/asset-2776992.jpg",
    "squareImage": "https://static.colruytgroup.com/images/500x500sq/std.lang.all/69/92/asset-2776992.jpg",
    "content": "180g",
    "walkRouteSequenceNumber": 1941,
    "price": {
      "basicPrice": 3.39,
      "recommendedQuantity": "1.0",
      "measurementUnitPrice": 18.84,
      "measurementUnit": "K",
      "isRedPrice": false,
      "pricePerUOM": 18.84,
      "activationDate": "01-03-2024",
      "recordSource": "Offline",
      "isPromoActive": "N",
      "priceChangeCode": "E"
    },
    "isAvailable": true,
    "isPriceAvailable": true,
    "inPromo": false,
    "gtin": [
      "03116740037361",
      "03116742067014"
    ],
    "topCategoryName": "Koeken/Chocolade/Snoep",
    "topCategoryId": "335",
    "businessDomain": "RETAIL_BE",
    "IsPrivateLabel": false,
    "IsBiffe": false,
    "WeightconversionFactor": "0",
    "IsWeightArticle": false,
    "nutriscoreLabel": "E",
    "IsBio": false,
    "CountryOfOrigin": "FRANKRIJK",
    "IsExclusivelySoldInLuxembourg": false,
    "OrderUnit": "P",
    "ShortName": "LUTT POKEMON FIZZ 180G",
    "IsNew": false,
    "EcoscoreLabel": "B",
    "RecentQuanityOfStockUnits": "1",
    "LongName": "LUTTI pokemon fizz 180g",
    "FicCode": "E",
    "EcoscoreValue": "69"
  },
  {
    "productId": "1021289",
    "technicalArticleNumber": "4790148",
    "commercialArticleNumber": "26228",
    "name": "Ultimate Berry",
    "description": "*Ultimate berry",
    "brand": "JORDANS",
    "seoBrand": "Jordans",
    "thumbNail": "https://static.colruytgroup.com/images/200x200/std.lang.all/99/09/asset-3449909.jpg",
    "fullImage": "https://static.colruytgroup.com/images/500x500/std.lang.all/99/09/asset-3449909.jpg",
    "squareImage": "https://static.colruytgroup.com/images/500x500sq/std.lang.all/99/09/asset-3449909.jpg",
    "content": "325g",
    "walkRouteSequenceNumber": 17490,
    "price": {
      "basicPrice": 4.99,
      "recommendedQuantity": "1.0",
      "measurementUnitPrice": 15.36,
      "measurementUnit": "K",
      "isRedPrice": false,
      "pricePerUOM": 15.36,
      "activationDate": "17-02-2024",
      "isPromoActive": "N",
      "priceChangeCode": "E"
    },
    "isAvailable": true,
    "isPriceAvailable": true,
    "inPromo": false,
    "gtin": [
      "05010477364739"
    ],
    "topCategoryName": "Brood/Ontbijt",
    "topCategoryId": "124",
    "businessDomain": "RETAIL_BE",
    "IsPrivateLabel": false,
    "IsBiffe": false,
    "WeightconversionFactor": "0",
    "IsWeightArticle": false,
    "IsBio": false,
    "CountryOfOrigin": "VERENIGD KONINKRIJK",
    "IsExclusivelySoldInLuxembourg": false,
    "OrderUnit": "P",
    "ShortName": "JORD GRAN.ULTI.BERRY325",
    "IsNew": true,
    "RecentQuanityOfStockUnits": "1",
    "LongName": "JORDANS Ultimate Berry 325g",
    "FicCode": "N"
  },
  {
    "productId": "871161",
    "technicalArticleNumber": "4725202",
    "commercialArticleNumber": "8430",
    "name": "Fruit Drops Citrus Mix",
    "brand": "FRUIT-TELLA",
    "seoBrand": "Fruit-tella",
    "thumbNail": "https://static.colruytgroup.com/images/200x200/std.lang.all/05/74/asset-3240574.jpg",
    "fullImage": "https://static.colruytgroup.com/images/500x500/std.lang.all/05/74/asset-3240574.jpg",
    "squareImage": "https://static.colruytgroup.com/images/500x500sq/std.lang.all/05/74/asset-3240574.jpg",
    "content": "45g",
    "walkRouteSequenceNumber": 1991,
    "price": {
      "basicPrice": 2.21,
      "recommendedQuantity": "1.0",
      "measurementUnitPrice": 49.12,
      "measurementUnit": "K",
      "isRedPrice": false,
      "pricePerUOM": 49.12,
      "activationDate": "06-03-2024",
      "recordSource": "Offline",
      "isPromoActive": "N",
      "priceChangeCode": "L"
    },
    "isAvailable": true,
    "isPriceAvailable": true,
    "inPromo": false,
    "gtin": [
      "08003440925751",
      "00000080916420"
    ],
    "topCategoryName": "Koeken/Chocolade/Snoep",
    "topCategoryId": "335",
    "businessDomain": "RETAIL_BE",
    "IsPrivateLabel": false,
    "IsBiffe": false,
    "WeightconversionFactor": "0",
    "IsWeightArticle": false,
    "nutriscoreLabel": "C",
    "IsBio": false,
    "CountryOfOrigin": "ITALIË",
    "IsExclusivelySoldInLuxembourg": false,
    "OrderUnit": "P",
    "ShortName": "FRUI DROPS CITRUS MIX45",
    "IsNew": false,
    "EcoscoreLabel": "C",
    "RecentQuanityOfStockUnits": "1",
    "LongName": "FRUIT-TELLA Fruit Drops Citrus Mix 45g",
    "AlcoholVolume": "0",
    "FicCode": "E",
    "EcoscoreValue": "42"
  },
  {
    "productId": "61830",
    "technicalArticleNumber": "2776234",
    "commercialArticleNumber": "17072",
    "name": "dispenser fruit assortiment",
    "brand": "PEZ",
    "seoBrand": "Pez",
    "thumbNail": "https://static.colruytgroup.com/images/200x200/std.lang.all/00/63/asset-1200063.jpg",
    "fullImage": "https://static.colruytgroup.com/images/500x500/std.lang.all/00/63/asset-1200063.jpg",
    "squareImage": "https://static.colruytgroup.com/images/500x500sq/std.lang.all/00/63/asset-1200063.jpg",
    "content": "4st",
    "walkRouteSequenceNumber": 1999,
    "price": {
      "basicPrice": 2.99,
      "recommendedQuantity": "1.0",
      "measurementUnitPrice": 2.99,
      "measurementUnit": "S",
      "isRedPrice": false,
      "pricePerUOM": 2.99,
      "activationDate": "13-03-2024",
      "recordSource": "Offline",
      "isPromoActive": "N",
      "priceChangeCode": "E"
    },
    "isAvailable": true,
    "isPriceAvailable": true,
    "inPromo": false,
    "gtin": [
      "09044400841246",
      "09044400841000"
    ],
    "topCategoryName": "Koeken/Chocolade/Snoep",
    "topCategoryId": "335",
    "businessDomain": "RETAIL_BE",
    "IsPrivateLabel": false,
    "IsBiffe": false,
    "WeightconversionFactor": "0",
    "IsWeightArticle": false,
    "nutriscoreLabel": "E",
    "IsBio": false,
    "CountryOfOrigin": "HONGARIJE",
    "IsExclusivelySoldInLuxembourg": false,
    "OrderUnit": "P",
    "ShortName": "PEZ DISPENSER FRUIT 4ST",
    "InSeason": true,
    "IsNew": false,
    "EcoscoreLabel": "C",
    "RecentQuanityOfStockUnits": "1",
    "LongName": "PEZ dispenser fruit assortiment 4st",
    "AlcoholVolume": "0",
    "StartSeasonDate": "26/01/2016",
    "FicCode": "E",
    "EcoscoreValue": "45"
  },
  {
    "productId": "1045283",
    "technicalArticleNumber": "4798091",
    "commercialArticleNumber": "4462",
    "name": "Fresh Mint",
    "brand": "MENTOS PURE FRESH",
    "seoBrand": "Mentos Pure Fresh",
    "thumbNail": "https://ecgproductmw.colruytgroup.com/ecgproductmw/noPicForArticle_2.jpg",
    "fullImage": "https://ecgproductmw.colruytgroup.com/ecgproductmw/noPicForArticle_5.jpg",
    "squareImage": "https://ecgproductmw.colruytgroup.com/ecgproductmw/noPicForArticle_5.jpg",
    "content": "70st",
    "walkRouteSequenceNumber": 18331,
    "price": {
      "basicPrice": 5.99,
      "recommendedQuantity": "1.0",
      "measurementUnitPrice": 0.086,
      "measurementUnit": "S",
      "isRedPrice": false,
      "pricePerUOM": 0.086,
      "activationDate": "29-02-2024",
      "recordSource": "Offline",
      "isPromoActive": "N",
      "priceChangeCode": "L"
    },
    "isAvailable": true,
    "isPriceAvailable": true,
    "inPromo": false,
    "gtin": [
      "08003440926161",
      "08003440926154"
    ],
    "topCategoryName": "Koeken/Chocolade/Snoep",
    "topCategoryId": "335",
    "businessDomain": "RETAIL_BE",
    "IsPrivateLabel": false,
    "IsBiffe": false,
    "WeightconversionFactor": "0",
    "IsWeightArticle": false,
    "nutriscoreLabel": "B",
    "IsBio": false,
    "CountryOfOrigin": "BELGIË",
    "IsExclusivelySoldInLuxembourg": false,
    "OrderUnit": "P",
    "ShortName": "MENT PURE FR.MINT 70ST",
    "IsNew": true,
    "EcoscoreLabel": "C",
    "RecentQuanityOfStockUnits": "1",
    "LongName": "MENTOS PURE FRESH Fresh Mint 70st",
    "FicCode": "E",
    "EcoscoreValue": "42"
  },
  {
    "productId": "80918",
    "technicalArticleNumber": "2889188",
    "commercialArticleNumber": "4163",
    "name": "Specul. Choc.Chips bio ft",
    "brand": "VERMEIREN",
    "seoBrand": "Vermeiren",
    "thumbNail": "https://static.colruytgroup.com/images/200x200/std.lang.all/66/87/asset-1166687.jpg",
    "fullImage": "https://static.colruytgroup.com/images/500x500/std.lang.all/66/87/asset-1166687.jpg",
    "squareImage": "https://static.colruytgroup.com/images/500x500sq/std.lang.all/66/87/asset-1166687.jpg",
    "content": "125g",
    "walkRouteSequenceNumber": 2134,
    "price": {
      "basicPrice": 1.85,
      "recommendedQuantity": "1.0",
      "measurementUnitPrice": 14.8,
      "measurementUnit": "K",
      "isRedPrice": false,
      "pricePerUOM": 14.8,
      "activationDate": "16-03-2024",
      "isPromoActive": "N",
      "priceChangeCode": "H"
    },
    "isAvailable": true,
    "isPriceAvailable": true,
    "inPromo": false,
    "gtin": [
      "05411128375010",
      "05411128280017",
      "05411128285012"
    ],
    "topCategoryName": "Koeken/Chocolade/Snoep",
    "topCategoryId": "335",
    "businessDomain": "RETAIL_BE",
    "IsPrivateLabel": false,
    "IsBiffe": false,
    "WeightconversionFactor": "0",
    "IsWeightArticle": false,
    "nutriscoreLabel": "E",
    "IsBio": true,
    "CountryOfOrigin": "BELGIË",
    "IsExclusivelySoldInLuxembourg": false,
    "OrderUnit": "P",
    "ShortName": "UB BIO VERM SPEC.CHO125",
    "IsNew": false,
    "EcoscoreLabel": "B",
    "RecentQuanityOfStockUnits": "1",
    "LongName": "VERMEIREN Specul. Choc.Chips bio ft 125g",
    "AlcoholVolume": "0",
    "FicCode": "E",
    "EcoscoreValue": "73"
  },
  {
    "productId": "1021290",
    "technicalArticleNumber": "4790149",
    "commercialArticleNumber": "26513",
    "name": "Ultimate Honey",
    "description": "*Ultimate honey",
    "brand": "JORDANS",
    "seoBrand": "Jordans",
    "thumbNail": "https://static.colruytgroup.com/images/200x200/std.lang.all/99/10/asset-3449910.jpg",
    "fullImage": "https://static.colruytgroup.com/images/500x500/std.lang.all/99/10/asset-3449910.jpg",
    "squareImage": "https://static.colruytgroup.com/images/500x500sq/std.lang.all/99/10/asset-3449910.jpg",
    "content": "325g",
    "walkRouteSequenceNumber": 17489,
    "price": {
      "basicPrice": 4.99,
      "recommendedQuantity": "1.0",
      "measurementUnitPrice": 15.36,
      "measurementUnit": "K",
      "isRedPrice": false,
      "pricePerUOM": 15.36,
      "activationDate": "17-02-2024",
      "isPromoActive": "N",
      "priceChangeCode": "E"
    },
    "isAvailable": true,
    "isPriceAvailable": true,
    "inPromo": false,
    "gtin": [
      "05010477364715"
    ],
    "topCategoryName": "Brood/Ontbijt",
    "topCategoryId": "124",
    "businessDomain": "RETAIL_BE",
    "IsPrivateLabel": false,
    "IsBiffe": false,
    "WeightconversionFactor": "0",
    "IsWeightArticle": false,
    "IsBio": false,
    "CountryOfOrigin": "VERENIGD KONINKRIJK",
    "IsExclusivelySoldInLuxembourg": false,
    "OrderUnit": "P",
    "ShortName": "JORD GRAN.ULTI.HONEY325",
    "IsNew": true,
    "RecentQuanityOfStockUnits": "1",
    "LongName": "JORDANS Ultimate Honey 325g",
    "FicCode": "N"
  },
  {
    "productId": "319963",
    "technicalArticleNumber": "3687825",
    "commercialArticleNumber": "14630",
    "name": "munt",
    "description": "Zakjes van 295 g gommen met suiker\nop basis van munt.",
    "brand": "MENTOS",
    "seoBrand": "Mentos",
    "thumbNail": "https://static.colruytgroup.com/images/200x200/std.lang.all/87/30/asset-1228730.jpg",
    "fullImage": "https://static.colruytgroup.com/images/500x500/std.lang.all/87/30/asset-1228730.jpg",
    "squareImage": "https://static.colruytgroup.com/images/500x500sq/std.lang.all/87/30/asset-1228730.jpg",
    "content": "300g",
    "walkRouteSequenceNumber": 18403,
    "price": {
      "basicPrice": 3.99,
      "recommendedQuantity": "1.0",
      "measurementUnitPrice": 13.3,
      "measurementUnit": "K",
      "isRedPrice": false,
      "pricePerUOM": 13.3,
      "activationDate": "05-03-2024",
      "recordSource": "Offline",
      "isPromoActive": "N",
      "priceChangeCode": "L"
    },
    "isAvailable": true,
    "isPriceAvailable": true,
    "inPromo": false,
    "gtin": [
      "08723400779766",
      "08723400779759"
    ],
    "topCategoryName": "Koeken/Chocolade/Snoep",
    "topCategoryId": "335",
    "businessDomain": "RETAIL_BE",
    "IsPrivateLabel": false,
    "IsBiffe": false,
    "WeightconversionFactor": "0",
    "IsWeightArticle": false,
    "nutriscoreLabel": "E",
    "IsBio": false,
    "CountryOfOrigin": "NEDERLAND",
    "IsExclusivelySoldInLuxembourg": false,
    "OrderUnit": "P",
    "ShortName": "MENT MENTOS MINT 300G",
    "IsNew": false,
    "EcoscoreLabel": "B",
    "RecentQuanityOfStockUnits": "1",
    "LongName": "MENTOS munt 300g",
    "AlcoholVolume": "0",
    "FicCode": "E",
    "EcoscoreValue": "66"
  },
  {
    "productId": "134648",
    "technicalArticleNumber": "3165091",
    "commercialArticleNumber": "37606",
    "name": "snoep in emmer",
    "brand": "KATHY",
    "seoBrand": "Kathy",
    "thumbNail": "https://static.colruytgroup.com/images/200x200/std.lang.all/33/92/asset-383392.jpg",
    "fullImage": "https://static.colruytgroup.com/images/500x500/std.lang.all/33/92/asset-383392.jpg",
    "squareImage": "https://static.colruytgroup.com/images/500x500sq/std.lang.all/33/92/asset-383392.jpg",
    "content": "1kg",
    "walkRouteSequenceNumber": 4554,
    "price": {
      "basicPrice": 7.99,
      "recommendedQuantity": "1.0",
      "measurementUnitPrice": 7.99,
      "measurementUnit": "K",
      "isRedPrice": false,
      "pricePerUOM": 7.99,
      "activationDate": "04-03-2023",
      "isPromoActive": "N",
      "priceChangeCode": "H"
    },
    "isAvailable": true,
    "isPriceAvailable": true,
    "inPromo": false,
    "gtin": [
      "05410346102248",
      "05410346102255"
    ],
    "topCategoryName": "Koeken/Chocolade/Snoep",
    "topCategoryId": "335",
    "businessDomain": "RETAIL_BE",
    "IsPrivateLabel": false,
    "IsBiffe": false,
    "WeightconversionFactor": "0",
    "IsWeightArticle": false,
    "nutriscoreLabel": "E",
    "IsBio": false,
    "CountryOfOrigin": "NEDERLAND",
    "IsExclusivelySoldInLuxembourg": false,
    "OrderUnit": "P",
    "ShortName": "KATHY EMMERSNOEP 1KG",
    "InSeason": true,
    "IsNew": false,
    "EcoscoreLabel": "C",
    "RecentQuanityOfStockUnits": "1",
    "LongName": "KATHY snoep in emmer 1kg",
    "AlcoholVolume": "0",
    "StartSeasonDate": "16/02/2024",
    "FicCode": "E",
    "EcoscoreValue": "42"
  },
  {
    "productId": "52822",
    "technicalArticleNumber": "2394830",
    "commercialArticleNumber": "9706",
    "name": "gevulde koeken vanille",
    "brand": "EVERYDAY",
    "seoBrand": "Everyday",
    "thumbNail": "https://static.colruytgroup.com/images/200x200/std.lang.all/81/56/asset-2298156.jpg",
    "fullImage": "https://static.colruytgroup.com/images/500x500/std.lang.all/81/56/asset-2298156.jpg",
    "squareImage": "https://static.colruytgroup.com/images/500x500sq/std.lang.all/81/56/asset-2298156.jpg",
    "content": "500g",
    "walkRouteSequenceNumber": 2283,
    "price": {
      "basicPrice": 1.48,
      "recommendedQuantity": "1.0",
      "measurementUnitPrice": 2.96,
      "measurementUnit": "K",
      "isRedPrice": false,
      "pricePerUOM": 2.96,
      "activationDate": "14-11-2023",
      "recordSource": "Online",
      "isPromoActive": "N",
      "priceChangeCode": "H"
    },
    "isAvailable": true,
    "isPriceAvailable": true,
    "inPromo": false,
    "gtin": [
      "05400141335521",
      "05400141277661",
      "05400141191837",
      "15400141335528",
      "15400141760481",
      "05400141760484",
      "05400141427080"
    ],
    "topCategoryName": "Koeken/Chocolade/Snoep",
    "topCategoryId": "335",
    "businessDomain": "RETAIL_BE",
    "IsPrivateLabel": true,
    "IsBiffe": false,
    "WeightconversionFactor": "0",
    "IsWeightArticle": false,
    "nutriscoreLabel": "E",
    "IsBio": false,
    "CountryOfOrigin": "NEDERLAND",
    "IsExclusivelySoldInLuxembourg": false,
    "OrderUnit": "P",
    "ShortName": "EVD FOURRES VANILLE 500",
    "IsNew": false,
    "EcoscoreLabel": "C",
    "RecentQuanityOfStockUnits": "1",
    "LongName": "EVERYDAY gevulde koeken vanille 500g",
    "AlcoholVolume": "0",
    "FicCode": "I",
    "EcoscoreValue": "49"
  }
]